1600 2704
142 146 272 184 52122
577 139 634 176 M.
666 139 833 177 TVLLI
865 139 1172 178 CICERONIS

133 261 190 283 122
267 252 352 289 Iam
387 235 488 297 vero,
522 250 685 299 iudices,
721 250 751 289 si
784 250 1004 289 Siculorum
1044 251 1218 289 fortunas
1258 251 1472 302 neglegitis,
1509 252 1540 292 si

211 327 329 364 quem
368 316 419 353 ad
459 315 622 353 modurn
662 314 758 353 socii
797 314 931 365 populi
973 314 1144 352 Romani
1182 328 1205 353 a
1253 315 1541 365 magistratibus

212 380 352 419 nostris
384 387 595 418 tractentur
626 393 706 418 non
736 380 933 427 laboratis,
954 387 993 418 at
1023 393 1091 418 vos
1121 393 1375 419 communem
1406 381 1540 431 populi

213 444 385 484 Romani
417 457 575 483 causam
617 444 803 494 suscipite
845 452 963 494 atque
997 444 1209 483 defendite.
1271 444 1429 483 Eiectos
1463 458 1542 483 ara-

212 517 313 549 tores
343 523 428 549 esse
455 509 556 555 dico,
579 522 690 559 agros
719 509 916 559 vectigalis
944 517 1102 547 vexatos
1129 517 1247 559 atque
1277 509 1496 548 exinanitos
1520 522 1542 547 a
1563 521 1581 552 5

210 576 343 621 Verre,
376 575 604 624 populatam
645 581 914 623 vastatamque
956 574 1220 623 provinciam:
1271 576 1368 613 haec
1409 574 1543 612 onmia

212 640 340 677 doceo
376 637 512 676 litteris
551 637 764 683 civitatum,
802 638 971 676 ostendo
1011 638 1243 676 testimoniis
1291 647 1328 677 et
1374 638 1542 689 publicis

212 702 576 742 honestissimarum
598 701 799 740 civitatum
821 709 859 740 et
880 701 1037 751 privatis
1066 702 1337 751 primariorum
1358 703 1539 740 virorum.

143 770 192 809 53
213 766 322 816 Quid
342 766 458 805 vultis
478 765 676 816 amplius?
726 767 833 804 Num
856 765 1087 816 exspectatis
1109 767 1204 804 dum
1227 767 1270 804 L.
1295 768 1491 812 Metellus,
1511 766 1542 804 is

212 831 279 881 qui
311 832 455 870 multos
489 831 530 868 in
562 830 680 869 istum
712 830 820 869 testis
853 830 1018 881 imperio
1047 838 1085 868 et
1114 837 1307 880 potestate
1341 831 1538 877 deterruit,
1566 844 1600 865 10

213 896 318 935 idem
349 896 492 934 absens
527 897 578 934 de
610 895 720 934 istius
761 897 919 943 scelere,
950 895 1212 945 improbitate,
1244 895 1410 934 audacia
1441 896 1543 935 testi-

215 960 392 1000 monium
417 961 555 1000 dicat?
613 962 706 999 Non
737 960 887 1010 opinor.
948 961 1002 998 At
1027 959 1057 997 is
1083 960 1231 1010 optime
1259 960 1326 1010 qui
1357 960 1543 999 successit

215 1026 277 1065 isti
306 1026 433 1076 potuit
462 1038 711 1075 cognoscere.
774 1027 835 1063 Ita
855 1032 912 1063 est
930 1039 940 1072 ,·
969 1038 1103 1063 verum
1127 1024 1299 1063 amicitia
1319 1024 1542 1076 impeditur.

216 1094 270 1130 At
290 1091 410 1130 debet
431 1104 499 1130 vos
516 1091 698 1129 certiores
720 1092 846 1129 facere
868 1103 947 1140 quo
968 1097 1085 1140 pacto
1105 1103 1146 1128 se
1167 1090 1310 1128 habeat
1331 1089 1540 1140 provincia.

136 1167 198 1199 123
219 1157 373 1204 Debet,-
403 1169 538 1194 verum
567 1163 700 1194 tamen
731 1168 811 1194 non
841 1155 1001 1204 cogitur.
1063 1156 1170 1193 Num
1200 1154 1287 1205 quis
1317 1154 1358 1193 in
1381 1157 1544 1194 Verrem
1567 1167 1600 1201 15

218 1221 264 1259 L.
288 1220 440 1259 Metelli
468 1219 737 1258 testimonium
770 1219 961 1269 requirit?
1020 1220 1160 1258 Nemo.
1234 1220 1343 1257 Num
1367 1219 1454 1269 quis
1478 1233 1545 1270 po-

216 1286 362 1323 stulat?
419 1286 511 1323 Non
546 1284 695 1334 opinor.
757 1283 895 1332 Quid?
924 1283 955 1321 si
991 1282 1217 1322 testimonio
1248 1284 1290 1321 L.
1316 1283 1468 1322 Metelli
1499 1297 1545 1322 ac

216 1349 351 1389 litteris
381 1350 478 1388 haec
507 1348 641 1387 omnia
669 1361 759 1387 vera
788 1361 872 1387 esse
902 1348 1069 1394 docebo,
1092 1348 1188 1398 quid
1217 1347 1385 1387 dicetis?
1414 1356 1545 1387 utrum

217 1415 424 1453 Metellum
439 1415 579 1451 falsum
601 1412 769 1451 scribere
788 1426 839 1450 an
859 1412 1031 1450 amicum
1047 1412 1231 1451 laedendi
1244 1425 1328 1451 esse
1341 1412 1542 1463 cupidum,

215 1492 265 1517 an
282 1486 501 1529 praetorem
522 1491 641 1528 quem
662 1478 712 1516 ad
734 1478 898 1516 modum
919 1476 1119 1527 provincia
1132 1477 1289 1516 adflicta
1305 1477 1353 1515 sit
1366 1478 1545 1516 nescire?
1565 1490 1600 1514 20

217 1543 357 1582 Recita
388 1543 532 1581 litteras
559 1544 601 1580 L.
639 1542 802 1587 Metelli,
834 1555 931 1591 quas
960 1543 1011 1580 ad
1046 1542 1119 1582 Cn.
1152 1541 1387 1592 Pompeium
1417 1549 1455 1580 et
1485 1543 1541 1580 M.

216 1609 403 1648 Crassum
430 1609 622 1653 consules,
647 1620 743 1657 quas
765 1608 815 1645 ad
839 1609 894 1644 M.
920 1606 1162 1645 Mummium
1192 1614 1423 1657 praetorem,
1446 1620 1543 1657 quas

213 1674 265 1712 ad
304 1680 530 1723 quaestores
578 1673 749 1710 urbanos
799 1672 913 1710 misit.
993 1674 1197 1710 EPISTVLA
1246 1673 1289 1709 L.
1332 1673 1540 1710 METELL1.

218 1739 422 1776 DECVMAS
462 1748 678 1774 FRVMENTI
722 1748 828 1776 LEGE
879 1739 1127 1775 HIERONICA
1177 1747 1364 1773 VENmDr.
1440 1736 1544 1775 Cum

215 1801 349 1840 scribit
379 1814 420 1839 se
449 1802 533 1851 lege
564 1800 780 1843 Hieronica
810 1802 1044 1847 vendidisse,
1068 1801 1164 1851 quid
1194 1800 1356 1838 scribit?
1413 1802 1474 1838 Ita
1503 1813 1544 1838 se
1564 1796 1600 1844 κξέ

215 1866 441 1906 vendidisse
472 1873 514 1904 ut
541 1865 670 1904 omnis
693 1875 843 1918 praeter
864 1869 1036 1906 Verrem.
1098 1867 1201 1906 Cum
1233 1865 1366 1904 scribit
1389 1877 1430 1903 se
1459 1866 1544 1915 lege
1598 1861 1600 1876 ¹

216 1930 433 1970 Hieronica
462 1932 697 1979 vendidisse,
730 1932 826 1982 quid
856 1932 1021 1970 scribit?
1090 1932 1140 1970 Se
1169 1943 1237 1980 per
1265 1929 1384 1968 istum
1413 1936 1545 1979 erepta

215 1995 356 2035 Siculis
394 1996 586 2036 maiorum
625 1998 848 2037 nostrorum
888 1995 1089 2043 beneficia,
1126 1995 1185 2034 ius
1224 1994 1409 2044 ipsorum,
1449 2005 1543 2031 con-

99 2059 196 2111 (124)
215 2060 415 2100 dicionem
445 2062 653 2108 societatis,
683 2062 888 2108 amicitiae,
919 2062 1123 2100 foederum
1147 2059 1377 2099 reddidisse.
1437 2057 1544 2096 Dicit
1590 2099 1600 2106 ,Α

216 2126 353 2175 quanti
391 2126 582 2177 cuiusque
621 2127 700 2177 agri
735 2129 924 2186 decumas
962 2124 1181 2164 vendiderit
1198 2139 1207 2171 ;
1254 2123 1399 2163 deinde
1446 2122 1542 2173 quid
1562 2133 1594 2182 313

258 2230 280 2258 6
303 2235 534 2269 vastatamque
555 2230 585 2261 Ο
605 2242 611 2261 :
636 2234 859 2269 vexatamque
877 2228 941 2261 rell.
964 2228 1054 2268 (Div.
1077 2231 1113 2266 ἐξ
1133 2238 1163 2267 2,
1183 2228 1215 2267 7)
1344 2236 1361 2264 7
1386 2225 1513 2256 docebo
1529 2234 1545 2255 c
1586 2187 1596 2271 ,i

215 2273 391 2303 ostendam
408 2273 456 2304 cO
605 2275 643 2304 16
668 2273 805 2312 requirit
824 2273 854 2303 O
871 2284 878 2303 z
902 2273 1051 2312 requiret
1063 2277 1088 2312 p
1105 2271 1147 2302 al.
1291 2280 1330 2308 19
1355 2269 1390 2300 L.
1413 2267 1539 2299 Metell.
1586 2274 1590 2307 ς’

217 2314 248 2345 Ο
363 2325 405 2346 20
427 2316 550 2347 afflicta
567 2316 614 2347 cO
632 2328 638 2346 ε
661 2317 831 2364 αάἱεεϊᾳρ
848 2315 891 2347 al.
931 2359 936 2364 Ι
1007 2325 1048 2355 23
1072 2315 1219 2346 urbanos
1236 2313 1283 2345 cO
1300 2324 1305 2343 z
1331 2312 1457 2352 urbisp
1475 2311 1539 2342 rell.
1585 2310 1594 2370 ἶ

217 2358 418 2397 (utrumque,
438 2359 534 2398 credo,
554 2369 591 2389 ex
607 2360 677 2389 urb.
698 2371 704 2389 ι
728 2360 765 2397 ef.
786 2369 820 2388 vt
839 2358 910 2390 Cat.
929 2369 948 2390 1.
971 2362 985 2396 ξ
1005 2359 1061 2399 32)
1582 2372 1592 2407 ,l

1583 2407 1592 2425 ¹.

1583 2427 1587 2447 ι

1596 1891 1599 1942 ,ἱ

1593 1944 1597 1971 l

1592 1976 1600 2021 i
