1600 2704
94 92 363 135 ACTIONIS
395 98 457 137 IN
487 98 532 139 c.
555 100 798 142 VERREM
829 106 1130 150 SECVNDAE
1159 113 1264 152 LIB.
1289 114 1332 153 11
1390 128 1425 154 11
1447 88 1508 156 ,ε’

90 201 144 242 ita
183 204 359 246 vivamus
407 217 450 248 ut
492 210 684 251 rationem
727 216 972 257 reddendam
1016 221 1132 260 nobis
1179 224 1425 266 arbitremur.

87 267 264 308 Africani
299 279 358 311 est
391 274 478 322 hoc,
516 276 688 316 hominis
722 278 1175 324 liberalissimi—verum
1212 296 1345 328 tamen
1380 304 1425 330 ea

86 330 297 373 liberalitas
332 344 391 375 est
423 339 630 389 probanda
660 354 762 392 quae
796 344 880 384 sine
912 346 1086 396 periculo
1126 350 1424 393 existimationis

85 403 153 444 est,
191 405 234 437 ut
265 399 305 438 in
339 401 408 441 illo
439 403 535 441 fuit:
565 418 656 445 cum
691 408 741 447 ab
773 422 822 448 eo
857 410 1018 460 quidam
1054 422 1165 453 vetus
1201 418 1424 459 adsectator
1446 437 1485 469 ²9

44 473 62 506 5
83 467 122 498 et
152 474 199 500 ex
226 477 391 504 numero
416 467 634 509 amicorum
663 485 744 512 non
772 473 997 526 impetraret
1025 478 1082 516 uti
1110 493 1152 518 se
1177 484 1420 531 praefectum

81 524 123 562 in
161 526 336 567 Africam
371 531 546 582 duceret,
580 542 619 573 et
658 535 698 576 id
733 538 848 578 ferret
887 543 1067 591 moleste,
1102 546 1243 593 ‘Noli,'
1279 547 1417 599 inquit,

80 590 235 630 ‘mirari
261 592 293 631 si
328 601 370 633 tu
402 596 478 635 hoc
509 611 532 636 a
563 612 627 639 me
659 614 740 640 non
776 602 973 654 impetras.
1034 609 1121 659 Ego
1157 610 1232 649 iam
1265 613 1417 662 pridem

78 655 129 693 ab
160 668 208 694 eo
237 657 300 696 cui
330 672 460 699 meam
493 662 822 706 existimationem
857 682 986 708 caram
1017 673 1100 711 fore
1129 675 1295 714 arbitror
1323 687 1417 727 peto

77 726 120 757 ut
148 733 304 761 mecum
329 726 548 773 praefectus
580 730 859 780 proficiscatur,
885 742 923 772 et
950 736 1082 775 adhuc
1105 738 1312 789 impetrare
1332 756 1414 782 non

17 796 53 819 10
73 787 262 832 possum.'
321 789 479 828 Etenim
513 805 553 831 re
582 806 672 833 vera
706 798 832 835 multo
869 799 991 849 magis
1022 809 1079 840 est
1114 807 1332 853 petendum
1362 809 1414 846 ab

72 848 315 900 hominibus,
331 853 362 891 si
379 855 472 893 salvi
489 864 528 895 et
544 858 699 898 honesti
717 874 802 900 esse
819 864 1012 912 volumus,
1035 874 1077 905 ut
1093 876 1184 907 eant
1200 871 1408 911 nobiscum

71 912 110 950 in
136 915 389 966 provinciam,
415 933 534 970 quam
556 922 595 960 in
623 924 789 964 benefici
819 928 909 967 loco
935 931 1206 972 deferendum.
1268 937 1345 975 Sed
1369 946 1409 976 tu

69 990 161 1016 cum
187 987 225 1018 et
250 988 338 1021 tuos
358 984 507 1024 amicos
528 986 568 1024 in
594 989 836 1038 provinciam
863 993 972 1042 quasi
996 994 1034 1032 in
1062 999 1249 1046 praedam
1272 1000 1407 1040 invita-

70 1042 139 1080 bas
174 1052 212 1082 et
244 1058 334 1085 curn
368 1047 414 1088 iis
443 1062 489 1088 ac
514 1064 584 1100 per
612 1066 680 1092 eos
709 1056 951 1104 praedabare
980 1067 1018 1097 et
1049 1074 1116 1099 eos
1147 1062 1186 1100 in
1217 1065 1405 1106 contione

9 1122 45 1154 15
67 1108 194 1147 anulis
214 1111 340 1151 aureis
361 1114 548 1162 donabas,
573 1130 653 1156 non
675 1121 874 1160 statuebas
896 1122 965 1161 tibi
987 1137 1067 1163 non
1089 1128 1218 1166 solum
1241 1130 1291 1168 de
1313 1131 1399 1178 tuis,

66 1173 136 1211 sed
157 1173 274 1213 etiam
295 1177 346 1215 de
366 1177 519 1218 illorum
542 1182 653 1221 factis
676 1184 865 1224 rationem
888 1200 974 1226 esse
995 1191 1240 1231 reddendam
1257 1196 1273 1231 ?

118 1238 222 1277 Cum
242 1240 315 1280 hos
336 1242 410 1281 sibi
431 1253 616 1294 quaestus
638 1249 905 1290 constituisset
930 1266 1094 1304 magnos
1114 1265 1233 1308 atque
1255 1260 1396 1301 uberes
1417 1277 1460 1309 30

59 1314 107 1339 ex
127 1302 187 1340 his
207 1305 335 1344 causis
355 1319 452 1357 quas
472 1309 556 1359 ipse
575 1310 794 1352 instituerat
814 1328 904 1354 cum
926 1319 1103 1368 consilio,
1127 1323 1204 1361 hoc
1225 1333 1282 1362 est
1303 1338 1393 1365 cum

59 1379 129 1404 sua
149 1369 322 1418 cohorte,
341 1385 589 1423 cognoscere,
609 1385 692 1416 tum
714 1378 811 1419 illud
832 1380 1030 1422 infinitum
1050 1399 1174 1435 genus
1191 1388 1393 1430 invenerat

0 1444 39 1466 20
57 1431 107 1469 ad
128 1431 456 1476 innumerabilem
471 1441 679 1489 pecuniam
697 1445 997 1496 corripiendam.
1042 1452 1220 1492 Dubium
1241 1456 1390 1495 nemini
1411 1469 1454 1497 12

56 1503 114 1534 est
149 1498 245 1547 quin
279 1513 417 1541 omnes
451 1505 629 1545 omnium
661 1509 854 1558 pecuniae
887 1514 1040 1562 positae
1072 1516 1148 1555 sint
1182 1518 1222 1556 in
1253 1533 1389 1559 eorum

54 1568 249 1610 potestate
287 1565 355 1615 qui
394 1567 538 1608 iudicia
571 1572 678 1620 dant,
713 1582 752 1613 et
787 1589 922 1616 eorum
956 1580 1024 1629 qui
1063 1580 1251 1631 iudicant,
1293 1586 1389 1635 quin

52 1639 172 1666 nemo
193 1637 365 1670 vestrum
386 1633 509 1683 possit
534 1636 643 1676 aedis
665 1651 765 1687 suas,
790 1654 910 1680 nemo
937 1644 1118 1693 fundum,
1141 1661 1261 1688 nemo
1282 1651 1389 1690 bona

50 1692 174 1740 patria
213 1695 401 1745 obtinere,
436 1698 479 1746 si,
516 1713 605 1740 cum
642 1703 739 1743 haec
773 1718 797 1743 a
835 1708 1024 1759 quopiam
1059 1719 1229 1751 vestrum
1265 1715 1387 1765 petita

0 1771 29 1804 ³5
50 1755 137 1805 sint,
171 1768 326 1808 praetor
359 1761 572 1814 improbus,
611 1768 674 1806 cui
709 1783 829 1810 nemo
863 1771 1107 1815 intercedere
1145 1779 1281 1828 possit,
1317 1783 1385 1821 det

48 1833 167 1870 quem
197 1825 288 1864 velit
317 1826 503 1878 iudicem,
533 1830 651 1871 iudex
679 1848 852 1886 nequam
888 1845 926 1877 et
957 1839 1053 1879 levis
1085 1845 1194 1892 quod
1228 1855 1384 1894 praetor

46 1883 199 1926 iusserit
232 1888 389 1930 iudicet.
449 1893 489 1933 Si
518 1909 610 1935 vero
640 1897 738 1938 illud
767 1913 928 1951 quoque
957 1905 1121 1953 accedit,
1155 1915 1197 1946 ut
1226 1919 1382 1959 praetor
1401 1928 1437 1959 31

44 1948 85 1987 in
112 1964 158 1990 ea
177 1954 294 1993 verba
324 1955 514 1998 iudicium
542 1961 609 2001 det
633 1970 675 2002 ut
696 1966 756 2003 vel
782 1967 825 2004 L.
857 1967 1046 2009 Octavius
1072 1973 1220 2011 Balbus
1247 1974 1376 2024 iudex,

84 2063 104 2093 5
129 2061 162 2087 et
179 2067 222 2087 ex
239 2056 310 2089 CO¹
327 2070 334 2090 ε
359 2070 402 2091 ex
418 2061 485 2094 rell.
577 2065 625 2095 uti
645 2065 743 2107 COp:
768 2074 804 2099 ut
819 2069 876 2109 bqr
892 2070 970 2103 Par.
993 2073 1079 2111 7786
1213 2086 1229 2115 7
1255 2083 1289 2108 tu
1314 2079 1378 2112 hoc

41 2107 61 2127 a
78 2108 131 2128 me
150 2099 264 2131 CO¹b:
291 2107 324 2134 tu
350 2114 369 2134 a
394 2115 448 2135 me
471 2107 535 2137 hoc
561 2108 627 2140 rell.
773 2121 808 2142 11
836 2118 870 2144 et
894 2114 1027 2146 honesti
1055 2115 1139 2148 CO:
1167 2129 1232 2151 om.
1256 2127 1282 2161 p
1308 2123 1374 2155 rell.

43 2150 82 2170 12
106 2151 204 2181 quain
225 2144 305 2177 CO:
336 2156 437 2186 quam
457 2149 520 2181 hoc
538 2150 604 2182 illis
622 2152 690 2184 rell.
841 2165 878 2194 14
903 2157 931 2188 is
951 2157 999 2188 C:
1023 2159 1076 2190 his
1096 2159 1136 2190 Ο1
1154 2173 1160 2192 ;
1189 2163 1253 2194 illis
1265 2165 1311 2204 pb
1327 2166 1371 2199 al.

43 2193 80 2222 15
105 2185 148 2216 de
165 2188 232 2218 tuis
250 2188 320 2220 CO¹
337 2201 344 2221 ε
369 2191 411 2222 de
428 2197 461 2223 te
480 2193 546 2225 rell.
656 2197 696 2227 18
719 2197 772 2229 his
792 2198 820 2230 C
833 2199 921 2231 codd.
943 2212 950 2231 z
974 2201 1016 2232 iis
1033 2202 1102 2234 cdd.
1207 2217 1248 2246 25
1273 2208 1374 2240 inter-

39 2227 159 2259 cedere
184 2230 252 2272 cOp
277 2232 376 2264 Asa:
412 2235 618 2269 interdicere
644 2240 713 2271 rell.
846 2253 886 2283 27
911 2246 1040 2276 accedit
1062 2257 1077 2277 c
1102 2248 1258 2288 (accidia
1284 2251 1324 2283 11.
1350 2254 1371 2292 i,

40 2273 78 2307 δξ
96 2281 126 2310 4,
145 2275 201 2311 39)
219 2285 225 2304 :
249 2277 379 2308 accidet
396 2278 487 2310 πΙ)Ο2
504 2291 511 2311 :
535 2283 677 2315 accedet
693 2284 713 2315 k
831 2287 872 2317 28
897 2287 931 2318 in
950 2298 989 2319 ea
1006 2290 1108 2321 verba
1127 2298 1263 2331 praetor
1278 2296 1368 2337 vulg.

37 2311 75 2344 L.
96 2313 138 2351 O}
148 2316 226 2348 Asc.
246 2329 254 2349 :
278 2329 345 2350 om.
365 2321 431 2353 rell.
