<?xml version="1.0" encoding="UTF-8"?>
<!DOCTYPE html PUBLIC "-//W3C//DTD XHTML 1.0 Transitional//EN"
    "http://www.w3.org/TR/xhtml1/DTD/xhtml1-transitional.dtd">
<html xmlns="http://www.w3.org/1999/xhtml" xml:lang="en" lang="en">
 <head>
  <title>
</title>
<meta http-equiv="Content-Type" content="text/html;charset=utf-8" />
  <meta name='ocr-system' content='tesseract 3.04.00' />
  <meta name='ocr-capabilities' content='ocr_page ocr_carea ocr_par ocr_line ocrx_word'/>
</head>
<body>
  <div class='ocr_page' id='page_1' title='image "./orationesrecogno02ciceuoft_0417.png"; bbox 0 0 1600 2704; ppageno 0'>
   <div class='ocr_carea' id='block_1_1' title="bbox 18 813 55 837">
    <p class='ocr_par' dir='ltr' id='par_1_1' title="bbox 18 813 55 837">
     <span class='ocr_line' id='line_1_1' title="bbox 18 813 55 837; baseline -0.027 0"><span class='ocrx_word' id='word_1_1' title='bbox 18 813 55 837; x_wconf 84' lang='lat'><strong>10</strong></span> 
     </span>
    </p>
   </div>
   <div class='ocr_carea' id='block_1_2' title="bbox 17 1141 55 1174">
    <p class='ocr_par' dir='ltr' id='par_1_2' title="bbox 17 1141 55 1174">
     <span class='ocr_line' id='line_1_2' title="bbox 17 1141 55 1174; baseline 0 0"><span class='ocrx_word' id='word_1_2' title='bbox 17 1141 55 1174; x_wconf 87' lang='lat'><strong>15</strong></span> 
     </span>
    </p>
   </div>
   <div class='ocr_carea' id='block_1_3' title="bbox 17 1466 55 1488">
    <p class='ocr_par' dir='ltr' id='par_1_3' title="bbox 17 1466 55 1488">
     <span class='ocr_line' id='line_1_3' title="bbox 17 1466 55 1488; baseline 0 0"><span class='ocrx_word' id='word_1_3' title='bbox 17 1466 55 1488; x_wconf 87' lang='lat'><strong>20</strong></span> 
     </span>
    </p>
   </div>
   <div class='ocr_carea' id='block_1_4' title="bbox 17 1790 54 1822">
    <p class='ocr_par' dir='ltr' id='par_1_4' title="bbox 17 1790 54 1822">
     <span class='ocr_line' id='line_1_4' title="bbox 17 1790 54 1822; baseline 0 0"><span class='ocrx_word' id='word_1_4' title='bbox 17 1790 54 1822; x_wconf 82' lang='lat'><strong>25</strong></span> 
     </span>
    </p>
   </div>
   <div class='ocr_carea' id='block_1_5' title="bbox 79 74 1550 152">
    <p class='ocr_par' dir='ltr' id='par_1_5' title="bbox 79 74 1550 152">
     <span class='ocr_line' id='line_1_5' title="bbox 79 74 1550 152; baseline 0.001 -11"><span class='ocrx_word' id='word_1_5' title='bbox 79 102 348 142; x_wconf 88' lang='lat' dir='ltr'>ACTIONIS</span> <span class='ocrx_word' id='word_1_6' title='bbox 371 102 432 140; x_wconf 93' lang='lat' dir='ltr'><strong>IN</strong></span> <span class='ocrx_word' id='word_1_7' title='bbox 454 101 499 141; x_wconf 92' lang='lat' dir='ltr'><strong>C.</strong></span> <span class='ocrx_word' id='word_1_8' title='bbox 522 102 765 139; x_wconf 89' lang='lat' dir='ltr'><strong>VERREM</strong></span> <span class='ocrx_word' id='word_1_9' title='bbox 787 101 1087 142; x_wconf 88' lang='lat' dir='ltr'>SECVNDAE</span> <span class='ocrx_word' id='word_1_10' title='bbox 1111 104 1214 142; x_wconf 91' lang='lat' dir='ltr'><strong>LIB.</strong></span> <span class='ocrx_word' id='word_1_11' title='bbox 1241 105 1299 142; x_wconf 77' lang='lat' dir='ltr'><strong>lv</strong></span> <span class='ocrx_word' id='word_1_12' title='bbox 1360 113 1413 152; x_wconf 86' lang='lat'><strong>45</strong></span> <span class='ocrx_word' id='word_1_13' title='bbox 1437 76 1519 142; x_wconf 44' lang='grc' dir='ltr'><strong>ωε)ἶ</strong></span> <span class='ocrx_word' id='word_1_14' title='bbox 1541 74 1550 78; x_wconf 24' lang='grc' dir='ltr'>δ</span> 
     </span>
    </p>
   </div>
   <div class='ocr_carea' id='block_1_6' title="bbox 73 211 1500 2075">
    <p class='ocr_par' dir='ltr' id='par_1_6' title="bbox 73 211 1500 2075">
     <span class='ocr_line' id='line_1_6' title="bbox 78 211 1493 264; baseline -0.001 -12"><span class='ocrx_word' id='word_1_15' title='bbox 78 212 281 252; x_wconf 86' lang='lat' dir='ltr'><strong>sententiis</strong></span> <span class='ocrx_word' id='word_1_16' title='bbox 335 213 600 251; x_wconf 89' lang='lat' dir='ltr'><strong>condemnare</strong></span> <span class='ocrx_word' id='word_1_17' title='bbox 656 211 824 262; x_wconf 87' lang='lat' dir='ltr'><strong>possitis.</strong></span> <span class='ocrx_word' id='word_1_18' title='bbox 911 212 1021 261; x_wconf 85' lang='lat' dir='ltr'>Quid</span> <span class='ocrx_word' id='word_1_19' title='bbox 1069 213 1174 252; x_wconf 90' lang='lat' dir='ltr'><strong>enim</strong></span> <span class='ocrx_word' id='word_1_20' title='bbox 1223 217 1408 264; x_wconf 80' lang='lat' dir='ltr'>postulas,</span> <span class='ocrx_word' id='word_1_21' title='bbox 1436 230 1493 252; x_wconf 85' lang='lat'><strong>101</strong></span> 
     </span>
     <span class='ocr_line' id='line_1_7' title="bbox 77 275 1410 328; baseline 0.003 -14"><span class='ocrx_word' id='word_1_22' title='bbox 77 278 248 317; x_wconf 86' lang='lat' dir='ltr'><strong>Verres?</strong></span> <span class='ocrx_word' id='word_1_23' title='bbox 281 277 377 328; x_wconf 91' lang='lat' dir='ltr'><strong>quid</strong></span> <span class='ocrx_word' id='word_1_24' title='bbox 407 290 551 328; x_wconf 81' lang='lat' dir='ltr'><strong>speras,</strong></span> <span class='ocrx_word' id='word_1_25' title='bbox 576 275 673 326; x_wconf 91' lang='lat' dir='ltr'><strong>quid</strong></span> <span class='ocrx_word' id='word_1_26' title='bbox 702 284 916 327; x_wconf 84' lang='lat' dir='ltr'><strong>exspectas,</strong></span> <span class='ocrx_word' id='word_1_27' title='bbox 940 290 1060 327; x_wconf 88' lang='lat' dir='ltr'><strong>quem</strong></span> <span class='ocrx_word' id='word_1_28' title='bbox 1091 278 1161 317; x_wconf 88' lang='lat' dir='ltr'><strong>tibi</strong></span> <span class='ocrx_word' id='word_1_29' title='bbox 1192 287 1259 317; x_wconf 91' lang='lat' dir='ltr'><strong>aut</strong></span> <span class='ocrx_word' id='word_1_30' title='bbox 1289 281 1410 319; x_wconf 87' lang='lat' dir='ltr'><strong>deum</strong></span> 
     </span>
     <span class='ocr_line' id='line_1_8' title="bbox 75 341 1411 392; baseline 0 -10"><span class='ocrx_word' id='word_1_31' title='bbox 75 351 143 383; x_wconf 90' lang='lat' dir='ltr'><strong>aut</strong></span> <span class='ocrx_word' id='word_1_32' title='bbox 172 342 376 382; x_wconf 91' lang='lat' dir='ltr'><strong>hominem</strong></span> <span class='ocrx_word' id='word_1_33' title='bbox 405 341 549 381; x_wconf 88' lang='lat' dir='ltr'><strong>auxilio</strong></span> <span class='ocrx_word' id='word_1_34' title='bbox 578 343 751 380; x_wconf 90' lang='lat' dir='ltr'><strong>futurum</strong></span> <span class='ocrx_word' id='word_1_35' title='bbox 778 344 922 392; x_wconf 88' lang='lat' dir='ltr'><strong>putas?</strong></span> <span class='ocrx_word' id='word_1_36' title='bbox 980 344 1093 381; x_wconf 88' lang='lat' dir='ltr'><strong>Eone</strong></span> <span class='ocrx_word' id='word_1_37' title='bbox 1123 350 1165 381; x_wconf 90' lang='lat' dir='ltr'><strong>tu</strong></span> <span class='ocrx_word' id='word_1_38' title='bbox 1195 356 1326 382; x_wconf 84' lang='lat' dir='ltr'><strong>servos</strong></span> <span class='ocrx_word' id='word_1_39' title='bbox 1361 346 1411 382; x_wconf 83' lang='lat' dir='ltr'><strong>ad</strong></span> 
     </span>
     <span class='ocr_line' id='line_1_9' title="bbox 76 407 1411 460; baseline -0.001 -12"><span class='ocrx_word' id='word_1_40' title='bbox 76 409 328 460; x_wconf 90' lang='lat' dir='ltr'><strong>spoliandum</strong></span> <span class='ocrx_word' id='word_1_41' title='bbox 348 409 483 446; x_wconf 89' lang='lat' dir='ltr'><strong>fanum</strong></span> <span class='ocrx_word' id='word_1_42' title='bbox 505 407 714 446; x_wconf 88' lang='lat' dir='ltr'><strong>immittere</strong></span> <span class='ocrx_word' id='word_1_43' title='bbox 733 420 852 446; x_wconf 88' lang='lat' dir='ltr'><strong>ausus</strong></span> <span class='ocrx_word' id='word_1_44' title='bbox 879 420 920 446; x_wconf 88' lang='lat' dir='ltr'><strong>es</strong></span> <span class='ocrx_word' id='word_1_45' title='bbox 948 420 1030 457; x_wconf 91' lang='lat' dir='ltr'><strong>quo</strong></span> <span class='ocrx_word' id='word_1_46' title='bbox 1057 407 1202 446; x_wconf 91' lang='lat' dir='ltr'><strong>liberos</strong></span> <span class='ocrx_word' id='word_1_47' title='bbox 1226 408 1334 447; x_wconf 88' lang='lat' dir='ltr'><strong>adire</strong></span> <span class='ocrx_word' id='word_1_48' title='bbox 1363 422 1411 447; x_wconf 81' lang='lat' dir='ltr'><strong>ne</strong></span> 
     </span>
     <span class='ocr_line' id='line_1_10' title="bbox 75 471 1411 524; baseline -0.001 -11"><span class='ocrx_word' id='word_1_49' title='bbox 75 473 243 513; x_wconf 90' lang='lat' dir='ltr'><strong>ornandi</strong></span> <span class='ocrx_word' id='word_1_50' title='bbox 272 473 435 524; x_wconf 88' lang='lat' dir='ltr'><strong>quidem</strong></span> <span class='ocrx_word' id='word_1_51' title='bbox 462 485 580 512; x_wconf 88' lang='lat' dir='ltr'><strong>causa</strong></span> <span class='ocrx_word' id='word_1_52' title='bbox 607 473 664 511; x_wconf 90' lang='lat' dir='ltr'><strong>fas</strong></span> <span class='ocrx_word' id='word_1_53' title='bbox 693 474 806 511; x_wconf 87' lang='lat' dir='ltr'><strong>erat?</strong></span> <span class='ocrx_word' id='word_1_54' title='bbox 835 471 934 511; x_wconf 90' lang='lat' dir='ltr'><strong>iisne</strong></span> <span class='ocrx_word' id='word_1_55' title='bbox 961 472 1078 511; x_wconf 89' lang='lat' dir='ltr'><strong>rebus</strong></span> <span class='ocrx_word' id='word_1_56' title='bbox 1100 485 1239 512; x_wconf 89' lang='lat' dir='ltr'><strong>manus</strong></span> <span class='ocrx_word' id='word_1_57' title='bbox 1260 473 1411 512; x_wconf 80' lang='lat' dir='ltr'><strong>adferre</strong></span> 
     </span>
     <span class='ocr_line' id='line_1_11' title="bbox 74 536 1408 588; baseline -0.001 -11"><span class='ocrx_word' id='word_1_58' title='bbox 74 551 156 577; x_wconf 92' lang='lat' dir='ltr'><strong>non</strong></span> <span class='ocrx_word' id='word_1_59' title='bbox 177 537 366 577; x_wconf 84' lang='lat' dir='ltr'><strong>dubitasti</strong></span> <span class='ocrx_word' id='word_1_60' title='bbox 385 551 408 576; x_wconf 93' lang='lat' dir='ltr'><strong>a</strong></span> <span class='ocrx_word' id='word_1_61' title='bbox 428 537 572 588; x_wconf 91' lang='lat' dir='ltr'><strong>quibus</strong></span> <span class='ocrx_word' id='word_1_62' title='bbox 593 536 711 576; x_wconf 89' lang='lat' dir='ltr'><strong>etiam</strong></span> <span class='ocrx_word' id='word_1_63' title='bbox 731 538 869 575; x_wconf 91' lang='lat' dir='ltr'><strong>oculos</strong></span> <span class='ocrx_word' id='word_1_64' title='bbox 894 536 1081 576; x_wconf 88' lang='lat' dir='ltr'><strong>cohibere</strong></span> <span class='ocrx_word' id='word_1_65' title='bbox 1109 544 1147 576; x_wconf 91' lang='lat' dir='ltr'><strong>te</strong></span> <span class='ocrx_word' id='word_1_66' title='bbox 1176 537 1408 587; x_wconf 86' lang='lat' dir='ltr'><strong>religionum</strong></span> 
     </span>
     <span class='ocr_line' id='line_1_12' title="bbox 74 600 1411 653; baseline -0.001 -12"><span class='ocrx_word' id='word_1_67' title='bbox 74 602 157 641; x_wconf 92' lang='lat' dir='ltr'><strong>iura</strong></span> <span class='ocrx_word' id='word_1_68' title='bbox 187 602 414 653; x_wconf 85' lang='lat' dir='ltr'><strong>cogebant?</strong></span> <span class='ocrx_word' id='word_1_69' title='bbox 470 600 647 640; x_wconf 85' lang='lat' dir='ltr'><strong>Tametsi</strong></span> <span class='ocrx_word' id='word_1_70' title='bbox 668 615 718 640; x_wconf 90' lang='lat' dir='ltr'><strong>ne</strong></span> <span class='ocrx_word' id='word_1_71' title='bbox 738 601 863 640; x_wconf 88' lang='lat' dir='ltr'><strong>oculis</strong></span> <span class='ocrx_word' id='word_1_72' title='bbox 888 600 1051 651; x_wconf 88' lang='lat' dir='ltr'><strong>quidem</strong></span> <span class='ocrx_word' id='word_1_73' title='bbox 1073 609 1211 652; x_wconf 88' lang='lat' dir='ltr'><strong>captus</strong></span> <span class='ocrx_word' id='word_1_74' title='bbox 1242 602 1281 640; x_wconf 94' lang='lat' dir='ltr'><strong>in</strong></span> <span class='ocrx_word' id='word_1_75' title='bbox 1310 603 1411 641; x_wconf 86' lang='lat' dir='ltr'><strong>hanc</strong></span> 
     </span>
     <span class='ocr_line' id='line_1_13' title="bbox 74 666 1410 713; baseline -0.001 -6"><span class='ocrx_word' id='word_1_76' title='bbox 74 669 252 708; x_wconf 89' lang='lat' dir='ltr'><strong>fraudem</strong></span> <span class='ocrx_word' id='word_1_77' title='bbox 273 676 354 706; x_wconf 90' lang='lat' dir='ltr'><strong>tam</strong></span> <span class='ocrx_word' id='word_1_78' title='bbox 375 668 604 706; x_wconf 85' lang='lat' dir='ltr'><strong>sceleratam</strong></span> <span class='ocrx_word' id='word_1_79' title='bbox 628 680 674 705; x_wconf 89' lang='lat' dir='ltr'><strong>ac</strong></span> <span class='ocrx_word' id='word_1_80' title='bbox 701 674 781 704; x_wconf 90' lang='lat' dir='ltr'><strong>tam</strong></span> <span class='ocrx_word' id='word_1_81' title='bbox 803 666 991 705; x_wconf 85' lang='lat' dir='ltr'><strong>nefariam</strong></span> <span class='ocrx_word' id='word_1_82' title='bbox 1013 666 1195 705; x_wconf 87' lang='lat' dir='ltr'><strong>decidisti</strong></span> <span class='ocrx_word' id='word_1_83' title='bbox 1213 681 1223 713; x_wconf 82' lang='lat'>3</span> <span class='ocrx_word' id='word_1_84' title='bbox 1253 679 1345 705; x_wconf 87' lang='lat' dir='ltr'><strong>nam</strong></span> <span class='ocrx_word' id='word_1_85' title='bbox 1372 667 1410 705; x_wconf 90' lang='lat' dir='ltr'><strong>id</strong></span> 
     </span>
     <span class='ocr_line' id='line_1_14' title="bbox 74 730 1407 783; baseline -0.003 -11"><span class='ocrx_word' id='word_1_86' title='bbox 74 731 296 783; x_wconf 90' lang='lat' dir='ltr'><strong>concupisti</strong></span> <span class='ocrx_word' id='word_1_87' title='bbox 330 731 440 782; x_wconf 93' lang='lat' dir='ltr'><strong>quod</strong></span> <span class='ocrx_word' id='word_1_88' title='bbox 469 744 688 781; x_wconf 88' lang='lat' dir='ltr'><strong>numquam</strong></span> <span class='ocrx_word' id='word_1_89' title='bbox 720 730 883 777; x_wconf 82' lang='lat' dir='ltr'><strong>videras,</strong></span> <span class='ocrx_word' id='word_1_90' title='bbox 918 730 970 777; x_wconf 89' lang='lat' dir='ltr'><strong>id,</strong></span> <span class='ocrx_word' id='word_1_91' title='bbox 1009 730 1182 781; x_wconf 90' lang='lat' dir='ltr'><strong>inquam,</strong></span> <span class='ocrx_word' id='word_1_92' title='bbox 1216 731 1407 770; x_wconf 81' lang='lat' dir='ltr'><strong>adamasti</strong></span> 
     </span>
     <span class='ocr_line' id='line_1_15' title="bbox 74 795 1409 848; baseline -0.003 -11"><span class='ocrx_word' id='word_1_93' title='bbox 74 798 184 848; x_wconf 90' lang='lat' dir='ltr'><strong>quod</strong></span> <span class='ocrx_word' id='word_1_94' title='bbox 212 804 328 836; x_wconf 85' lang='lat' dir='ltr'><strong>antea</strong></span> <span class='ocrx_word' id='word_1_95' title='bbox 353 809 435 835; x_wconf 90' lang='lat' dir='ltr'><strong>non</strong></span> <span class='ocrx_word' id='word_1_96' title='bbox 460 808 666 847; x_wconf 85' lang='lat' dir='ltr'><strong>aspexeras</strong></span> <span class='ocrx_word' id='word_1_97' title='bbox 683 811 693 844; x_wconf 81' lang='lat'><em>3</em></span> <span class='ocrx_word' id='word_1_98' title='bbox 728 795 888 834; x_wconf 89' lang='lat' dir='ltr'><strong>auribus</strong></span> <span class='ocrx_word' id='word_1_99' title='bbox 916 803 957 834; x_wconf 88' lang='lat' dir='ltr'><strong>tu</strong></span> <span class='ocrx_word' id='word_1_100' title='bbox 979 803 1129 834; x_wconf 88' lang='lat' dir='ltr'><strong>tantam</strong></span> <span class='ocrx_word' id='word_1_101' title='bbox 1150 795 1409 846; x_wconf 87' lang='lat' dir='ltr'><strong>cupiditatem</strong></span> 
     </span>
     <span class='ocr_line' id='line_1_16' title="bbox 74 860 1493 914; baseline -0.001 -12"><span class='ocrx_word' id='word_1_102' title='bbox 74 862 292 914; x_wconf 90' lang='lat' dir='ltr'><strong>concepisti</strong></span> <span class='ocrx_word' id='word_1_103' title='bbox 319 869 365 901; x_wconf 79' lang='lat' dir='ltr'><strong>ut&#39;</strong></span> <span class='ocrx_word' id='word_1_104' title='bbox 386 874 474 901; x_wconf 89' lang='lat' dir='ltr'><strong>eam</strong></span> <span class='ocrx_word' id='word_1_105' title='bbox 503 874 584 900; x_wconf 90' lang='lat' dir='ltr'><strong>non</strong></span> <span class='ocrx_word' id='word_1_106' title='bbox 606 868 745 908; x_wconf 90' lang='lat' dir='ltr'><strong>metus,</strong></span> <span class='ocrx_word' id='word_1_107' title='bbox 769 874 850 900; x_wconf 89' lang='lat' dir='ltr'><strong>non</strong></span> <span class='ocrx_word' id='word_1_108' title='bbox 880 860 1027 911; x_wconf 89' lang='lat' dir='ltr'><strong>religio,</strong></span> <span class='ocrx_word' id='word_1_109' title='bbox 1050 874 1131 900; x_wconf 88' lang='lat' dir='ltr'><strong>non</strong></span> <span class='ocrx_word' id='word_1_110' title='bbox 1152 863 1318 900; x_wconf 88' lang='lat' dir='ltr'><strong>deorum</strong></span> <span class='ocrx_word' id='word_1_111' title='bbox 1340 861 1408 907; x_wconf 82' lang='lat' dir='ltr'><strong>vis,</strong></span> <span class='ocrx_word' id='word_1_112' title='bbox 1439 880 1493 901; x_wconf 78' lang='lat'><strong>102</strong></span> 
     </span>
     <span class='ocr_line' id='line_1_17' title="bbox 73 925 1410 971; baseline -0.002 -3"><span class='ocrx_word' id='word_1_113' title='bbox 73 942 155 968; x_wconf 87' lang='lat' dir='ltr'><strong>non</strong></span> <span class='ocrx_word' id='word_1_114' title='bbox 188 928 397 968; x_wconf 89' lang='lat' dir='ltr'><strong>hominum</strong></span> <span class='ocrx_word' id='word_1_115' title='bbox 432 925 669 966; x_wconf 84' lang='lat' dir='ltr'><strong>existimatio</strong></span> <span class='ocrx_word' id='word_1_116' title='bbox 702 925 932 965; x_wconf 88' lang='lat' dir='ltr'><strong>contineret.</strong></span> <span class='ocrx_word' id='word_1_117' title='bbox 1007 928 1060 964; x_wconf 93' lang='lat' dir='ltr'><strong>At</strong></span> <span class='ocrx_word' id='word_1_118' title='bbox 1094 939 1141 965; x_wconf 87' lang='lat' dir='ltr'><strong>ex</strong></span> <span class='ocrx_word' id='word_1_119' title='bbox 1176 927 1284 965; x_wconf 89' lang='lat' dir='ltr'><strong>bono</strong></span> <span class='ocrx_word' id='word_1_120' title='bbox 1317 926 1410 971; x_wconf 76' lang='lat' dir='ltr'><strong>viro,</strong></span> 
     </span>
     <span class='ocr_line' id='line_1_18' title="bbox 74 990 1412 1041; baseline -0.002 -9"><span class='ocrx_word' id='word_1_121' title='bbox 74 994 205 1041; x_wconf 89' lang='lat' dir='ltr'><strong>credo,</strong></span> <span class='ocrx_word' id='word_1_122' title='bbox 228 992 408 1032; x_wconf 85' lang='lat' dir='ltr'><strong>audieras</strong></span> <span class='ocrx_word' id='word_1_123' title='bbox 435 998 474 1030; x_wconf 90' lang='lat' dir='ltr'><strong>et</strong></span> <span class='ocrx_word' id='word_1_124' title='bbox 502 991 609 1030; x_wconf 92' lang='lat' dir='ltr'><strong>bono</strong></span> <span class='ocrx_word' id='word_1_125' title='bbox 635 998 805 1030; x_wconf 91' lang='lat' dir='ltr'><strong>auctore.</strong></span> <span class='ocrx_word' id='word_1_126' title='bbox 866 990 946 1039; x_wconf 88' lang='lat' dir='ltr'><strong>Qui</strong></span> <span class='ocrx_word' id='word_1_127' title='bbox 974 990 1014 1030; x_wconf 89' lang='lat' dir='ltr'><strong>id</strong></span> <span class='ocrx_word' id='word_1_128' title='bbox 1042 998 1164 1040; x_wconf 78' lang='lat' dir='ltr'><strong>poteS,</strong></span> <span class='ocrx_word' id='word_1_129' title='bbox 1188 991 1256 1041; x_wconf 90' lang='lat' dir='ltr'><strong>qui</strong></span> <span class='ocrx_word' id='word_1_130' title='bbox 1287 1005 1335 1029; x_wconf 76' lang='lat' dir='ltr'><strong>ne</strong></span> <span class='ocrx_word' id='word_1_131' title='bbox 1367 1005 1412 1030; x_wconf 71' lang='lat' dir='ltr'><strong>ex</strong></span> 
     </span>
     <span class='ocr_line' id='line_1_19' title="bbox 75 1054 1412 1107; baseline -0.001 -12"><span class='ocrx_word' id='word_1_132' title='bbox 75 1057 158 1097; x_wconf 93' lang='lat' dir='ltr'><strong>viro</strong></span> <span class='ocrx_word' id='word_1_133' title='bbox 192 1056 355 1107; x_wconf 90' lang='lat' dir='ltr'><strong>quidem</strong></span> <span class='ocrx_word' id='word_1_134' title='bbox 386 1055 522 1094; x_wconf 89' lang='lat' dir='ltr'><strong>audire</strong></span> <span class='ocrx_word' id='word_1_135' title='bbox 556 1055 760 1106; x_wconf 84' lang='lat' dir='ltr'><strong>potueris?</strong></span> <span class='ocrx_word' id='word_1_136' title='bbox 816 1054 975 1094; x_wconf 86' lang='lat' dir='ltr'><strong>Audisti</strong></span> <span class='ocrx_word' id='word_1_137' title='bbox 1010 1054 1124 1104; x_wconf 86' lang='lat' dir='ltr'><strong>igitur</strong></span> <span class='ocrx_word' id='word_1_138' title='bbox 1155 1068 1202 1093; x_wconf 83' lang='lat' dir='ltr'><strong>ex</strong></span> <span class='ocrx_word' id='word_1_139' title='bbox 1237 1055 1412 1099; x_wconf 75' lang='lat' dir='ltr'><strong>muliere,</strong></span> 
     </span>
     <span class='ocr_line' id='line_1_20' title="bbox 76 1120 1410 1173; baseline -0.003 -12"><span class='ocrx_word' id='word_1_140' title='bbox 76 1122 265 1173; x_wconf 90' lang='lat' dir='ltr'><strong>quoniam</strong></span> <span class='ocrx_word' id='word_1_141' title='bbox 286 1121 326 1161; x_wconf 92' lang='lat' dir='ltr'><strong>id</strong></span> <span class='ocrx_word' id='word_1_142' title='bbox 347 1120 416 1159; x_wconf 94' lang='lat' dir='ltr'><strong>viri</strong></span> <span class='ocrx_word' id='word_1_143' title='bbox 437 1133 511 1159; x_wconf 91' lang='lat' dir='ltr'><strong>nec</strong></span> <span class='ocrx_word' id='word_1_144' title='bbox 531 1120 677 1159; x_wconf 88' lang='lat' dir='ltr'><strong>vidisse</strong></span> <span class='ocrx_word' id='word_1_145' title='bbox 698 1133 828 1170; x_wconf 90' lang='lat' dir='ltr'><strong>neque</strong></span> <span class='ocrx_word' id='word_1_146' title='bbox 849 1132 966 1158; x_wconf 88' lang='lat' dir='ltr'><strong>nosse</strong></span> <span class='ocrx_word' id='word_1_147' title='bbox 987 1126 1181 1169; x_wconf 82' lang='lat' dir='ltr'><strong>poterant.</strong></span> <span class='ocrx_word' id='word_1_148' title='bbox 1240 1120 1410 1168; x_wconf 86' lang='lat' dir='ltr'><strong>Qualem</strong></span> 
     </span>
     <span class='ocr_line' id='line_1_21' title="bbox 75 1184 1408 1238; baseline -0.003 -12"><span class='ocrx_word' id='word_1_149' title='bbox 75 1200 192 1238; x_wconf 92' lang='lat' dir='ltr'><strong>porro</strong></span> <span class='ocrx_word' id='word_1_150' title='bbox 221 1186 327 1225; x_wconf 90' lang='lat' dir='ltr'><strong>illam</strong></span> <span class='ocrx_word' id='word_1_151' title='bbox 348 1185 536 1225; x_wconf 91' lang='lat' dir='ltr'><strong>feminam</strong></span> <span class='ocrx_word' id='word_1_152' title='bbox 558 1184 676 1223; x_wconf 89' lang='lat' dir='ltr'><strong>fuisse</strong></span> <span class='ocrx_word' id='word_1_153' title='bbox 696 1184 853 1236; x_wconf 87' lang='lat' dir='ltr'><strong>putatis,</strong></span> <span class='ocrx_word' id='word_1_154' title='bbox 876 1184 1037 1230; x_wconf 78' lang='lat' dir='ltr'><strong>iudices,</strong></span> <span class='ocrx_word' id='word_1_155' title='bbox 1061 1197 1181 1234; x_wconf 87' lang='lat' dir='ltr'><strong>quam</strong></span> <span class='ocrx_word' id='word_1_156' title='bbox 1212 1185 1408 1234; x_wconf 80' lang='lat' dir='ltr'><strong>pudicam,</strong></span> 
     </span>
     <span class='ocr_line' id='line_1_22' title="bbox 74 1248 1409 1302; baseline -0.003 -12"><span class='ocrx_word' id='word_1_157' title='bbox 74 1265 177 1302; x_wconf 91' lang='lat' dir='ltr'><strong>quae</strong></span> <span class='ocrx_word' id='word_1_158' title='bbox 207 1264 298 1290; x_wconf 89' lang='lat' dir='ltr'><strong>cum</strong></span> <span class='ocrx_word' id='word_1_159' title='bbox 319 1250 441 1289; x_wconf 85' lang='lat' dir='ltr'><strong>Verre</strong></span> <span class='ocrx_word' id='word_1_160' title='bbox 471 1251 708 1300; x_wconf 87' lang='lat' dir='ltr'><strong>loqueretur,</strong></span> <span class='ocrx_word' id='word_1_161' title='bbox 733 1263 854 1300; x_wconf 88' lang='lat' dir='ltr'><strong>quam</strong></span> <span class='ocrx_word' id='word_1_162' title='bbox 877 1248 1110 1299; x_wconf 83' lang='lat' dir='ltr'><strong>religiosam,</strong></span> <span class='ocrx_word' id='word_1_163' title='bbox 1135 1262 1237 1298; x_wconf 84' lang='lat' dir='ltr'><strong>quae</strong></span> <span class='ocrx_word' id='word_1_164' title='bbox 1270 1250 1409 1287; x_wconf 77' lang='lat' dir='ltr'><strong>sacrari</strong></span> 
     </span>
     <span class='ocr_line' id='line_1_23' title="bbox 74 1312 1411 1368; baseline -0.003 -13"><span class='ocrx_word' id='word_1_165' title='bbox 74 1315 272 1368; x_wconf 88' lang='lat' dir='ltr'><strong>spoliandi</strong></span> <span class='ocrx_word' id='word_1_166' title='bbox 301 1315 493 1354; x_wconf 88' lang='lat' dir='ltr'><strong>rationem</strong></span> <span class='ocrx_word' id='word_1_167' title='bbox 525 1315 781 1353; x_wconf 88' lang='lat' dir='ltr'><strong>ostenderet?</strong></span> <span class='ocrx_word' id='word_1_168' title='bbox 836 1315 898 1352; x_wconf 89' lang='lat' dir='ltr'><strong>Ac</strong></span> <span class='ocrx_word' id='word_1_169' title='bbox 928 1312 1091 1352; x_wconf 86' lang='lat' dir='ltr'><strong>minime</strong></span> <span class='ocrx_word' id='word_1_170' title='bbox 1124 1312 1277 1358; x_wconf 84' lang='lat' dir='ltr'><strong>mirum,</strong></span> <span class='ocrx_word' id='word_1_171' title='bbox 1310 1326 1411 1362; x_wconf 82' lang='lat' dir='ltr'><strong>quae</strong></span> 
     </span>
     <span class='ocr_line' id='line_1_24' title="bbox 74 1376 1408 1432; baseline -0.004 -12"><span class='ocrx_word' id='word_1_172' title='bbox 74 1394 184 1420; x_wconf 87' lang='lat' dir='ltr'><strong>sacra</strong></span> <span class='ocrx_word' id='word_1_173' title='bbox 204 1394 273 1432; x_wconf 93' lang='lat' dir='ltr'><strong>per</strong></span> <span class='ocrx_word' id='word_1_174' title='bbox 293 1392 490 1419; x_wconf 87' lang='lat' dir='ltr'><strong>summam</strong></span> <span class='ocrx_word' id='word_1_175' title='bbox 512 1379 788 1418; x_wconf 87' lang='lat' dir='ltr'><strong>castimoniam</strong></span> <span class='ocrx_word' id='word_1_176' title='bbox 810 1378 982 1416; x_wconf 91' lang='lat' dir='ltr'><strong>virorum</strong></span> <span class='ocrx_word' id='word_1_177' title='bbox 1003 1391 1049 1416; x_wconf 91' lang='lat' dir='ltr'><strong>ac</strong></span> <span class='ocrx_word' id='word_1_178' title='bbox 1071 1376 1280 1416; x_wconf 88' lang='lat' dir='ltr'><strong>mulierum</strong></span> <span class='ocrx_word' id='word_1_179' title='bbox 1302 1377 1408 1422; x_wconf 86' lang='lat' dir='ltr'><strong>fiant,</strong></span> 
     </span>
     <span class='ocr_line' id='line_1_25' title="bbox 74 1442 1487 1496; baseline -0.004 -11"><span class='ocrx_word' id='word_1_180' title='bbox 74 1447 214 1485; x_wconf 90' lang='lat' dir='ltr'><strong>eadem</strong></span> <span class='ocrx_word' id='word_1_181' title='bbox 236 1458 306 1496; x_wconf 91' lang='lat' dir='ltr'><strong>per</strong></span> <span class='ocrx_word' id='word_1_182' title='bbox 331 1444 442 1483; x_wconf 91' lang='lat' dir='ltr'><strong>istius</strong></span> <span class='ocrx_word' id='word_1_183' title='bbox 463 1451 641 1494; x_wconf 90' lang='lat' dir='ltr'><strong>stuprum</strong></span> <span class='ocrx_word' id='word_1_184' title='bbox 662 1457 708 1481; x_wconf 90' lang='lat' dir='ltr'><strong>ac</strong></span> <span class='ocrx_word' id='word_1_185' title='bbox 729 1442 920 1493; x_wconf 89' lang='lat' dir='ltr'><strong>flagitium</strong></span> <span class='ocrx_word' id='word_1_186' title='bbox 942 1456 1027 1481; x_wconf 92' lang='lat' dir='ltr'><strong>esse</strong></span> <span class='ocrx_word' id='word_1_187' title='bbox 1048 1442 1202 1481; x_wconf 81' lang='lat' dir='ltr'><strong>violata.</strong></span> <span class='ocrx_word' id='word_1_188' title='bbox 1431 1443 1487 1489; x_wconf 83' lang='grc'><strong>46</strong></span> 
     </span>
     <span class='ocr_line' id='line_1_26' title="bbox 130 1506 1411 1561; baseline -0.004 -11"><span class='ocrx_word' id='word_1_189' title='bbox 130 1510 240 1560; x_wconf 88' lang='lat' dir='ltr'><strong>Quid</strong></span> <span class='ocrx_word' id='word_1_190' title='bbox 261 1511 381 1561; x_wconf 89' lang='lat' dir='ltr'><strong>ergo?</strong></span> <span class='ocrx_word' id='word_1_191' title='bbox 410 1510 488 1548; x_wconf 90' lang='lat' dir='ltr'><strong>hoc</strong></span> <span class='ocrx_word' id='word_1_192' title='bbox 508 1509 637 1547; x_wconf 91' lang='lat' dir='ltr'><strong>solum</strong></span> <span class='ocrx_word' id='word_1_193' title='bbox 658 1507 861 1547; x_wconf 87' lang='lat' dir='ltr'><strong>auditione</strong></span> <span class='ocrx_word' id='word_1_194' title='bbox 888 1515 1071 1558; x_wconf 80' lang='lat' dir='ltr'><strong>expetere</strong></span> <span class='ocrx_word' id='word_1_195' title='bbox 1092 1506 1234 1557; x_wconf 86' lang='lat' dir='ltr'><strong>coepit,</strong></span> <span class='ocrx_word' id='word_1_196' title='bbox 1258 1521 1349 1546; x_wconf 91' lang='lat' dir='ltr'><strong>cum</strong></span> <span class='ocrx_word' id='word_1_197' title='bbox 1372 1507 1411 1546; x_wconf 91' lang='lat' dir='ltr'><strong>id</strong></span> 
     </span>
     <span class='ocr_line' id='line_1_27' title="bbox 74 1572 1412 1626; baseline -0.004 -12"><span class='ocrx_word' id='word_1_198' title='bbox 74 1574 158 1626; x_wconf 88' lang='lat' dir='ltr'><strong>ipse</strong></span> <span class='ocrx_word' id='word_1_199' title='bbox 186 1587 267 1614; x_wconf 90' lang='lat' dir='ltr'><strong>non</strong></span> <span class='ocrx_word' id='word_1_200' title='bbox 293 1574 484 1613; x_wconf 85' lang='lat' dir='ltr'><strong>vidisset?</strong></span> <span class='ocrx_word' id='word_1_201' title='bbox 541 1574 672 1611; x_wconf 91' lang='lat' dir='ltr'><strong>Immo</strong></span> <span class='ocrx_word' id='word_1_202' title='bbox 703 1585 796 1611; x_wconf 87' lang='lat' dir='ltr'><strong>vero</strong></span> <span class='ocrx_word' id='word_1_203' title='bbox 825 1572 900 1610; x_wconf 85' lang='lat' dir='ltr'><strong>alia</strong></span> <span class='ocrx_word' id='word_1_204' title='bbox 929 1573 1158 1622; x_wconf 86' lang='lat' dir='ltr'><strong>complura;</strong></span> <span class='ocrx_word' id='word_1_205' title='bbox 1197 1586 1244 1610; x_wconf 79' lang='lat' dir='ltr'><strong>ex</strong></span> <span class='ocrx_word' id='word_1_206' title='bbox 1268 1572 1412 1622; x_wconf 87' lang='lat' dir='ltr'><strong>quibus</strong></span> 
     </span>
     <span class='ocr_line' id='line_1_28' title="bbox 74 1636 1412 1691; baseline -0.003 -12"><span class='ocrx_word' id='word_1_207' title='bbox 74 1640 216 1691; x_wconf 85' lang='lat' dir='ltr'><strong>eligam</strong></span> <span class='ocrx_word' id='word_1_208' title='bbox 246 1638 522 1690; x_wconf 89' lang='lat' dir='ltr'><strong>spoliationem</strong></span> <span class='ocrx_word' id='word_1_209' title='bbox 552 1637 787 1677; x_wconf 87' lang='lat' dir='ltr'><strong>nobilissimi</strong></span> <span class='ocrx_word' id='word_1_210' title='bbox 813 1644 932 1687; x_wconf 87' lang='lat' dir='ltr'><strong>atque</strong></span> <span class='ocrx_word' id='word_1_211' title='bbox 961 1636 1224 1687; x_wconf 83' lang='lat' dir='ltr'><strong>antiquissimi</strong></span> <span class='ocrx_word' id='word_1_212' title='bbox 1249 1637 1339 1684; x_wconf 87' lang='lat' dir='ltr'><strong>fani,</strong></span> <span class='ocrx_word' id='word_1_213' title='bbox 1362 1638 1412 1676; x_wconf 90' lang='lat' dir='ltr'><strong>de</strong></span> 
     </span>
     <span class='ocr_line' id='line_1_29' title="bbox 75 1701 1409 1756; baseline -0.004 -12"><span class='ocrx_word' id='word_1_214' title='bbox 75 1718 154 1756; x_wconf 90' lang='lat' dir='ltr'><strong>qua</strong></span> <span class='ocrx_word' id='word_1_215' title='bbox 175 1704 302 1756; x_wconf 89' lang='lat' dir='ltr'><strong>priore</strong></span> <span class='ocrx_word' id='word_1_216' title='bbox 328 1703 485 1743; x_wconf 90' lang='lat' dir='ltr'><strong>actione</strong></span> <span class='ocrx_word' id='word_1_217' title='bbox 513 1702 622 1742; x_wconf 89' lang='lat' dir='ltr'><strong>testis</strong></span> <span class='ocrx_word' id='word_1_218' title='bbox 643 1701 774 1741; x_wconf 87' lang='lat' dir='ltr'><strong>dicere</strong></span> <span class='ocrx_word' id='word_1_219' title='bbox 794 1701 970 1741; x_wconf 89' lang='lat' dir='ltr'><strong>audistis.</strong></span> <span class='ocrx_word' id='word_1_220' title='bbox 1032 1702 1151 1740; x_wconf 87' lang='lat' dir='ltr'><strong>Nunc</strong></span> <span class='ocrx_word' id='word_1_221' title='bbox 1172 1702 1311 1740; x_wconf 89' lang='lat' dir='ltr'><strong>eadem</strong></span> <span class='ocrx_word' id='word_1_222' title='bbox 1334 1701 1409 1748; x_wconf 84' lang='lat' dir='ltr'><strong>illa,</strong></span> 
     </span>
     <span class='ocr_line' id='line_1_30' title="bbox 76 1765 1500 1821; baseline -0.002 -12"><span class='ocrx_word' id='word_1_223' title='bbox 76 1783 235 1821; x_wconf 90' lang='lat' dir='ltr'><strong>quaeso,</strong></span> <span class='ocrx_word' id='word_1_224' title='bbox 258 1768 392 1808; x_wconf 90' lang='lat' dir='ltr'><strong>audite</strong></span> <span class='ocrx_word' id='word_1_225' title='bbox 412 1776 451 1807; x_wconf 89' lang='lat' dir='ltr'><strong>et</strong></span> <span class='ocrx_word' id='word_1_226' title='bbox 471 1767 687 1818; x_wconf 87' lang='lat' dir='ltr'><strong>diligenter,</strong></span> <span class='ocrx_word' id='word_1_227' title='bbox 711 1766 812 1805; x_wconf 89' lang='lat' dir='ltr'><strong>sicut</strong></span> <span class='ocrx_word' id='word_1_228' title='bbox 831 1767 964 1805; x_wconf 89' lang='lat' dir='ltr'><strong>adhuc</strong></span> <span class='ocrx_word' id='word_1_229' title='bbox 985 1765 1145 1813; x_wconf 89' lang='lat' dir='ltr'><strong>fecistis,</strong></span> <span class='ocrx_word' id='word_1_230' title='bbox 1162 1766 1366 1805; x_wconf 83' lang='lat' dir='ltr'><strong>attendite.</strong></span> <span class='ocrx_word' id='word_1_231' title='bbox 1438 1783 1500 1814; x_wconf 70' lang='lat'><strong>103,</strong></span> 
     </span>
     <span class='ocr_line' id='line_1_31' title="bbox 131 1831 1412 1882; baseline -0.004 -8"><span class='ocrx_word' id='word_1_232' title='bbox 131 1836 266 1874; x_wconf 90' lang='lat' dir='ltr'><strong>Insula</strong></span> <span class='ocrx_word' id='word_1_233' title='bbox 286 1842 344 1874; x_wconf 89' lang='lat' dir='ltr'><strong>est</strong></span> <span class='ocrx_word' id='word_1_234' title='bbox 362 1833 512 1880; x_wconf 87' lang='lat' dir='ltr'><strong>Melita,</strong></span> <span class='ocrx_word' id='word_1_235' title='bbox 528 1832 689 1879; x_wconf 88' lang='lat' dir='ltr'><strong>iudices,</strong></span> <span class='ocrx_word' id='word_1_236' title='bbox 709 1832 801 1871; x_wconf 87' lang='lat' dir='ltr'><strong>satis</strong></span> <span class='ocrx_word' id='word_1_237' title='bbox 822 1833 902 1870; x_wconf 91' lang='lat' dir='ltr'><strong>lato</strong></span> <span class='ocrx_word' id='word_1_238' title='bbox 917 1845 940 1870; x_wconf 91' lang='lat' dir='ltr'><strong>a</strong></span> <span class='ocrx_word' id='word_1_239' title='bbox 962 1831 1093 1870; x_wconf 83' lang='lat' dir='ltr'><strong>Sicilia</strong></span> <span class='ocrx_word' id='word_1_240' title='bbox 1111 1831 1206 1870; x_wconf 83' lang='lat' dir='ltr'><strong>mari</strong></span> <span class='ocrx_word' id='word_1_241' title='bbox 1223 1831 1412 1882; x_wconf 89' lang='lat' dir='ltr'><strong>periculo-</strong></span> 
     </span>
     <span class='ocr_line' id='line_1_32' title="bbox 74 1895 1411 1951; baseline -0.004 -12"><span class='ocrx_word' id='word_1_242' title='bbox 74 1913 198 1951; x_wconf 90' lang='lat' dir='ltr'><strong>soque</strong></span> <span class='ocrx_word' id='word_1_243' title='bbox 215 1899 391 1939; x_wconf 89' lang='lat' dir='ltr'><strong>diiuncta</strong></span> <span class='ocrx_word' id='word_1_244' title='bbox 405 1912 416 1945; x_wconf 78' lang='lat'><em>3</em></span> <span class='ocrx_word' id='word_1_245' title='bbox 445 1898 484 1936; x_wconf 91' lang='lat' dir='ltr'><strong>in</strong></span> <span class='ocrx_word' id='word_1_246' title='bbox 501 1911 579 1948; x_wconf 88' lang='lat' dir='ltr'><strong>qua</strong></span> <span class='ocrx_word' id='word_1_247' title='bbox 594 1904 652 1936; x_wconf 89' lang='lat' dir='ltr'><strong>est</strong></span> <span class='ocrx_word' id='word_1_248' title='bbox 669 1898 812 1936; x_wconf 88' lang='lat' dir='ltr'><strong>eodem</strong></span> <span class='ocrx_word' id='word_1_249' title='bbox 833 1896 996 1935; x_wconf 89' lang='lat' dir='ltr'><strong>nomine</strong></span> <span class='ocrx_word' id='word_1_250' title='bbox 1017 1895 1222 1946; x_wconf 86' lang='lat' dir='ltr'><strong>oppidum,</strong></span> <span class='ocrx_word' id='word_1_251' title='bbox 1238 1909 1318 1945; x_wconf 91' lang='lat' dir='ltr'><strong>quo</strong></span> <span class='ocrx_word' id='word_1_252' title='bbox 1340 1896 1411 1934; x_wconf 80' lang='lat' dir='ltr'><strong>iste</strong></span> 
     </span>
     <span class='ocr_line' id='line_1_33' title="bbox 74 1959 1410 2014; baseline -0.004 -12"><span class='ocrx_word' id='word_1_253' title='bbox 74 1977 293 2014; x_wconf 90' lang='lat' dir='ltr'><strong>numquam</strong></span> <span class='ocrx_word' id='word_1_254' title='bbox 313 1961 488 2008; x_wconf 88' lang='lat' dir='ltr'><strong>accessit,</strong></span> <span class='ocrx_word' id='word_1_255' title='bbox 511 1962 620 2011; x_wconf 93' lang='lat' dir='ltr'><strong>quod</strong></span> <span class='ocrx_word' id='word_1_256' title='bbox 641 1968 773 2000; x_wconf 88' lang='lat' dir='ltr'><strong>tamen</strong></span> <span class='ocrx_word' id='word_1_257' title='bbox 795 1960 857 1999; x_wconf 90' lang='lat' dir='ltr'><strong>isti</strong></span> <span class='ocrx_word' id='word_1_258' title='bbox 877 1960 1089 1999; x_wconf 88' lang='lat' dir='ltr'><strong>textrinum</strong></span> <span class='ocrx_word' id='word_1_259' title='bbox 1111 1973 1179 2010; x_wconf 89' lang='lat' dir='ltr'><strong>per</strong></span> <span class='ocrx_word' id='word_1_260' title='bbox 1200 1959 1410 1998; x_wconf 87' lang='lat' dir='ltr'><strong>triennium</strong></span> 
     </span>
     <span class='ocr_line' id='line_1_34' title="bbox 74 2025 1410 2075; baseline -0.005 -6"><span class='ocrx_word' id='word_1_261' title='bbox 74 2031 125 2069; x_wconf 88' lang='lat' dir='ltr'><strong>ad</strong></span> <span class='ocrx_word' id='word_1_262' title='bbox 158 2028 390 2068; x_wconf 89' lang='lat' dir='ltr'><strong>muliebrem</strong></span> <span class='ocrx_word' id='word_1_263' title='bbox 422 2034 571 2066; x_wconf 86' lang='lat' dir='ltr'><strong>vestem</strong></span> <span class='ocrx_word' id='word_1_264' title='bbox 603 2026 893 2065; x_wconf 91' lang='lat' dir='ltr'><strong>conficiendam</strong></span> <span class='ocrx_word' id='word_1_265' title='bbox 929 2025 1010 2064; x_wconf 90' lang='lat' dir='ltr'><strong>fuit.</strong></span> <span class='ocrx_word' id='word_1_266' title='bbox 1081 2025 1147 2063; x_wconf 92' lang='lat' dir='ltr'><strong>Ab</strong></span> <span class='ocrx_word' id='word_1_267' title='bbox 1181 2037 1229 2063; x_wconf 90' lang='lat' dir='ltr'><strong>eo</strong></span> <span class='ocrx_word' id='word_1_268' title='bbox 1260 2025 1410 2075; x_wconf 91' lang='lat' dir='ltr'><strong>oppido</strong></span> 
     </span>
    </p>
   </div>
   <div class='ocr_carea' id='block_1_7' title="bbox 120 2130 1409 2174">
    <p class='ocr_par' dir='ltr' id='par_1_7' title="bbox 120 2130 1409 2174">
     <span class='ocr_line' id='line_1_35' title="bbox 120 2130 1409 2174; baseline -0.006 -8"><span class='ocrx_word' id='word_1_269' title='bbox 120 2145 139 2166; x_wconf 84' lang='lat'>2</span> <span class='ocrx_word' id='word_1_270' title='bbox 165 2135 245 2174; x_wconf 89' lang='lat' dir='ltr'><strong>quid</strong></span> <span class='ocrx_word' id='word_1_271' title='bbox 273 2137 437 2174; x_wconf 85' lang='lat' dir='ltr'><strong>expectas</strong></span> <span class='ocrx_word' id='word_1_272' title='bbox 461 2136 528 2172; x_wconf 82' lang='lat' dir='ltr'><strong>pq:</strong></span> <span class='ocrx_word' id='word_1_273' title='bbox 555 2130 635 2171; x_wconf 91' lang='lat' dir='ltr'><strong>quid</strong></span> <span class='ocrx_word' id='word_1_274' title='bbox 657 2136 790 2171; x_wconf 83' lang='lat' dir='ltr'><strong>spectas</strong></span> <span class='ocrx_word' id='word_1_275' title='bbox 811 2130 895 2162; x_wconf 79' lang='lat' dir='ltr'><strong>RS:</strong></span> <span class='ocrx_word' id='word_1_276' title='bbox 921 2135 1056 2169; x_wconf 88' lang='lat' dir='ltr'><strong>spectas</strong></span> <span class='ocrx_word' id='word_1_277' title='bbox 1072 2130 1088 2158; x_wconf 89' lang='grc' dir='ltr'>δ</span> <span class='ocrx_word' id='word_1_278' title='bbox 1221 2138 1240 2167; x_wconf 85' lang='grc'><em>5</em></span> <span class='ocrx_word' id='word_1_279' title='bbox 1267 2130 1409 2159; x_wconf 87' lang='lat' dir='ltr'><strong>ornandi</strong></span> 
     </span>
    </p>
   </div>
   <div class='ocr_carea' id='block_1_8' title="bbox 77 2173 1416 2435">
    <p class='ocr_par' dir='ltr' id='par_1_8' title="bbox 77 2173 1416 2435">
     <span class='ocr_line' id='line_1_36' title="bbox 77 2173 1411 2213; baseline -0.004 -4"><span class='ocrx_word' id='word_1_280' title='bbox 77 2178 222 2210; x_wconf 71' lang='lat' dir='ltr'><em>RSHn:</em></span> <span class='ocrx_word' id='word_1_281' title='bbox 248 2177 366 2208; x_wconf 89' lang='lat' dir='ltr'><strong>orandi</strong></span> <span class='ocrx_word' id='word_1_282' title='bbox 386 2178 401 2206; x_wconf 90' lang='grc' dir='ltr'><em>δ</em></span> <span class='ocrx_word' id='word_1_283' title='bbox 418 2179 447 2207; x_wconf 77' lang='lat' dir='ltr'><strong>et</strong></span> <span class='ocrx_word' id='word_1_284' title='bbox 464 2174 534 2207; x_wconf 85' lang='lat' dir='ltr'><strong>edd.</strong></span> <span class='ocrx_word' id='word_1_285' title='bbox 676 2183 714 2213; x_wconf 88' lang='lat'><strong>15</strong></span> <span class='ocrx_word' id='word_1_286' title='bbox 740 2185 800 2205; x_wconf 87' lang='lat' dir='ltr'><strong>nec</strong></span> <span class='ocrx_word' id='word_1_287' title='bbox 821 2185 919 2206; x_wconf 86' lang='lat' dir='ltr'><strong>nosse</strong></span> <span class='ocrx_word' id='word_1_288' title='bbox 936 2173 1101 2210; x_wconf 76' lang='lat' dir='ltr'><strong>Zielinski,</strong></span> <span class='ocrx_word' id='word_1_289' title='bbox 1116 2178 1151 2213; x_wconf 85' lang='lat' dir='ltr'><strong>p.</strong></span> <span class='ocrx_word' id='word_1_290' title='bbox 1175 2182 1234 2211; x_wconf 91' lang='lat'><strong>197</strong></span> <span class='ocrx_word' id='word_1_291' title='bbox 1373 2174 1411 2203; x_wconf 83' lang='lat'><strong>16</strong></span> 
     </span>
     <span class='ocr_line' id='line_1_37' title="bbox 77 2215 1410 2260; baseline -0.005 -7"><span class='ocrx_word' id='word_1_292' title='bbox 77 2222 167 2253; x_wconf 90' lang='lat' dir='ltr'><strong>illam</strong></span> <span class='ocrx_word' id='word_1_293' title='bbox 185 2232 250 2254; x_wconf 81' lang='lat' dir='ltr'><strong>om,</strong></span> <span class='ocrx_word' id='word_1_294' title='bbox 268 2221 327 2252; x_wconf 76' lang='grc' dir='ltr'><strong>ΞΨ</strong></span> <span class='ocrx_word' id='word_1_295' title='bbox 440 2219 586 2260; x_wconf 84' lang='lat' dir='ltr'><strong>putastis</strong></span> <span class='ocrx_word' id='word_1_296' title='bbox 604 2218 706 2249; x_wconf 83' lang='lat' dir='ltr'><strong>fuisse</strong></span> <span class='ocrx_word' id='word_1_297' title='bbox 723 2230 745 2247; x_wconf 93' lang='grc' dir='ltr'><em>π</em></span> <span class='ocrx_word' id='word_1_298' title='bbox 881 2219 919 2249; x_wconf 81' lang='lat'><strong>18</strong></span> <span class='ocrx_word' id='word_1_299' title='bbox 946 2218 996 2248; x_wconf 87' lang='lat' dir='ltr'><strong>Ac</strong></span> <span class='ocrx_word' id='word_1_300' title='bbox 1014 2229 1035 2247; x_wconf 86' lang='grc' dir='ltr'><em>π</em></span> <span class='ocrx_word' id='word_1_301' title='bbox 1051 2228 1057 2247; x_wconf 87' lang='lat'>:</span> <span class='ocrx_word' id='word_1_302' title='bbox 1082 2227 1124 2247; x_wconf 87' lang='lat' dir='ltr'><strong>an</strong></span> <span class='ocrx_word' id='word_1_303' title='bbox 1144 2215 1207 2247; x_wconf 77' lang='lat' dir='ltr'><strong>RS</strong></span> <span class='ocrx_word' id='word_1_304' title='bbox 1222 2227 1227 2245; x_wconf 75' lang='grc' dir='ltr'><strong><em>ε</em></strong></span> <span class='ocrx_word' id='word_1_305' title='bbox 1254 2221 1287 2246; x_wconf 83' lang='lat' dir='ltr'><strong>at</strong></span> <span class='ocrx_word' id='word_1_306' title='bbox 1305 2217 1320 2245; x_wconf 91' lang='grc' dir='ltr'>δ</span> <span class='ocrx_word' id='word_1_307' title='bbox 1339 2216 1410 2246; x_wconf 81' lang='lat' dir='ltr'><strong>edd.</strong></span> 
     </span>
     <span class='ocr_line' id='line_1_38' title="bbox 78 2260 1409 2299; baseline -0.005 -3"><span class='ocrx_word' id='word_1_308' title='bbox 78 2266 213 2296; x_wconf 86' lang='lat' dir='ltr'><strong>minime</strong></span> <span class='ocrx_word' id='word_1_309' title='bbox 231 2264 289 2297; x_wconf 77' lang='lat' dir='ltr'><strong>del.</strong></span> <span class='ocrx_word' id='word_1_310' title='bbox 310 2263 439 2294; x_wconf 80' lang='lat' dir='ltr'><strong>Halm:</strong></span> <span class='ocrx_word' id='word_1_311' title='bbox 467 2262 603 2293; x_wconf 85' lang='lat' dir='ltr'><strong>minime</strong></span> <span class='ocrx_word' id='word_1_312' title='bbox 621 2267 673 2293; x_wconf 88' lang='lat' dir='ltr'><strong>est</strong></span> <span class='ocrx_word' id='word_1_313' title='bbox 691 2261 809 2292; x_wconf 86' lang='lat' dir='ltr'><strong>mirum</strong></span> <span class='ocrx_word' id='word_1_314' title='bbox 829 2273 851 2292; x_wconf 88' lang='grc' dir='ltr'><em>π</em></span> <span class='ocrx_word' id='word_1_315' title='bbox 1027 2271 1066 2299; x_wconf 92' lang='lat'><strong>19</strong></span> <span class='ocrx_word' id='word_1_316' title='bbox 1090 2260 1255 2299; x_wconf 84' lang='lat' dir='ltr'><strong>virginum</strong></span> <span class='ocrx_word' id='word_1_317' title='bbox 1275 2270 1312 2290; x_wconf 85' lang='lat' dir='ltr'><strong>ac</strong></span> <span class='ocrx_word' id='word_1_318' title='bbox 1332 2260 1409 2290; x_wconf 85' lang='lat' dir='ltr'><strong>mul.</strong></span> 
     </span>
     <span class='ocr_line' id='line_1_39' title="bbox 77 2305 1408 2346; baseline -0.006 -6"><span class='ocrx_word' id='word_1_319' title='bbox 77 2309 251 2340; x_wconf 76' lang='lat' dir='ltr'><strong>Hotoman</strong></span> <span class='ocrx_word' id='word_1_320' title='bbox 416 2317 456 2336; x_wconf 85' lang='lat'><strong>22</strong></span> <span class='ocrx_word' id='word_1_321' title='bbox 484 2307 647 2346; x_wconf 86' lang='lat' dir='ltr'><strong>conplura</strong></span> <span class='ocrx_word' id='word_1_322' title='bbox 665 2305 748 2336; x_wconf 83' lang='lat' dir='ltr'><strong>RS:</strong></span> <span class='ocrx_word' id='word_1_323' title='bbox 774 2305 961 2345; x_wconf 86' lang='lat' dir='ltr'><strong>compluria</strong></span> <span class='ocrx_word' id='word_1_324' title='bbox 978 2305 1080 2336; x_wconf 66' lang='lat' dir='ltr'><strong>Prisc.</strong></span> <span class='ocrx_word' id='word_1_325' title='bbox 1242 2313 1282 2342; x_wconf 83' lang='lat'><strong>23</strong></span> <span class='ocrx_word' id='word_1_326' title='bbox 1312 2314 1408 2334; x_wconf 85' lang='lat' dir='ltr'><strong>unam</strong></span> 
     </span>
     <span class='ocr_line' id='line_1_40' title="bbox 78 2346 1408 2392; baseline -0.005 -9"><span class='ocrx_word' id='word_1_327' title='bbox 78 2352 196 2392; x_wconf 81' lang='lat' dir='ltr'><strong>eligam</strong></span> <span class='ocrx_word' id='word_1_328' title='bbox 212 2358 256 2392; x_wconf 83' lang='lat' dir='ltr'><strong>pq</strong></span> <span class='ocrx_word' id='word_1_329' title='bbox 268 2351 332 2383; x_wconf 86' lang='lat' dir='ltr'><strong>cod.</strong></span> <span class='ocrx_word' id='word_1_330' title='bbox 351 2351 419 2382; x_wconf 72' lang='lat' dir='ltr'><strong>Vrs.</strong></span> <span class='ocrx_word' id='word_1_331' title='bbox 499 2351 541 2380; x_wconf 84' lang='lat'><strong>26</strong></span> <span class='ocrx_word' id='word_1_332' title='bbox 567 2350 608 2380; x_wconf 88' lang='lat' dir='ltr'><strong>ab</strong></span> <span class='ocrx_word' id='word_1_333' title='bbox 627 2348 740 2380; x_wconf 85' lang='lat' dir='ltr'><strong>Sicilia</strong></span> <span class='ocrx_word' id='word_1_334' title='bbox 757 2350 774 2378; x_wconf 89' lang='grc' dir='ltr'><em>δ</em></span> <span class='ocrx_word' id='word_1_335' title='bbox 792 2348 884 2389; x_wconf 76' lang='grc' dir='ltr'>(Βῐυ.</span> <span class='ocrx_word' id='word_1_336' title='bbox 905 2352 920 2388; x_wconf 67' lang='grc' dir='ltr'><strong>ξ</strong></span> <span class='ocrx_word' id='word_1_337' title='bbox 940 2349 994 2388; x_wconf 77' lang='lat'><strong>28)</strong></span> <span class='ocrx_word' id='word_1_338' title='bbox 1074 2358 1114 2387; x_wconf 86' lang='lat'><strong>27</strong></span> <span class='ocrx_word' id='word_1_339' title='bbox 1142 2348 1289 2378; x_wconf 81' lang='lat' dir='ltr'><strong>diiuncta</strong></span> <span class='ocrx_word' id='word_1_340' title='bbox 1302 2346 1345 2377; x_wconf 78' lang='lat' dir='ltr'><strong>R1</strong></span> <span class='ocrx_word' id='word_1_341' title='bbox 1362 2348 1408 2383; x_wconf 66' lang='lat' dir='ltr'><strong>(ii,</strong></span> 
     </span>
     <span class='ocr_line' id='line_1_41' title="bbox 80 2390 1416 2435; baseline -0.007 -7"><span class='ocrx_word' id='word_1_342' title='bbox 80 2399 116 2433; x_wconf 63' lang='grc' dir='ltr'><strong>ἐξ</strong></span> <span class='ocrx_word' id='word_1_343' title='bbox 140 2408 166 2428; x_wconf 86' lang='lat'><strong>1.</strong></span> <span class='ocrx_word' id='word_1_344' title='bbox 193 2398 265 2435; x_wconf 47' lang='lat'><strong>154*</strong></span> <span class='ocrx_word' id='word_1_345' title='bbox 285 2408 292 2426; x_wconf 76' lang='lat' dir='ltr'><strong>t</strong></span> <span class='ocrx_word' id='word_1_346' title='bbox 318 2396 482 2426; x_wconf 84' lang='lat' dir='ltr'><strong>disiuncta</strong></span> <span class='ocrx_word' id='word_1_347' title='bbox 498 2393 598 2434; x_wconf 73' lang='lat' dir='ltr'><strong>R‘2Sp</strong></span> <span class='ocrx_word' id='word_1_348' title='bbox 615 2394 646 2433; x_wconf 67' lang='grc' dir='ltr'><strong>(ξ</strong></span> <span class='ocrx_word' id='word_1_349' title='bbox 671 2393 845 2432; x_wconf 64' lang='lat' dir='ltr'><strong>1171&#39;11s11a&#39;j</strong></span> <span class='ocrx_word' id='word_1_350' title='bbox 963 2393 1005 2423; x_wconf 85' lang='lat'><strong>28</strong></span> <span class='ocrx_word' id='word_1_351' title='bbox 1030 2401 1104 2423; x_wconf 86' lang='lat' dir='ltr'><strong>cum</strong></span> <span class='ocrx_word' id='word_1_352' title='bbox 1128 2397 1240 2423; x_wconf 88' lang='lat' dir='ltr'><strong>tamen</strong></span> <span class='ocrx_word' id='word_1_353' title='bbox 1264 2390 1416 2421; x_wconf 61' lang='lat' dir='ltr'><strong>[Vc-idries</strong></span> 
     </span>
    </p>
   </div>
  </div>
 </body>
</html>
