1600 2704
125 78 395 120 ACTIONIS
428 83 490 122 IN
520 84 564 124 c.
588 87 830 128 VERREM
861 92 1162 136 SECVNDAE
1193 100 1296 139 LIB.
1322 103 1340 140 1
1380 103 1424 141 18
1446 72 1535 152 ψῃ

94 190 210 230 donis
223 191 345 241 istius,
357 203 499 235 onusta
512 196 632 248 signis
649 199 847 250 religiosis,
858 207 1019 254 expulsa
1027 215 1146 258 atque
1162 210 1286 251 eiecta
1299 215 1420 254 fluctu

92 255 303 306 frangitur3
341 258 382 297 in
411 259 523 300 litore
552 262 662 313 signa
691 264 756 303 illa
784 268 980 316 Apollinis
1010 273 1255 322 reperiuntur
1270 291 1279 323 ;
1313 277 1419 318 iussu

92 319 325 361 Dolabellae
344 332 599 374 reponuntur.
657 329 891 380 Tempestas
908 335 1076 383 sedatur,
1094 338 1301 379 Dolabella
1317 343 1418 382 Delo

86 385 354 433 proficiscitur.

49 461 66 492 5
141 450 234 488 Non
255 451 397 492 dubito
417 454 524 504 quin,
543 457 698 496 tametsi
720 460 848 499 nullus
869 460 909 500 in
931 469 968 501 te
989 476 1126 504 sensus
1148 468 1413 519 humanitatis,
1435 490 1473 524 47

83 514 191 552 nulla
221 515 319 554 ratio
350 531 540 569 umquam
573 520 644 560 fuit
678 523 885 574 religionis,
923 540 1028 567 nunc
1063 537 1196 570 tamen
1227 532 1266 572 in
1307 544 1413 575 metu

81 577 337 630 periculoque
366 589 435 621 tuo
465 590 622 623 tuorum
657 586 727 625 tibi
766 591 958 629 scelerum
990 593 1120 633 veniat
1151 595 1190 634 in
1225 607 1410 639 mentem.

81 641 269 682 Potestne
298 645 370 684 tibi
399 648 478 685 ulla
507 662 594 699 spes
634 652 768 690 salutis
798 658 1012 695 commoda
1040 660 1206 707 ostendi,
1237 675 1327 701 cum
1358 679 1412 704 re-

79 707 252 746 cordaris
270 707 311 747 in
339 711 437 750 deos
458 712 688 754 immortalis
719 730 837 767 quam
868 718 1022 770 impius,
1045 735 1164 773 quarn
1186 728 1407 777 sceleratus,

21 783 59 806 10
77 783 197 819 quam
235 775 406 814 nefarius
445 778 592 817 fueris?
639 782 919 830 Apollinemne
958 793 999 824 tu
1041 788 1201 828 Delium
1240 793 1408 842 spoliare

75 847 194 874 ausus
233 840 307 876 es?
356 840 471 880 Illine
513 850 555 881 tu
601 847 751 894 templo
799 854 879 886 tam
922 850 1097 901 antiquo,
1135 861 1215 892 tam
1255 865 1406 906 sancto,

74 906 155 938 tam
184 902 366 953 religioso
401 919 541 945 manus
572 907 711 959 impias
742 924 788 949 ac
822 913 1026 965 sacrilegas
1056 918 1207 957 adferre
1239 930 1403 961 conatus

72 965 144 1002 es?
190 965 231 1004 Si
260 966 300 1005 in
325 969 491 1018 pueritia
520 985 601 1010 non
632 973 676 1012 iis
704 975 851 1014 artibus
881 990 927 1016 ac
957 979 1173 1030 disciplinis
1203 983 1402 1025 institutus

71 1041 155 1068 eras
202 1038 246 1070 ut
293 1046 340 1072 ea
381 1048 482 1085 quae
525 1036 661 1077 litteris
703 1041 889 1080 mandata
937 1051 1027 1082 sunt
1069 1046 1240 1086 disceres
1282 1058 1401 1101 atque

12 1105 48 1139 15
68 1107 338 1145 cognosceres,
380 1113 431 1138 ne
471 1109 608 1150 postea
654 1103 827 1153 quidem,
873 1120 962 1145 cum
1007 1108 1047 1146 in
1092 1124 1138 1149 ea
1185 1112 1268 1163 ipsa
1314 1116 1399 1154 loca

66 1159 218 1207 venisti,
255 1163 418 1212 potuisti
451 1166 629 1216 accipere
663 1168 703 1207 id
738 1172 847 1219 quod
881 1180 939 1211 est
973 1175 1173 1223 proditum
1209 1181 1397 1219 memoria

64 1236 110 1262 ac
141 1223 288 1273 litteris,
327 1229 520 1268 Latonam
553 1244 599 1270 ex
631 1234 749 1284 longo
778 1248 906 1274 errore
937 1245 976 1277 et
1006 1240 1095 1289 fuga
1125 1242 1325 1291 gravidam
1358 1254 1396 1284 et
1415 1253 1456 1293 48

62 1286 141 1327 iam
179 1291 231 1329 ad
263 1292 498 1342 pariendum
534 1299 778 1348 temporibus
809 1302 953 1341 exactis
992 1306 1216 1356 confugisse
1247 1310 1391 1348 Delum

61 1359 180 1403 atque
195 1354 250 1394 ibi
271 1358 499 1408 Apollinem
514 1361 767 1414 Dianamque
784 1367 1011 1417 peperisse?
1040 1382 1117 1420 qua
1137 1384 1183 1410 ex
1204 1373 1392 1423 opinione

2 1429 41 1452 20
59 1417 267 1459 hominum
289 1421 354 1460 illa
378 1422 504 1463 insula
525 1439 661 1466 eorum
689 1430 856 1468 deorum
883 1445 991 1471 sacra
1011 1442 1179 1484 putatur,
1203 1444 1391 1489 tantaque

58 1480 141 1520 eius
170 1485 380 1526 auctoritas
402 1489 598 1540 religionis
626 1500 664 1530 et
694 1502 752 1532 est
773 1503 810 1533 et
832 1509 986 1547 semper
1016 1499 1087 1537 fuit
1108 1508 1149 1538 ut
1177 1515 1226 1540 ne
1248 1505 1390 1544 Persae

56 1546 229 1596 quidem,
257 1564 348 1590 cum
379 1553 527 1594 bellum
558 1557 628 1595 toti
665 1559 863 1608 Graeciae,
893 1562 953 1601 dis
979 1564 1298 1618 hominibusque,
1334 1570 1388 1609 in-

55 1610 254 1661 dixissent,
295 1624 334 1655 et
380 1618 486 1657 mille
531 1634 697 1661 numero
740 1625 899 1664 navium
940 1629 1105 1667 classem
1147 1632 1199 1670 ad
1239 1634 1385 1673 Delum

53 1676 308 1727 adpulissent‚
332 1682 546 1734 quicquam
567 1696 804 1727 conarentur
833 1699 900 1729 aut
921 1691 1065 1732 violare
1093 1702 1160 1733 aut
1179 1697 1382 1749 attingere.

0 1752 33 1784 25
54 1741 147 1780 Hoc
167 1750 209 1782 tu
229 1746 364 1785 fanum
385 1749 628 1801 depopulari,
653 1755 774 1793 homo
803 1754 1093 1806 improbissime
1113 1767 1232 1811 atque
1252 1775 1384 1802 amen-

51 1804 209 1855 tissime,
241 1812 447 1852 audebas?
495 1816 585 1855 Fuit
617 1819 695 1856 ulla
727 1820 922 1870 cupiditas
955 1829 1063 1861 tanta
1097 1837 1199 1874 quae
1231 1834 1380 1867 tantam

49 1871 311 1922 exstingueret
330 1878 589 1928 religionem?
630 1885 681 1921 Et
701 1883 732 1921 si
761 1892 844 1923 tum
867 1887 964 1925 haec
985 1901 1065 1926 non
1093 1889 1305 1939 cogitabas,
1329 1906 1381 1932 ne

46 1947 153 1974 nunc
183 1938 345 1987 quidem
376 1945 588 1984 recordaris
611 1949 762 1986 nullum
793 1962 877 1988 esse
907 1958 1060 1990 tantum
1091 1955 1238 1992 malurn
1269 1959 1377 2006 quod

44 2011 125 2038 non
147 2000 218 2040 tibi
236 2016 307 2053 pro
328 2008 539 2047 sceleribus
560 2010 636 2049 tuis
657 2011 734 2050 iam
756 2013 823 2051 diu
844 2015 1066 2054 debeatur?

86 2113 106 2133 2
130 2103 186 2135 illa
203 2104 307 2138 Dw:
332 2118 399 2140 om.
414 2111 479 2151 qu
496 2111 602 2143 Sclzol.
618 2113 760 2145 Gronov.
854 2127 871 2156 7
895 2119 1023 2149 venerit
1041 2119 1097 2158 q¹r
1214 2131 1249 2152 11
1277 2122 1374 2155 illine

42 2144 129 2179 Dal.
147 2159 188 2178 rr:
213 2149 260 2179 illi
281 2150 336 2190 G12
429 2164 467 2193 13
484 2155 525 2186 iis
541 2155 608 2187 edd.
630 2167 700 2189 recc.
718 2168 724 2188 :
747 2158 798 2189 his
809 2157 865 2199 Dp
876 2161 941 2193 rell.
1037 2164 1075 2192 16
1093 2165 1276 2196 memoriae
1293 2167 1374 2208 Glba

45 2190 83 2219 18
106 2191 147 2222 ad
164 2193 361 2231 pariendum
378 2196 520 2229 vicinam
538 2201 572 2229 νδ
716 2210 754 2240 19
780 2202 822 2232 ibi
837 2214 902 2235 om.
915 2205 1051 2246 inlac.p
1162 2218 1203 2239 22
1228 2209 1371 2241 hornini-

41 2231 168 2273 busque
179 2234 248 2275 pGl
267 2237 343 2269 Asc.
364 2250 371 2269 :
395 2240 588 2273 hominibus
608 2242 673 2273 ΒΨ
763 2255 802 2285 25
828 2247 1027 2287 depopulari
1045 2249 1063 2279 b
1079 2261 1086 2281 :
1110 2261 1181 2281 ·are
1199 2251 1285 2293 pr
1301 2254 1343 2285 al.
1364 2266 1371 2285 t

40 2275 235 2315 depeculari
251 2278 384 2318 Lamb„
405 2283 518 2316 Muell.
539 2286 585 2328 (Ι,
604 2289 619 2324 ξ
642 2286 696 2328 14)
808 2291 850 2321 26
874 2290 939 2322 ulla
958 2291 997 2331 G,
1016 2293 1059 2324 al.
1076 2304 1083 2324 ε
1108 2293 1164 2325 illa
1181 2294 1237 2336 Dp
1253 2298 1367 2337 etpler.

40 2329 82 2358 29
104 2320 169 2351 iam
189 2322 252 2353 nb:
276 2329 342 2355 tam
360 2326 425 2357 ΒΨ

81 2372 144 2396 cle.
161 2374 240 2397 VER.
