1600 2704
353 88 414 126 IN
445 89 489 128 C.
521 91 763 132 VERREM
794 96 968 138 ACTIO
1001 101 1183 142 PRIMA
1384 118 1428 156 13
1449 121 1489 155 37

98 189 242 230 iudicia
283 194 335 233 ad
377 204 557 237 senatum
600 203 784 241 translata
828 213 929 252 sunt,
970 207 1010 246 in
1049 211 1164 250 rebus
1204 213 1424 256 iudicandis

97 254 242 294 nefarie
267 257 538 311 flagitioseque
564 263 666 303 facta
692 275 793 306 sunt.
854 270 1080 321 Cognoscet
1100 289 1147 314 ex
1167 289 1230 315 me
1254 283 1424 330 populus
1445 289 1486 327 38

95 320 302 360 Romanus
322 323 419 373 quid
448 326 497 364 sit
520 340 640 378 quam
671 331 723 370 ob
753 345 846 380 rem,
869 348 960 375 cum
990 348 1172 388 equester
1199 344 1298 382 ordo
1328 345 1423 385 iudi-

93 391 208 430 caret,
227 399 354 426 annos
374 402 498 441 prope
517 393 802 447 quinquaginta
823 400 1033 441 continuos
1053 405 1095 442 in
1117 407 1236 453 nullo,
1259 408 1419 458 iudices,

55 448 224 498 5equite
258 452 444 493 Romano
476 454 677 498 iudicante
710 473 761 500 ne
795 464 1024 506 tenuissima
1053 469 1214 518 quidem
1250 475 1422 524 suspicio

88 522 275 564 acceptae
300 519 492 567 pecuniae
518 522 571 560 ob
598 536 680 562 rem
706 525 961 568 iudicandam
988 535 1201 574 constituta
1222 537 1294 584 sit;
1324 541 1420 589 quid

88 577 137 615 sit
170 581 290 629 quod,
327 581 482 623 iudiciis
514 588 566 625 ad
605 591 845 631 senatorium
884 595 1065 636 ordinem
1104 601 1297 641 translatis
1332 605 1419 643 sub-

87 643 243 695 lataque
272 649 410 698 populi
440 651 612 691 Romani
649 654 687 693 in
722 670 846 696 unum
876 672 1076 712 quemque
1105 674 1275 706 vestrum
1312 678 1418 719 pote-

84 715 193 756 state,
232 712 281 761 Q.
314 713 492 755 Calidius
526 718 737 760 damnatus
775 723 915 763 dixerit
956 727 1117 767 minoris
1154 732 1224 770 HS
1260 734 1416 773 triciens

28 787 66 811 10
82 775 320 823 praetorium
343 779 546 821 hominem
568 783 734 824 honeste
761 800 842 826 non
869 802 986 839 posse
1007 793 1210 843 damnari,·
1244 798 1340 847 quid
1367 800 1415 838 sit

80 840 202 888 quod,
225 842 269 879 P.
290 843 482 894 Septimio
506 857 686 888 senatore
706 851 896 893 damnato
918 856 966 904 Q.
992 858 1211 900 Hortensio
1235 871 1413 912 praetore

79 903 131 941 de
159 906 337 954 pecuniis
367 912 605 960 repetundis,
635 914 680 952 lis
709 917 914 957 aestimata
943 921 992 959 sit
1021 936 1070 961 eo
1100 926 1271 973 nomine,
1301 932 1410 978 quod

78 966 143 1007 ille
162 970 217 1008 ob
236 984 318 1010 rem
339 972 592 1016 iudicandam
614 980 823 1028 pecuniam
844 985 1071 1035 accepisset.
1135 990 1272 1039 Quid?
1299 997 1408 1043 quod
1429 1006 1471 1038 39

77 1031 118 1070 in
139 1034 184 1074 C.
209 1036 428 1086 Herennio,
450 1042 559 1090 quod
588 1041 629 1080 in
650 1045 696 1084 C.
719 1047 885 1097 Popilio,
908 1052 1167 1101 senatoribus,
1190 1056 1259 1106 qui
1288 1061 1407 1099 ambo

19 1109 56 1143 15
75 1100 280 1147 peculatus
309 1103 485 1143 damnati
514 1109 616 1154 su'nt,
648 1112 757 1159 quod
789 1111 829 1150 in
861 1114 916 1152 M.
949 1116 1082 1165 Atilio,
1114 1120 1182 1170 qui
1211 1123 1262 1161 de
1292 1124 1407 1163 maie-

74 1169 174 1202 state
199 1165 409 1207 damnatus
435 1177 505 1217 est,
534 1172 611 1211 hoc
637 1175 801 1224 planum
828 1178 975 1218 facturn
1003 1190 1071 1229 est,
1098 1197 1167 1224 eos
1194 1189 1404 1237 pecuniam

71 1227 124 1266 ob
151 1242 231 1268 rem
260 1229 514 1273 iudicandam
538 1238 748 1289 accepisse,
771 1244 881 1292 quod
908 1244 1056 1286 inventi
1084 1258 1174 1289 sunt
1203 1262 1403 1294 senatores

70 1291 136 1341 qui
159 1294 202 1333 C.
227 1296 348 1335 Verre
368 1306 546 1347 praetore
568 1302 720 1343 urbano
740 1306 928 1348 sortiente
949 1311 1097 1351 exirent
1118 1314 1157 1352 in
1179 1329 1269 1355 eum
1292 1332 1400 1358 reum

68 1369 187 1406 quem
222 1359 422 1411 incognita
456 1377 575 1404 causa
612 1370 935 1421 condemnarent,
973 1379 1083 1426 quod
1122 1379 1303 1421 inventus
1342 1393 1400 1423 est

10 1434 50 1458 πο
67 1430 224 1462 senator
244 1425 322 1474 qui,
349 1440 439 1466 cum
470 1428 588 1469 iudex
618 1442 730 1481 esset,
763 1435 802 1474 in
832 1439 975 1478 eodem
1006 1441 1153 1484 iudicio
1183 1454 1221 1484 et
1250 1448 1300 1486 ab
1331 1463 1398 1489 reo

65 1488 274 1537 pecuniam
301 1492 497 1543 acciperet
517 1509 636 1545 quam
665 1498 861 1541 iudicibus
882 1504 1083 1555 divideret,
1108 1518 1146 1548 et
1170 1512 1220 1550 ab
1240 1526 1397 1554 accusa-

64 1558 146 1590 tore
174 1561 217 1592 ut
242 1568 352 1594 reum
379 1560 674 1601 condemnaret.
733 1565 818 1604 Iam
840 1581 931 1607 vero
952 1583 1032 1620 quo
1054 1575 1174 1614 modo
1195 1589 1268 1627 ego
1290 1579 1394 1619 illam
1415 1595 1458 1629 40

62 1616 191 1656 labem
213 1618 470 1669 ignominiam
488 1626 832 1680 calamitatemque
853 1633 973 1672 totius
995 1637 1142 1676 ordinis
1164 1653 1391 1692 conquerar,

62 1681 138 1720 hoc
165 1683 311 1722 factum
340 1699 425 1726 esse
454 1687 494 1727 in
519 1690 593 1729 hac
619 1691 787 1742 civitate,
811 1709 901 1735 cum
928 1702 1145 1741 senatorius
1172 1707 1270 1745 ordo
1298 1708 1394 1748 iudi-

1 1757 41 1789 ²5
61 1754 176 1793 caret,
199 1756 241 1786 ut
261 1749 524 1793 discoloribus
551 1755 670 1806 signis
698 1757 913 1800 iuratorum
940 1764 1146 1806 hominum
1175 1773 1392 1813 sententiae

60 1816 316 1852 notarentur?
373 1817 488 1856 Haec
508 1821 641 1859 omnia
668 1835 730 1862 me
751 1824 958 1876 diligenter
978 1842 1191 1883 severeque
1210 1844 1389 1878 acturum

57 1887 142 1913 esse
162 1878 361 1925 polliceor.

110 1940 202 1988 Quo
230 1955 294 1981 me
320 1946 481 1984 tandem
507 1948 642 1989 animo
669 1953 751 1992 fore
778 1958 934 2005 putatis,
958 1959 989 1997 si
1011 1961 1107 2010 quid
1134 1963 1174 2001 in
1201 1966 1277 2005 hoc
1301 1967 1387 2017 ipso
1405 1979 1451 2018 14

53 2002 200 2044 iudicio
226 2005 454 2049 intellexero
481 2012 597 2052 simili
623 2016 754 2067 aliqua
781 2020 931 2061 ratione
952 2037 1037 2064 esse
1059 2026 1246 2067 violatum
1266 2040 1386 2083 atque

93 2118 112 2146 4
141 2107 174 2139 in
191 2108 266 2141 add.
286 2109 414 2152 Zumpt
501 2116 628 2149 iudices
645 2121 760 2161 scn'psi
776 2121 828 2162 (cfi
850 2124 872 2155 ii
892 2128 907 2163 ξ
924 2136 961 2166 13
975 2128 1109 2169 odfin.)
1131 2143 1137 2162 :
1163 2133 1274 2165 iudice
1290 2136 1380 2170 codd.

48 2159 68 2188 5
91 2152 206 2190 equite
224 2153 322 2185 Rom.
343 2156 512 2190 iudicante
529 2162 598 2191 secl.
617 2161 732 2195 Madv.
751 2165 822 2197 edd.
971 2181 992 2210 9
1015 2172 1087 2204 {Gr-x
1103 2174 1202 2216 qu:
1228 2188 1298 2209 xxx
1316 2180 1380 2212 rell.

51 2203 89 2233 13
113 2194 225 2233 Quid?
249 2199 339 2237 quod
356 2201 489 2241 scripsi:
513 2205 601 2242 quod
619 2206 707 2238 codd.
857 2221 896 2251 14
922 2213 1056 2254 Popilio
1067 2217 1145 2257 Dp:
1173 2220 1318 2261 Popillio
1336 2225 1378 2256 al.

50 2239 173 2277 16,17‚
204 2249 243 2279 19
267 2247 370 2274 est..
391 2267 398 2273 .
419 2251 552 2278 sunt..
572 2272 579 2279 .
600 2254 652 2280 est
678 2250 767 2282 codd.
801 2253 855 2294 (cs.
883 2256 891 2285 i
918 2259 933 2293 ξ
960 2268 1011 2298 20,
1041 2260 1062 2290 ii
1089 2264 1211 2303 §32):
1246 2266 1377 2299 sit...

45 2279 110 2310 sint
127 2303 134 2310 .
154 2304 161 2312 .
181 2306 187 2312 .
207 2284 251 2313 sit
266 2285 336 2315 edd.
430 2298 473 2320 20
496 2295 529 2320 et
545 2301 610 2323 om.
631 2292 666 2323 D
681 2295 723 2324 al.
745 2308 766 2325 π
854 2299 896 2330 28
919 2303 1047 2340 putetis
1064 2303 1100 2335 D
1115 2305 1156 2337 al.
1171 2307 1233 2347 prb
