1600 2704
81 118 129 157 61

155 130 212 161 149
518 108 574 144 M.
605 102 773 142 TVLLI
804 93 1110 139 CICERONIS

152 235 189 266 et
211 236 364 265 summa
393 234 452 260 res
479 216 637 270 publica
666 221 704 253 et
733 213 797 251 illa
821 206 1021 261 provincia
1045 203 1213 243 maxime
1242 198 1475 243 continetur,

74 310 134 342 150
153 291 223 330 tibi
245 298 302 329 est
323 284 648 326 inimicissimum.
699 281 847 317 Verum
868 281 978 319 esto;
1006 269 1084 308 alio
1103 269 1192 306 loco
1213 266 1263 304 de
1283 270 1477 302 aratorum

96 1171 150 1209 62

90 1239 147 1271 ¹51

154 356 287 396 animo
321 361 359 392 et
386 349 534 389 iniuriis
564 347 699 385 videro
715 359 724 391 3
758 354 875 387 nunc,
911 337 1020 387 quod
1054 332 1150 373 mihi
1184 331 1255 369 abs
1286 336 1325 366 te
1354 328 1478 370 datur,

156 422 196 460 id
225 418 388 469 accipio,
421 428 489 454 eos
518 412 589 452 tibi
619 424 704 449 esse
735 403 1036 446 inimicissimos.
1096 399 1253 446 Nempe
1281 394 1334 432 ita
1360 390 1481 430 dicis:

158 493 315 536 propter
341 483 540 520 decumas.
601 474 815 515 Concedo:
855 482 936 506 non
966 476 1121 515 quaero,
1154 462 1236 499 iure
1265 471 1315 496 an
1345 454 1484 494 iniuria
1503 463 1520 493 5

158 551 234 588 sint
266 546 425 586 inimici.
486 541 595 591 Quid
625 539 744 588 ergo?
774 536 861 573 illae
889 531 984 582 quid
1010 528 1083 567 sibi
1111 533 1261 565 statuae
1286 527 1484 572 equestres

160 615 359 652 inauratae
390 610 539 652 volunt,
573 616 673 654 quae
708 598 843 651 populi
881 593 1052 634 Romani
1087 591 1223 629 oculos
1252 586 1486 633 animosque

162 677 328 716 maxime
349 673 567 716 offendunt,
589 674 746 718 propter
766 664 905 702 aedem
922 656 1117 697 Volcani?
1144 666 1235 692 nam
1256 649 1487 699 inscriptum

162 756 246 782 esse
280 740 396 777 video
429 735 629 786 quandam
669 745 715 770 ex
753 728 813 767 his
848 724 983 765 statuis
1017 728 1186 760 aratores
1221 715 1388 755 dedisse.
1447 711 1487 750 Si

164 805 323 846 honoris
354 815 472 841 causa
499 806 666 838 statuam
694 795 899 838 dederunt,
925 786 1073 827 inimici
1100 797 1180 823 non
1211 788 1324 828 sunt3
1358 778 1490 817 creda-
1511 785 1550 808 10

165 886 253 911 mus
287 868 478 914 testibus;
516 873 598 903 tum
632 860 737 900 enim
768 855 909 896 honori
941 862 1020 899 tuo,
1053 862 1159 889 nunc
1197 847 1274 885 iam
1313 841 1491 893 religioni

166 950 259 976 suae
298 933 520 974 consulunt.
582 927 650 967 Sin
689 931 821 963 autem
860 926 967 958 metu
999 914 1125 955 coacti
1160 913 1365 955 dederunt,
1401 919 1492 945 con-

168 1004 299 1041 fiteare
343 1009 504 1036 necesse
547 1001 605 1032 est
644 999 681 1029 te
724 989 764 1027 in
808 983 1009 1037 provincia
1046 977 1233 1031 pecunias
1278 981 1492 1014 statuarum

170 1065 332 1105 nomine
352 1076 420 1113 per
433 1060 511 1099 vim
532 1071 578 1097 ac
595 1063 744 1095 metum
765 1050 951 1100 coegisse.
986 1048 1127 1085 Vtrum
1149 1041 1220 1081 tibi
1236 1037 1494 1079 commodum

169 1139 227 1170 est
247 1129 356 1179 elige.
1517 1109 1555 1142 ¹5

226 1193 424 1244 Equidem
449 1189 614 1227 libenter
641 1186 717 1222 hoc
744 1182 821 1221 iam
852 1178 999 1217 crimen
1029 1176 1079 1214 de
1100 1170 1236 1211 statuis
1264 1168 1493 1216 relinquam,

171 1269 213 1299 ut
248 1257 344 1297 mihi
379 1264 421 1294 tu
455 1253 552 1292 illud
586 1248 793 1293 concedam,
826 1244 934 1295 quod
968 1240 1039 1280 tibi
1070 1234 1391 1277 honestissimum
1427 1237 1495 1275 est,

172 1332 341 1364 aratores
374 1319 445 1359 tibi
475 1318 527 1357 ad
558 1324 726 1354 statuam
758 1308 919 1349 honoris
957 1305 1013 1345 tui
1047 1315 1163 1342 causa
1194 1301 1396 1338 voluntate
1431 1307 1500 1333 sua

174 1387 397 1429 contulisse.
470 1385 532 1421 Da
576 1378 672 1418 mihi
714 1378 814 1423 hoc3
862 1373 939 1412 iarn
982 1368 1053 1409 tibi
1097 1365 1306 1405 maximam
1350 1367 1499 1411 partem

175 1450 417 1494 defensionis
460 1442 718 1498 praecideris3
765 1452 848 1478 non
885 1435 991 1476 enim
1034 1430 1179 1483 poteris
1221 1434 1391 1466 aratores
1430 1422 1501 1462 tibi
1522 1434 1564 1456 20

176 1521 292 1559 iratos
317 1529 403 1555 esse
429 1521 548 1563 atque
577 1507 758 1548 inimicos
788 1504 928 1543 dicere.
989 1500 1025 1538 O
1054 1507 1213 1536 causam
1242 1490 1501 1541 singularem!

176 1602 200 1623 o
232 1581 506 1624 defensionem
538 1575 718 1614 miseram
749 1584 794 1609 ac
824 1566 1041 1620 perditam!
1080 1563 1185 1600 nolle
1216 1560 1293 1598 hoc
1326 1554 1504 1604 accipere

179 1663 288 1689 reum
319 1648 370 1686 ab
401 1649 639 1686 accusatore,
672 1646 710 1676 et
744 1648 835 1675 eum
870 1645 979 1671 reum
1015 1627 1083 1679 qui
1117 1632 1270 1677 praetor
1301 1621 1342 1660 in
1376 1617 1507 1658 Sicilia

179 1714 304 1760 fuerit,
330 1719 500 1749 aratores
528 1705 563 1745 ei
593 1711 761 1743 statuam
792 1712 861 1738 sua
887 1697 1088 1734 voluntate
1116 1688 1307 1733 statuisse,
1336 1691 1507 1723 aratores

180 1781 230 1819 de
250 1791 298 1817 eo
318 1778 421 1814 bene
441 1770 671 1816 existimare,
695 1764 843 1805 amicos
865 1774 960 1806 esse,
984 1759 1135 1797 salvum
1156 1753 1322 1803 cupere!
1363 1746 1509 1786 Metuit
1531 1757 1568 1788 ²5

181 1857 230 1882 ne
250 1844 327 1880 hoc
347 1852 417 1878 vos
438 1833 666 1877 existimetis
682 1847 692 1880 3
722 1827 899 1869 obruitur
920 1823 1024 1864 enim
1044 1829 1241 1860 aratorum
1262 1811 1507 1854 testimoniis.

123 1924 138 1953 5
182 1911 278 1947 Vtar
304 1919 352 1945 eo
377 1904 486 1954 quod
516 1902 639 1940 datur.
702 1897 819 1935 Certe
846 1893 923 1930 hoc
943 1887 1055 1928 vobis
1082 1886 1136 1924 ita
1159 1881 1416 1922 iudicandum
1440 1883 1509 1922 est,

183 1987 250 2013 eos
281 1970 348 2022 qui
382 1968 444 2007 isti
483 1960 742 2005 inimicissimi
778 1964 880 2003 sunt,
912 1962 954 1994 ut
984 1953 1067 2003 ipse
1100 1945 1309 1989 existimari
1338 1944 1431 1989 vult,
1462 1941 1513 1979 ad

184 2038 294 2076 istius
311 2037 481 2074 honores
503 2039 622 2080 atque
642 2029 901 2065 monumenta
921 2016 1107 2070 pecunias
1123 2015 1324 2052 voluntate
1345 2021 1414 2047 sua
1433 2018 1515 2044 non

186 2100 411 2141 contulisse.
472 2099 604 2146 Atque
633 2099 676 2131 ut
704 2092 782 2128 hoc
809 2094 936 2126 totum
966 2080 1150 2121 facillime
1180 2072 1351 2124 intellegi
1379 2069 1513 2123 possit,
1535 2079 1576 2112 50

240 2216 251 2236 1
281 2213 370 2242 resp.
390 2201 453 2231 nk:
478 2198 561 2237 reip.
581 2195 629 2227 Ob
741 2194 762 2223 6
786 2190 866 2230 quid
885 2188 974 2228 (post
992 2183 1083 2223 inae)
1103 2182 1160 2213 cO¹
1180 2193 1187 2212 z
1211 2190 1277 2211 om.
1293 2183 1316 2219 p
1334 2175 1397 2207 rell.
1499 2172 1519 2202 8

193 2248 391 2286 inscriptum
410 2243 477 2274 cO:
504 2241 666 2280 scriptum
685 2235 750 2267 rcll.
855 2243 876 2272 9
900 2230 1021 2262 statuis
1039 2227 1090 2257 O:
1115 2230 1258 2256 statuam
1270 2227 1295 2262 p
1313 2220 1377 2251 rell.
1480 2225 1518 2255 13

195 2290 356 2333 pecunias
376 2287 424 2319 O:
453 2295 517 2316 om.
532 2283 600 2324 qu
789 2285 831 2315 25
855 2274 983 2307 salvum
1003 2272 1055 2302 O:
1089 2269 1218 2300 salvum
1236 2275 1312 2296 esse
1331 2263 1348 2294 Ι)
1364 2261 1409 2293 al.
1427 2260 1460 2300 (ξ
1482 2267 1520 2297 15

195 2338 324 2376 supra)
345 2331 421 2362 etin
439 2338 505 2369 mg.
529 2327 559 2358 Ο
576 2336 622 2356 m.
646 2334 657 2353 1
794 2321 835 2350 28
858 2318 927 2350 sint
939 2321 985 2357 pq
