<?xml version="1.0" encoding="UTF-8"?>
<!DOCTYPE html PUBLIC "-//W3C//DTD XHTML 1.0 Transitional//EN"
    "http://www.w3.org/TR/xhtml1/DTD/xhtml1-transitional.dtd">
<html xmlns="http://www.w3.org/1999/xhtml" xml:lang="en" lang="en">
 <head>
  <title>
</title>
<meta http-equiv="Content-Type" content="text/html;charset=utf-8" />
  <meta name='ocr-system' content='tesseract 3.04.00' />
  <meta name='ocr-capabilities' content='ocr_page ocr_carea ocr_par ocr_line ocrx_word'/>
</head>
<body>
  <div class='ocr_page' id='page_1' title='image "./orationesrecogno02ciceuoft/orationesrecogno02ciceuoft_0461.png"; bbox 0 0 1600 2704; ppageno 0'>
   <div class='ocr_carea' id='block_1_1' title="bbox 1480 49 1584 76">
    <p class='ocr_par' dir='ltr' id='par_1_1' title="bbox 1480 49 1584 76">
     <span class='ocr_line' id='line_1_1' title="bbox 1480 49 1584 76; baseline -0.01 -5"><span class='ocrx_word' id='word_1_1' title='bbox 1480 49 1510 76; x_wconf 47' lang='grc' dir='ltr'>ἐν</span> <span class='ocrx_word' id='word_1_2' title='bbox 1527 51 1537 71; x_wconf 88' lang='grc'>’.’</span> <span class='ocrx_word' id='word_1_3' title='bbox 1565 49 1584 73; x_wconf 64' lang='lat'>2⁷</span> 
     </span>
    </p>
   </div>
   <div class='ocr_carea' id='block_1_2' title="bbox 91 92 1488 150">
    <p class='ocr_par' dir='ltr' id='par_1_2' title="bbox 91 92 1488 150">
     <span class='ocr_line' id='line_1_2' title="bbox 91 92 1488 150; baseline 0.006 -20"><span class='ocrx_word' id='word_1_4' title='bbox 91 92 362 132; x_wconf 83' lang='lat' dir='ltr'><strong>ACTIONIS</strong></span> <span class='ocrx_word' id='word_1_5' title='bbox 391 93 452 131; x_wconf 92' lang='lat' dir='ltr'>IN</span> <span class='ocrx_word' id='word_1_6' title='bbox 483 93 529 133; x_wconf 93' lang='lat' dir='ltr'>C.</span> <span class='ocrx_word' id='word_1_7' title='bbox 551 94 793 132; x_wconf 88' lang='lat' dir='ltr'><strong>VERREM</strong></span> <span class='ocrx_word' id='word_1_8' title='bbox 824 95 1123 136; x_wconf 88' lang='lat' dir='ltr'><strong>SECVNDAE</strong></span> <span class='ocrx_word' id='word_1_9' title='bbox 1154 99 1259 137; x_wconf 87' lang='lat' dir='ltr'><strong>LIB.</strong></span> <span class='ocrx_word' id='word_1_10' title='bbox 1282 102 1319 137; x_wconf 91' lang='lat' dir='ltr'>V</span> <span class='ocrx_word' id='word_1_11' title='bbox 1377 101 1419 138; x_wconf 90' lang='lat'>18</span> <span class='ocrx_word' id='word_1_12' title='bbox 1444 116 1488 150; x_wconf 84' lang='lat'>47</span> 
     </span>
    </p>
   </div>
   <div class='ocr_carea' id='block_1_3' title="bbox 33 203 1491 2196">
    <p class='ocr_par' dir='ltr' id='par_1_3' title="bbox 33 203 1491 2196">
     <span class='ocr_line' id='line_1_3' title="bbox 91 203 1491 259; baseline 0.004 -17"><span class='ocrx_word' id='word_1_13' title='bbox 91 203 296 242; x_wconf 85' lang='lat' dir='ltr'>materiem</span> <span class='ocrx_word' id='word_1_14' title='bbox 315 217 398 243; x_wconf 89' lang='lat' dir='ltr'>non</span> <span class='ocrx_word' id='word_1_15' title='bbox 416 205 576 253; x_wconf 90' lang='lat' dir='ltr'>habent,</span> <span class='ocrx_word' id='word_1_16' title='bbox 596 204 845 255; x_wconf 85' lang='lat' dir='ltr'><strong>imperavisti.</strong></span> <span class='ocrx_word' id='word_1_17' title='bbox 905 205 943 244; x_wconf 90' lang='lat' dir='ltr'>Si</span> <span class='ocrx_word' id='word_1_18' title='bbox 974 212 1013 245; x_wconf 91' lang='lat' dir='ltr'>et</span> <span class='ocrx_word' id='word_1_19' title='bbox 1037 219 1088 245; x_wconf 91' lang='lat' dir='ltr'>ex</span> <span class='ocrx_word' id='word_1_20' title='bbox 1113 220 1196 257; x_wconf 90' lang='lat' dir='ltr'>quo</span> <span class='ocrx_word' id='word_1_21' title='bbox 1226 211 1268 248; x_wconf 89' lang='lat' dir='ltr'>fit</span> <span class='ocrx_word' id='word_1_22' title='bbox 1298 211 1419 259; x_wconf 89' lang='lat' dir='ltr'>navis,</span> <span class='ocrx_word' id='word_1_23' title='bbox 1443 220 1491 258; x_wconf 85' lang='lat'>19</span> 
     </span>
     <span class='ocr_line' id='line_1_4' title="bbox 91 267 1420 322; baseline 0.005 -15"><span class='ocrx_word' id='word_1_24' title='bbox 91 276 131 308; x_wconf 93' lang='lat' dir='ltr'>et</span> <span class='ocrx_word' id='word_1_25' title='bbox 150 267 220 319; x_wconf 87' lang='lat' dir='ltr'>qui</span> <span class='ocrx_word' id='word_1_26' title='bbox 238 267 397 317; x_wconf 88' lang='lat' dir='ltr'>faciunt,</span> <span class='ocrx_word' id='word_1_27' title='bbox 419 268 585 320; x_wconf 89' lang='lat' dir='ltr'>imperio</span> <span class='ocrx_word' id='word_1_28' title='bbox 611 269 683 308; x_wconf 90' lang='lat' dir='ltr'>tibi</span> <span class='ocrx_word' id='word_1_29' title='bbox 710 277 780 309; x_wconf 92' lang='lat' dir='ltr'>tuo</span> <span class='ocrx_word' id='word_1_30' title='bbox 807 283 889 309; x_wconf 90' lang='lat' dir='ltr'>non</span> <span class='ocrx_word' id='word_1_31' title='bbox 915 270 1042 321; x_wconf 90' lang='lat' dir='ltr'>pretio</span> <span class='ocrx_word' id='word_1_32' title='bbox 1070 282 1226 322; x_wconf 88' lang='lat' dir='ltr'>praesto</span> <span class='ocrx_word' id='word_1_33' title='bbox 1253 275 1420 322; x_wconf 87' lang='lat' dir='ltr'>fuerunt,</span> 
     </span>
     <span class='ocr_line' id='line_1_5' title="bbox 92 332 1425 387; baseline 0.003 -15"><span class='ocrx_word' id='word_1_34' title='bbox 92 332 161 372; x_wconf 91' lang='lat' dir='ltr'>ubi</span> <span class='ocrx_word' id='word_1_35' title='bbox 187 334 352 372; x_wconf 89' lang='lat' dir='ltr'>tandem</span> <span class='ocrx_word' id='word_1_36' title='bbox 382 333 488 372; x_wconf 91' lang='lat' dir='ltr'>istud</span> <span class='ocrx_word' id='word_1_37' title='bbox 522 335 615 372; x_wconf 90' lang='lat' dir='ltr'>latet</span> <span class='ocrx_word' id='word_1_38' title='bbox 645 336 753 384; x_wconf 91' lang='lat' dir='ltr'>quod</span> <span class='ocrx_word' id='word_1_39' title='bbox 781 341 824 373; x_wconf 86' lang='lat' dir='ltr'>tu</span> <span class='ocrx_word' id='word_1_40' title='bbox 854 336 908 374; x_wconf 83' lang='lat' dir='ltr'>de</span> <span class='ocrx_word' id='word_1_41' title='bbox 931 342 1004 375; x_wconf 87' lang='lat' dir='ltr'>tua</span> <span class='ocrx_word' id='word_1_42' title='bbox 1027 337 1199 387; x_wconf 88' lang='lat' dir='ltr'>pecunia</span> <span class='ocrx_word' id='word_1_43' title='bbox 1228 338 1326 376; x_wconf 91' lang='lat' dir='ltr'>dicis</span> <span class='ocrx_word' id='word_1_44' title='bbox 1355 338 1425 376; x_wconf 88' lang='lat' dir='ltr'>im-</span> 
     </span>
     <span class='ocr_line' id='line_1_6' title="bbox 91 397 1488 449; baseline 0.004 -13"><span class='ocrx_word' id='word_1_45' title='bbox 91 399 291 449; x_wconf 85' lang='lat' dir='ltr'>pensum?</span> <span class='ocrx_word' id='word_1_46' title='bbox 344 399 399 436; x_wconf 85' lang='lat' dir='ltr'>At</span> <span class='ocrx_word' id='word_1_47' title='bbox 419 397 646 437; x_wconf 82' lang='lat' dir='ltr'>Mamertini</span> <span class='ocrx_word' id='word_1_48' title='bbox 673 398 714 437; x_wconf 92' lang='lat' dir='ltr'>in</span> <span class='ocrx_word' id='word_1_49' title='bbox 743 399 885 438; x_wconf 89' lang='lat' dir='ltr'>tabulis</span> <span class='ocrx_word' id='word_1_50' title='bbox 904 400 1003 439; x_wconf 89' lang='lat' dir='ltr'>nihil</span> <span class='ocrx_word' id='word_1_51' title='bbox 1031 402 1189 440; x_wconf 88' lang='lat' dir='ltr'>habent.</span> <span class='ocrx_word' id='word_1_52' title='bbox 1249 401 1423 441; x_wconf 87' lang='lat' dir='ltr'>Primum</span> <span class='ocrx_word' id='word_1_53' title='bbox 1445 409 1488 448; x_wconf 87' lang='lat'>48</span> 
     </span>
     <span class='ocr_line' id='line_1_7' title="bbox 51 461 1424 514; baseline 0.004 -14"><span class='ocrx_word' id='word_1_54' title='bbox 51 474 71 505; x_wconf 78' lang='lat'>5</span> <span class='ocrx_word' id='word_1_55' title='bbox 91 461 210 501; x_wconf 91' lang='lat' dir='ltr'>video</span> <span class='ocrx_word' id='word_1_56' title='bbox 237 462 412 513; x_wconf 91' lang='lat' dir='ltr'>potuisse</span> <span class='ocrx_word' id='word_1_57' title='bbox 440 462 523 500; x_wconf 89' lang='lat' dir='ltr'>fieri</span> <span class='ocrx_word' id='word_1_58' title='bbox 551 470 594 501; x_wconf 92' lang='lat' dir='ltr'>ut</span> <span class='ocrx_word' id='word_1_59' title='bbox 623 476 670 502; x_wconf 90' lang='lat' dir='ltr'>ex</span> <span class='ocrx_word' id='word_1_60' title='bbox 698 464 847 502; x_wconf 90' lang='lat' dir='ltr'>aerario</span> <span class='ocrx_word' id='word_1_61' title='bbox 875 464 973 503; x_wconf 88' lang='lat' dir='ltr'>nihil</span> <span class='ocrx_word' id='word_1_62' title='bbox 1002 466 1141 504; x_wconf 90' lang='lat' dir='ltr'>darent</span> <span class='ocrx_word' id='word_1_63' title='bbox 1157 481 1166 514; x_wconf 83' lang='lat'>3</span> <span class='ocrx_word' id='word_1_64' title='bbox 1195 467 1342 505; x_wconf 83' lang='lat' dir='ltr'>etenim</span> <span class='ocrx_word' id='word_1_65' title='bbox 1363 469 1424 506; x_wconf 87' lang='lat' dir='ltr'>vel</span> 
     </span>
     <span class='ocr_line' id='line_1_8' title="bbox 92 526 1426 582; baseline 0.004 -16"><span class='ocrx_word' id='word_1_66' title='bbox 92 526 345 577; x_wconf 86' lang='lat' dir='ltr'>Capitolium,</span> <span class='ocrx_word' id='word_1_67' title='bbox 367 527 466 566; x_wconf 91' lang='lat' dir='ltr'>sicut</span> <span class='ocrx_word' id='word_1_68' title='bbox 492 529 600 577; x_wconf 88' lang='lat' dir='ltr'>apud</span> <span class='ocrx_word' id='word_1_69' title='bbox 627 528 792 568; x_wconf 88' lang='lat' dir='ltr'>maiores</span> <span class='ocrx_word' id='word_1_70' title='bbox 820 538 975 569; x_wconf 90' lang='lat' dir='ltr'>nostros</span> <span class='ocrx_word' id='word_1_71' title='bbox 999 531 1145 569; x_wconf 84' lang='lat' dir='ltr'>factum</span> <span class='ocrx_word' id='word_1_72' title='bbox 1174 540 1243 579; x_wconf 84' lang='lat' dir='ltr'>est,</span> <span class='ocrx_word' id='word_1_73' title='bbox 1266 532 1426 582; x_wconf 91' lang='lat' dir='ltr'>publice</span> 
     </span>
     <span class='ocr_line' id='line_1_9' title="bbox 91 591 1424 647; baseline 0.005 -18"><span class='ocrx_word' id='word_1_74' title='bbox 91 591 237 630; x_wconf 83' lang='lat' dir='ltr'>coactis</span> <span class='ocrx_word' id='word_1_75' title='bbox 265 591 387 631; x_wconf 90' lang='lat' dir='ltr'>fabris</span> <span class='ocrx_word' id='word_1_76' title='bbox 412 591 622 644; x_wconf 85' lang='lat' dir='ltr'>operisque</span> <span class='ocrx_word' id='word_1_77' title='bbox 650 593 849 644; x_wconf 88' lang='lat' dir='ltr'>imperatis</span> <span class='ocrx_word' id='word_1_78' title='bbox 877 595 1010 645; x_wconf 85' lang='lat' dir='ltr'>gratiis</span> <span class='ocrx_word' id='word_1_79' title='bbox 1034 596 1283 636; x_wconf 83' lang='lat' dir='ltr'>exaedificari</span> <span class='ocrx_word' id='word_1_80' title='bbox 1303 604 1424 647; x_wconf 88' lang='lat' dir='ltr'>atque</span> 
     </span>
     <span class='ocr_line' id='line_1_10' title="bbox 91 655 1421 711; baseline 0.005 -17"><span class='ocrx_word' id='word_1_81' title='bbox 91 655 192 695; x_wconf 90' lang='lat' dir='ltr'>effici</span> <span class='ocrx_word' id='word_1_82' title='bbox 212 655 340 706; x_wconf 87' lang='lat' dir='ltr'>potuit</span> <span class='ocrx_word' id='word_1_83' title='bbox 354 671 365 704; x_wconf 78' lang='lat'><em>3</em></span> <span class='ocrx_word' id='word_1_84' title='bbox 393 656 636 696; x_wconf 91' lang='lat' dir='ltr'>deinde—id</span> <span class='ocrx_word' id='word_1_85' title='bbox 657 659 766 708; x_wconf 88' lang='lat' dir='ltr'>quod</span> <span class='ocrx_word' id='word_1_86' title='bbox 791 659 985 709; x_wconf 88' lang='lat' dir='ltr'>perspicio</span> <span class='ocrx_word' id='word_1_87' title='bbox 1012 668 1050 699; x_wconf 93' lang='lat' dir='ltr'>et</span> <span class='ocrx_word' id='word_1_88' title='bbox 1071 663 1179 711; x_wconf 88' lang='lat' dir='ltr'>quod</span> <span class='ocrx_word' id='word_1_89' title='bbox 1200 663 1421 709; x_wconf 89' lang='lat' dir='ltr'>ostendam,</span> 
     </span>
     <span class='ocr_line' id='line_1_11' title="bbox 91 719 1423 776; baseline 0.005 -17"><span class='ocrx_word' id='word_1_90' title='bbox 91 733 186 760; x_wconf 89' lang='lat' dir='ltr'>cum</span> <span class='ocrx_word' id='word_1_91' title='bbox 209 719 321 772; x_wconf 89' lang='lat' dir='ltr'>ipsos</span> <span class='ocrx_word' id='word_1_92' title='bbox 348 723 581 772; x_wconf 84' lang='lat' dir='ltr'>produxero,</span> <span class='ocrx_word' id='word_1_93' title='bbox 613 723 787 773; x_wconf 89' lang='lat' dir='ltr'>ipsorum</span> <span class='ocrx_word' id='word_1_94' title='bbox 813 737 859 763; x_wconf 90' lang='lat' dir='ltr'>ex</span> <span class='ocrx_word' id='word_1_95' title='bbox 879 724 1214 764; x_wconf 87' lang='lat' dir='ltr'>litteris—multas</span> <span class='ocrx_word' id='word_1_96' title='bbox 1236 727 1423 776; x_wconf 83' lang='lat' dir='ltr'>pecunias</span> 
     </span>
     <span class='ocr_line' id='line_1_12' title="bbox 35 784 1424 842; baseline 0.004 -18"><span class='ocrx_word' id='word_1_97' title='bbox 35 801 74 824; x_wconf 90' lang='lat'>10</span> <span class='ocrx_word' id='word_1_98' title='bbox 92 784 155 824; x_wconf 88' lang='lat' dir='ltr'>isti</span> <span class='ocrx_word' id='word_1_99' title='bbox 169 794 345 837; x_wconf 86' lang='lat' dir='ltr'>erogatas</span> <span class='ocrx_word' id='word_1_100' title='bbox 360 786 401 825; x_wconf 92' lang='lat' dir='ltr'>in</span> <span class='ocrx_word' id='word_1_101' title='bbox 417 800 581 837; x_wconf 90' lang='lat' dir='ltr'>operum</span> <span class='ocrx_word' id='word_1_102' title='bbox 597 787 812 827; x_wconf 84' lang='lat' dir='ltr'>locationes</span> <span class='ocrx_word' id='word_1_103' title='bbox 833 790 948 828; x_wconf 87' lang='lat' dir='ltr'>falsas</span> <span class='ocrx_word' id='word_1_104' title='bbox 963 798 1083 840; x_wconf 86' lang='lat' dir='ltr'>atque</span> <span class='ocrx_word' id='word_1_105' title='bbox 1099 790 1226 829; x_wconf 90' lang='lat' dir='ltr'>inanis</span> <span class='ocrx_word' id='word_1_106' title='bbox 1242 804 1327 830; x_wconf 90' lang='lat' dir='ltr'>esse</span> <span class='ocrx_word' id='word_1_107' title='bbox 1342 805 1424 842; x_wconf 90' lang='lat' dir='ltr'>per-</span> 
     </span>
     <span class='ocr_line' id='line_1_13' title="bbox 92 851 1424 907; baseline 0.005 -18"><span class='ocrx_word' id='word_1_108' title='bbox 92 851 264 902; x_wconf 87' lang='lat' dir='ltr'>scriptas.</span> <span class='ocrx_word' id='word_1_109' title='bbox 327 853 412 891; x_wconf 92' lang='lat' dir='ltr'>Iam</span> <span class='ocrx_word' id='word_1_110' title='bbox 440 852 537 891; x_wconf 92' lang='lat' dir='ltr'>illud</span> <span class='ocrx_word' id='word_1_111' title='bbox 565 853 726 892; x_wconf 88' lang='lat' dir='ltr'>minime</span> <span class='ocrx_word' id='word_1_112' title='bbox 752 853 893 892; x_wconf 88' lang='lat' dir='ltr'>mirum</span> <span class='ocrx_word' id='word_1_113' title='bbox 914 863 982 902; x_wconf 92' lang='lat' dir='ltr'>est,</span> <span class='ocrx_word' id='word_1_114' title='bbox 1008 856 1269 894; x_wconf 86' lang='lat' dir='ltr'>Mamertinos</span> <span class='ocrx_word' id='word_1_115' title='bbox 1294 870 1316 895; x_wconf 90' lang='lat' dir='ltr'>a</span> <span class='ocrx_word' id='word_1_116' title='bbox 1343 870 1424 907; x_wconf 89' lang='lat' dir='ltr'>quo</span> 
     </span>
     <span class='ocr_line' id='line_1_14' title="bbox 92 916 1424 971; baseline 0.003 -17"><span class='ocrx_word' id='word_1_117' title='bbox 92 928 292 954; x_wconf 85' lang='lat' dir='ltr'>summum</span> <span class='ocrx_word' id='word_1_118' title='bbox 312 916 551 955; x_wconf 89' lang='lat' dir='ltr'>beneficium</span> <span class='ocrx_word' id='word_1_119' title='bbox 567 925 812 967; x_wconf 85' lang='lat' dir='ltr'>acceperant,</span> <span class='ocrx_word' id='word_1_120' title='bbox 828 931 947 968; x_wconf 89' lang='lat' dir='ltr'>quem</span> <span class='ocrx_word' id='word_1_121' title='bbox 968 919 1042 958; x_wconf 88' lang='lat' dir='ltr'>sibi</span> <span class='ocrx_word' id='word_1_122' title='bbox 1059 919 1286 958; x_wconf 84' lang='lat' dir='ltr'>amiciorem</span> <span class='ocrx_word' id='word_1_123' title='bbox 1304 934 1424 971; x_wconf 86' lang='lat' dir='ltr'>quarn</span> 
     </span>
     <span class='ocr_line' id='line_1_15' title="bbox 92 982 1424 1034; baseline 0.003 -15"><span class='ocrx_word' id='word_1_124' title='bbox 92 983 241 1032; x_wconf 90' lang='lat' dir='ltr'>populo</span> <span class='ocrx_word' id='word_1_125' title='bbox 272 982 458 1020; x_wconf 88' lang='lat' dir='ltr'>Romano</span> <span class='ocrx_word' id='word_1_126' title='bbox 487 994 573 1020; x_wconf 89' lang='lat' dir='ltr'>esse</span> <span class='ocrx_word' id='word_1_127' title='bbox 602 990 878 1032; x_wconf 87' lang='lat' dir='ltr'>cognoverant,</span> <span class='ocrx_word' id='word_1_128' title='bbox 910 984 994 1022; x_wconf 88' lang='lat' dir='ltr'>eius</span> <span class='ocrx_word' id='word_1_129' title='bbox 1026 984 1143 1034; x_wconf 89' lang='lat' dir='ltr'>capiti</span> <span class='ocrx_word' id='word_1_130' title='bbox 1176 984 1312 1023; x_wconf 87' lang='lat' dir='ltr'>litteris</span> <span class='ocrx_word' id='word_1_131' title='bbox 1345 985 1424 1024; x_wconf 87' lang='lat' dir='ltr'>suis</span> 
     </span>
     <span class='ocr_line' id='line_1_16' title="bbox 91 1045 1424 1099; baseline 0.002 -15"><span class='ocrx_word' id='word_1_132' title='bbox 91 1045 324 1096; x_wconf 88' lang='lat' dir='ltr'>pepercisse.</span> <span class='ocrx_word' id='word_1_133' title='bbox 374 1047 453 1085; x_wconf 92' lang='lat' dir='ltr'>Sed</span> <span class='ocrx_word' id='word_1_134' title='bbox 473 1046 504 1084; x_wconf 92' lang='lat' dir='ltr'>si</span> <span class='ocrx_word' id='word_1_135' title='bbox 520 1055 751 1096; x_wconf 88' lang='lat' dir='ltr'>argumento</span> <span class='ocrx_word' id='word_1_136' title='bbox 768 1055 826 1086; x_wconf 89' lang='lat' dir='ltr'>est</span> <span class='ocrx_word' id='word_1_137' title='bbox 844 1049 1103 1088; x_wconf 88' lang='lat' dir='ltr'>Mamertinos</span> <span class='ocrx_word' id='word_1_138' title='bbox 1124 1049 1194 1087; x_wconf 93' lang='lat' dir='ltr'>tibi</span> <span class='ocrx_word' id='word_1_139' title='bbox 1215 1050 1424 1099; x_wconf 89' lang='lat' dir='ltr'>pecuniam</span> 
     </span>
     <span class='ocr_line' id='line_1_17' title="bbox 35 1110 1427 1164; baseline 0.004 -17"><span class='ocrx_word' id='word_1_140' title='bbox 35 1126 46 1147; x_wconf 73' lang='grc' dir='ltr'><strong>ι</strong></span> <span class='ocrx_word' id='word_1_141' title='bbox 55 1124 74 1157; x_wconf 86' lang='lat'><strong>5</strong></span> <span class='ocrx_word' id='word_1_142' title='bbox 91 1124 174 1150; x_wconf 90' lang='lat' dir='ltr'>non</span> <span class='ocrx_word' id='word_1_143' title='bbox 194 1110 363 1159; x_wconf 90' lang='lat' dir='ltr'>dedisse,</span> <span class='ocrx_word' id='word_1_144' title='bbox 386 1110 478 1161; x_wconf 90' lang='lat' dir='ltr'>quia</span> <span class='ocrx_word' id='word_1_145' title='bbox 506 1111 694 1162; x_wconf 90' lang='lat' dir='ltr'>scriptum</span> <span class='ocrx_word' id='word_1_146' title='bbox 724 1126 805 1150; x_wconf 91' lang='lat' dir='ltr'>non</span> <span class='ocrx_word' id='word_1_147' title='bbox 835 1114 993 1161; x_wconf 89' lang='lat' dir='ltr'>habent,</span> <span class='ocrx_word' id='word_1_148' title='bbox 1026 1114 1073 1151; x_wconf 90' lang='lat' dir='ltr'>sit</span> <span class='ocrx_word' id='word_1_149' title='bbox 1102 1122 1335 1164; x_wconf 85' lang='lat' dir='ltr'>argumento</span> <span class='ocrx_word' id='word_1_150' title='bbox 1355 1114 1427 1152; x_wconf 90' lang='lat' dir='ltr'>tibi</span> 
     </span>
     <span class='ocr_line' id='line_1_18' title="bbox 91 1175 1424 1229; baseline 0.002 -15"><span class='ocrx_word' id='word_1_151' title='bbox 91 1175 222 1227; x_wconf 88' lang='lat' dir='ltr'>gratiis</span> <span class='ocrx_word' id='word_1_152' title='bbox 261 1184 362 1215; x_wconf 91' lang='lat' dir='ltr'>stare</span> <span class='ocrx_word' id='word_1_153' title='bbox 399 1188 552 1223; x_wconf 90' lang='lat' dir='ltr'>navem,</span> <span class='ocrx_word' id='word_1_154' title='bbox 593 1176 695 1226; x_wconf 88' lang='lat' dir='ltr'>quia,</span> <span class='ocrx_word' id='word_1_155' title='bbox 737 1176 833 1227; x_wconf 86' lang='lat' dir='ltr'>quid</span> <span class='ocrx_word' id='word_1_156' title='bbox 865 1177 1005 1217; x_wconf 81' lang='lat' dir='ltr'>emeris</span> <span class='ocrx_word' id='word_1_157' title='bbox 1037 1186 1103 1216; x_wconf 88' lang='lat' dir='ltr'>aut</span> <span class='ocrx_word' id='word_1_158' title='bbox 1142 1179 1238 1229; x_wconf 82' lang='lat' dir='ltr'>quid</span> <span class='ocrx_word' id='word_1_159' title='bbox 1275 1178 1424 1225; x_wconf 81' lang='lat' dir='ltr'>locaris,</span> 
     </span>
     <span class='ocr_line' id='line_1_19' title="bbox 92 1241 715 1292; baseline 0.002 -13"><span class='ocrx_word' id='word_1_160' title='bbox 92 1241 280 1291; x_wconf 90' lang='lat' dir='ltr'>scriptum</span> <span class='ocrx_word' id='word_1_161' title='bbox 299 1241 470 1292; x_wconf 90' lang='lat' dir='ltr'>proferre</span> <span class='ocrx_word' id='word_1_162' title='bbox 490 1253 571 1279; x_wconf 90' lang='lat' dir='ltr'>non</span> <span class='ocrx_word' id='word_1_163' title='bbox 591 1249 715 1291; x_wconf 90' lang='lat' dir='ltr'>potes.</span> 
     </span>
     <span class='ocr_line' id='line_1_20' title="bbox 147 1305 1488 1359; baseline 0.003 -15"><span class='ocrx_word' id='word_1_164' title='bbox 147 1308 201 1344; x_wconf 92' lang='lat' dir='ltr'>At</span> <span class='ocrx_word' id='word_1_165' title='bbox 230 1305 335 1345; x_wconf 89' lang='lat' dir='ltr'>enim</span> <span class='ocrx_word' id='word_1_166' title='bbox 360 1305 508 1344; x_wconf 91' lang='lat' dir='ltr'>idcirco</span> <span class='ocrx_word' id='word_1_167' title='bbox 534 1319 675 1345; x_wconf 89' lang='lat' dir='ltr'>navem</span> <span class='ocrx_word' id='word_1_168' title='bbox 706 1307 953 1346; x_wconf 81' lang='lat' dir='ltr'>Mamertinis</span> <span class='ocrx_word' id='word_1_169' title='bbox 981 1321 1061 1347; x_wconf 90' lang='lat' dir='ltr'>non</span> <span class='ocrx_word' id='word_1_170' title='bbox 1083 1308 1294 1359; x_wconf 84' lang='lat' dir='ltr'>imperasti,</span> <span class='ocrx_word' id='word_1_171' title='bbox 1317 1309 1426 1358; x_wconf 88' lang='lat' dir='ltr'>quod</span> <span class='ocrx_word' id='word_1_172' title='bbox 1446 1317 1488 1350; x_wconf 82' lang='lat'>49</span> 
     </span>
     <span class='ocr_line' id='line_1_21' title="bbox 94 1370 1426 1422; baseline 0 -12"><span class='ocrx_word' id='word_1_173' title='bbox 94 1379 185 1410; x_wconf 86' lang='lat' dir='ltr'>sunt</span> <span class='ocrx_word' id='word_1_174' title='bbox 223 1370 423 1410; x_wconf 86' lang='lat' dir='ltr'>foederati.</span> <span class='ocrx_word' id='word_1_175' title='bbox 496 1371 549 1410; x_wconf 91' lang='lat' dir='ltr'>Di</span> <span class='ocrx_word' id='word_1_176' title='bbox 586 1372 835 1422; x_wconf 85' lang='lat' dir='ltr'>adprobent!</span> <span class='ocrx_word' id='word_1_177' title='bbox 894 1374 1104 1412; x_wconf 86' lang='lat' dir='ltr'>Habemus</span> <span class='ocrx_word' id='word_1_178' title='bbox 1143 1373 1346 1412; x_wconf 89' lang='lat' dir='ltr'>hominem</span> <span class='ocrx_word' id='word_1_179' title='bbox 1386 1373 1426 1410; x_wconf 87' lang='lat' dir='ltr'>in</span> 
     </span>
     <span class='ocr_line' id='line_1_22' title="bbox 35 1435 1428 1487; baseline 0.001 -14"><span class='ocrx_word' id='word_1_180' title='bbox 35 1449 78 1473; x_wconf 83' lang='lat'>20</span> <span class='ocrx_word' id='word_1_181' title='bbox 95 1435 284 1475; x_wconf 89' lang='lat' dir='ltr'>fetialium</span> <span class='ocrx_word' id='word_1_182' title='bbox 313 1435 496 1475; x_wconf 88' lang='lat' dir='ltr'>manibus</span> <span class='ocrx_word' id='word_1_183' title='bbox 525 1436 751 1483; x_wconf 90' lang='lat' dir='ltr'>educatum,</span> <span class='ocrx_word' id='word_1_184' title='bbox 773 1449 897 1474; x_wconf 88' lang='lat' dir='ltr'>unum</span> <span class='ocrx_word' id='word_1_185' title='bbox 927 1446 1078 1487; x_wconf 88' lang='lat' dir='ltr'>praeter</span> <span class='ocrx_word' id='word_1_186' title='bbox 1110 1446 1259 1476; x_wconf 91' lang='lat' dir='ltr'>ceteros</span> <span class='ocrx_word' id='word_1_187' title='bbox 1290 1437 1329 1475; x_wconf 91' lang='lat' dir='ltr'>in</span> <span class='ocrx_word' id='word_1_188' title='bbox 1360 1450 1428 1487; x_wconf 90' lang='lat' dir='ltr'>pu—</span> 
     </span>
     <span class='ocr_line' id='line_1_23' title="bbox 95 1499 1427 1552; baseline 0.001 -14"><span class='ocrx_word' id='word_1_189' title='bbox 95 1500 207 1539; x_wconf 92' lang='lat' dir='ltr'>blicis</span> <span class='ocrx_word' id='word_1_190' title='bbox 227 1499 481 1550; x_wconf 85' lang='lat' dir='ltr'>religionibus</span> <span class='ocrx_word' id='word_1_191' title='bbox 501 1499 706 1538; x_wconf 89' lang='lat' dir='ltr'>foederum</span> <span class='ocrx_word' id='word_1_192' title='bbox 729 1508 908 1539; x_wconf 89' lang='lat' dir='ltr'>sanctum</span> <span class='ocrx_word' id='word_1_193' title='bbox 930 1514 976 1539; x_wconf 89' lang='lat' dir='ltr'>ac</span> <span class='ocrx_word' id='word_1_194' title='bbox 1004 1501 1232 1552; x_wconf 83' lang='lat' dir='ltr'>diligentem</span> <span class='ocrx_word' id='word_1_195' title='bbox 1249 1516 1258 1549; x_wconf 72' lang='lat'><em>3</em></span> <span class='ocrx_word' id='word_1_196' title='bbox 1288 1514 1427 1539; x_wconf 86' lang='lat' dir='ltr'>omnes</span> 
     </span>
     <span class='ocr_line' id='line_1_24' title="bbox 90 1564 1427 1616; baseline 0.001 -13"><span class='ocrx_word' id='word_1_197' title='bbox 90 1564 161 1616; x_wconf 88' lang='lat' dir='ltr'>qui</span> <span class='ocrx_word' id='word_1_198' title='bbox 182 1572 274 1604; x_wconf 88' lang='lat' dir='ltr'>ante</span> <span class='ocrx_word' id='word_1_199' title='bbox 293 1572 332 1604; x_wconf 91' lang='lat' dir='ltr'>te</span> <span class='ocrx_word' id='word_1_200' title='bbox 352 1565 509 1603; x_wconf 86' lang='lat' dir='ltr'>fuerunt</span> <span class='ocrx_word' id='word_1_201' title='bbox 528 1572 726 1615; x_wconf 89' lang='lat' dir='ltr'>praetores</span> <span class='ocrx_word' id='word_1_202' title='bbox 748 1566 944 1603; x_wconf 88' lang='lat' dir='ltr'>dedantur</span> <span class='ocrx_word' id='word_1_203' title='bbox 970 1565 1228 1612; x_wconf 83' lang='lat' dir='ltr'>Mamertinis,</span> <span class='ocrx_word' id='word_1_204' title='bbox 1253 1567 1361 1615; x_wconf 89' lang='lat' dir='ltr'>quod</span> <span class='ocrx_word' id='word_1_205' title='bbox 1382 1564 1427 1604; x_wconf 86' lang='lat' dir='ltr'>iis</span> 
     </span>
     <span class='ocr_line' id='line_1_25' title="bbox 92 1630 1426 1681; baseline -0.001 -11"><span class='ocrx_word' id='word_1_206' title='bbox 92 1644 235 1670; x_wconf 88' lang='lat' dir='ltr'>navem</span> <span class='ocrx_word' id='word_1_207' title='bbox 264 1638 401 1669; x_wconf 90' lang='lat' dir='ltr'>contra</span> <span class='ocrx_word' id='word_1_208' title='bbox 435 1630 660 1681; x_wconf 89' lang='lat' dir='ltr'>pactionem</span> <span class='ocrx_word' id='word_1_209' title='bbox 694 1630 862 1669; x_wconf 91' lang='lat' dir='ltr'>foederis</span> <span class='ocrx_word' id='word_1_210' title='bbox 889 1630 1126 1681; x_wconf 88' lang='lat' dir='ltr'>imperarint.</span> <span class='ocrx_word' id='word_1_211' title='bbox 1187 1632 1266 1669; x_wconf 87' lang='lat' dir='ltr'>Sed</span> <span class='ocrx_word' id='word_1_212' title='bbox 1294 1638 1426 1668; x_wconf 89' lang='lat' dir='ltr'>tamen</span> 
     </span>
     <span class='ocr_line' id='line_1_26' title="bbox 93 1695 1429 1746; baseline -0.001 -12"><span class='ocrx_word' id='word_1_213' title='bbox 93 1704 146 1743; x_wconf 90' lang='lat' dir='ltr'>tu,</span> <span class='ocrx_word' id='word_1_214' title='bbox 174 1703 308 1734; x_wconf 91' lang='lat' dir='ltr'>sancte</span> <span class='ocrx_word' id='word_1_215' title='bbox 337 1697 459 1735; x_wconf 92' lang='lat' dir='ltr'>homo</span> <span class='ocrx_word' id='word_1_216' title='bbox 487 1708 534 1734; x_wconf 89' lang='lat' dir='ltr'>ac</span> <span class='ocrx_word' id='word_1_217' title='bbox 563 1695 751 1746; x_wconf 83' lang='lat' dir='ltr'>religiose,</span> <span class='ocrx_word' id='word_1_218' title='bbox 775 1708 842 1733; x_wconf 89' lang='lat' dir='ltr'>cur</span> <span class='ocrx_word' id='word_1_219' title='bbox 870 1695 1215 1734; x_wconf 85' lang='lat' dir='ltr'>Tauromenitanis</span> <span class='ocrx_word' id='word_1_220' title='bbox 1236 1695 1329 1733; x_wconf 89' lang='lat' dir='ltr'>item</span> <span class='ocrx_word' id='word_1_221' title='bbox 1351 1696 1429 1733; x_wconf 83' lang='lat' dir='ltr'>foe·</span> 
     </span>
     <span class='ocr_line' id='line_1_27' title="bbox 36 1760 1428 1811; baseline -0.001 -11"><span class='ocrx_word' id='word_1_222' title='bbox 36 1773 75 1805; x_wconf 88' lang='lat'>25</span> <span class='ocrx_word' id='word_1_223' title='bbox 94 1761 238 1800; x_wconf 89' lang='lat' dir='ltr'>deratis</span> <span class='ocrx_word' id='word_1_224' title='bbox 258 1773 399 1800; x_wconf 89' lang='lat' dir='ltr'>navem</span> <span class='ocrx_word' id='word_1_225' title='bbox 419 1760 618 1810; x_wconf 90' lang='lat' dir='ltr'>imperasti</span> <span class='ocrx_word' id='word_1_226' title='bbox 635 1761 651 1798; x_wconf 76' lang='grc' dir='ltr'>Ρ</span> <span class='ocrx_word' id='word_1_227' title='bbox 698 1762 763 1798; x_wconf 92' lang='lat' dir='ltr'>An</span> <span class='ocrx_word' id='word_1_228' title='bbox 784 1761 861 1799; x_wconf 92' lang='lat' dir='ltr'>hoc</span> <span class='ocrx_word' id='word_1_229' title='bbox 882 1761 1079 1811; x_wconf 90' lang='lat' dir='ltr'>probabis,</span> <span class='ocrx_word' id='word_1_230' title='bbox 1102 1760 1141 1798; x_wconf 91' lang='lat' dir='ltr'>in</span> <span class='ocrx_word' id='word_1_231' title='bbox 1163 1773 1290 1810; x_wconf 85' lang='lat' dir='ltr'>aequa</span> <span class='ocrx_word' id='word_1_232' title='bbox 1310 1773 1428 1799; x_wconf 89' lang='lat' dir='ltr'>causa</span> 
     </span>
     <span class='ocr_line' id='line_1_28' title="bbox 93 1824 1425 1877; baseline -0.001 -13"><span class='ocrx_word' id='word_1_233' title='bbox 93 1827 330 1877; x_wconf 91' lang='lat' dir='ltr'>populorum</span> <span class='ocrx_word' id='word_1_234' title='bbox 351 1825 435 1864; x_wconf 90' lang='lat' dir='ltr'>sine</span> <span class='ocrx_word' id='word_1_235' title='bbox 455 1825 580 1876; x_wconf 91' lang='lat' dir='ltr'>pretio</span> <span class='ocrx_word' id='word_1_236' title='bbox 601 1824 749 1864; x_wconf 88' lang='lat' dir='ltr'>varium</span> <span class='ocrx_word' id='word_1_237' title='bbox 775 1825 835 1864; x_wconf 92' lang='lat' dir='ltr'>ius</span> <span class='ocrx_word' id='word_1_238' title='bbox 861 1834 899 1864; x_wconf 90' lang='lat' dir='ltr'>et</span> <span class='ocrx_word' id='word_1_239' title='bbox 925 1826 1120 1876; x_wconf 91' lang='lat' dir='ltr'>disparem</span> <span class='ocrx_word' id='word_1_240' title='bbox 1147 1825 1425 1865; x_wconf 88' lang='lat' dir='ltr'>condicionem</span> 
     </span>
     <span class='ocr_line' id='line_1_29' title="bbox 93 1888 1489 1937; baseline -0.002 -8"><span class='ocrx_word' id='word_1_241' title='bbox 93 1891 241 1929; x_wconf 86' lang='lat' dir='ltr'>fuisse?</span> <span class='ocrx_word' id='word_1_242' title='bbox 298 1889 440 1937; x_wconf 86' lang='lat' dir='ltr'>Quid?</span> <span class='ocrx_word' id='word_1_243' title='bbox 467 1889 498 1928; x_wconf 93' lang='lat' dir='ltr'>si</span> <span class='ocrx_word' id='word_1_244' title='bbox 519 1889 602 1929; x_wconf 89' lang='lat' dir='ltr'>eius</span> <span class='ocrx_word' id='word_1_245' title='bbox 623 1888 733 1928; x_wconf 89' lang='lat' dir='ltr'>modi</span> <span class='ocrx_word' id='word_1_246' title='bbox 753 1902 838 1928; x_wconf 88' lang='lat' dir='ltr'>esse</span> <span class='ocrx_word' id='word_1_247' title='bbox 858 1891 956 1929; x_wconf 91' lang='lat' dir='ltr'>haec</span> <span class='ocrx_word' id='word_1_248' title='bbox 976 1891 1058 1928; x_wconf 88' lang='lat' dir='ltr'>duo</span> <span class='ocrx_word' id='word_1_249' title='bbox 1079 1891 1237 1929; x_wconf 80' lang='lat' dir='ltr'>foedera</span> <span class='ocrx_word' id='word_1_250' title='bbox 1257 1890 1426 1928; x_wconf 88' lang='lat' dir='ltr'>duorum</span> <span class='ocrx_word' id='word_1_251' title='bbox 1449 1899 1489 1932; x_wconf 86' lang='lat'>50</span> 
     </span>
     <span class='ocr_line' id='line_1_30' title="bbox 93 1953 1427 2006; baseline -0.002 -11"><span class='ocrx_word' id='word_1_252' title='bbox 93 1958 342 2006; x_wconf 91' lang='lat' dir='ltr'>populorum,</span> <span class='ocrx_word' id='word_1_253' title='bbox 377 1954 537 2002; x_wconf 89' lang='lat' dir='ltr'>iudices,</span> <span class='ocrx_word' id='word_1_254' title='bbox 573 1955 710 2001; x_wconf 90' lang='lat' dir='ltr'>doceo,</span> <span class='ocrx_word' id='word_1_255' title='bbox 744 1962 786 1992; x_wconf 87' lang='lat' dir='ltr'>ut</span> <span class='ocrx_word' id='word_1_256' title='bbox 816 1954 1161 1994; x_wconf 87' lang='lat' dir='ltr'>Tauromenitanis</span> <span class='ocrx_word' id='word_1_257' title='bbox 1191 1953 1427 1992; x_wconf 88' lang='lat' dir='ltr'>nominatim</span> 
     </span>
     <span class='ocr_line' id='line_1_31' title="bbox 94 2019 1424 2069; baseline -0.001 -10"><span class='ocrx_word' id='word_1_258' title='bbox 94 2028 254 2059; x_wconf 88' lang='lat' dir='ltr'>cautum</span> <span class='ocrx_word' id='word_1_259' title='bbox 288 2027 326 2059; x_wconf 92' lang='lat' dir='ltr'>et</span> <span class='ocrx_word' id='word_1_260' title='bbox 357 2027 565 2069; x_wconf 86' lang='lat' dir='ltr'>exceptum</span> <span class='ocrx_word' id='word_1_261' title='bbox 600 2019 648 2058; x_wconf 89' lang='lat' dir='ltr'>sit</span> <span class='ocrx_word' id='word_1_262' title='bbox 682 2020 841 2059; x_wconf 89' lang='lat' dir='ltr'>foedere</span> <span class='ocrx_word' id='word_1_263' title='bbox 873 2033 923 2059; x_wconf 90' lang='lat' dir='ltr'>ne</span> <span class='ocrx_word' id='word_1_264' title='bbox 953 2033 1094 2060; x_wconf 90' lang='lat' dir='ltr'>navem</span> <span class='ocrx_word' id='word_1_265' title='bbox 1119 2022 1213 2059; x_wconf 87' lang='lat' dir='ltr'>dare</span> <span class='ocrx_word' id='word_1_266' title='bbox 1240 2020 1424 2067; x_wconf 86' lang='lat' dir='ltr'>debeant,</span> 
     </span>
     <span class='ocr_line' id='line_1_32' title="bbox 33 2083 1426 2136; baseline 0.001 -14"><span class='ocrx_word' id='word_1_267' title='bbox 33 2099 76 2129; x_wconf 85' lang='lat'>30</span> <span class='ocrx_word' id='word_1_268' title='bbox 96 2084 342 2123; x_wconf 89' lang='lat' dir='ltr'>Mamertinis</span> <span class='ocrx_word' id='word_1_269' title='bbox 363 2083 403 2122; x_wconf 91' lang='lat' dir='ltr'>in</span> <span class='ocrx_word' id='word_1_270' title='bbox 424 2083 510 2134; x_wconf 92' lang='lat' dir='ltr'>ipso</span> <span class='ocrx_word' id='word_1_271' title='bbox 530 2084 688 2123; x_wconf 91' lang='lat' dir='ltr'>foedere</span> <span class='ocrx_word' id='word_1_272' title='bbox 717 2092 897 2123; x_wconf 90' lang='lat' dir='ltr'>sanctum</span> <span class='ocrx_word' id='word_1_273' title='bbox 925 2092 1045 2136; x_wconf 87' lang='lat' dir='ltr'>atque</span> <span class='ocrx_word' id='word_1_274' title='bbox 1072 2085 1356 2136; x_wconf 89' lang='lat' dir='ltr'>praescriptum</span> <span class='ocrx_word' id='word_1_275' title='bbox 1378 2085 1426 2124; x_wconf 90' lang='lat' dir='ltr'>sit</span> 
     </span>
     <span class='ocr_line' id='line_1_33' title="bbox 94 2149 1427 2196; baseline -0.001 -6"><span class='ocrx_word' id='word_1_276' title='bbox 94 2159 136 2190; x_wconf 93' lang='lat' dir='ltr'>ut</span> <span class='ocrx_word' id='word_1_277' title='bbox 165 2163 306 2189; x_wconf 88' lang='lat' dir='ltr'>navem</span> <span class='ocrx_word' id='word_1_278' title='bbox 336 2150 429 2188; x_wconf 88' lang='lat' dir='ltr'>dare</span> <span class='ocrx_word' id='word_1_279' title='bbox 460 2162 621 2188; x_wconf 90' lang='lat' dir='ltr'>necesse</span> <span class='ocrx_word' id='word_1_280' title='bbox 653 2149 712 2196; x_wconf 90' lang='lat' dir='ltr'>sit,</span> <span class='ocrx_word' id='word_1_281' title='bbox 745 2149 862 2188; x_wconf 90' lang='lat' dir='ltr'>istum</span> <span class='ocrx_word' id='word_1_282' title='bbox 893 2157 1024 2189; x_wconf 91' lang='lat' dir='ltr'>autem</span> <span class='ocrx_word' id='word_1_283' title='bbox 1055 2159 1191 2189; x_wconf 84' lang='lat' dir='ltr'>contra</span> <span class='ocrx_word' id='word_1_284' title='bbox 1220 2152 1359 2189; x_wconf 86' lang='lat' dir='ltr'>foedus</span> <span class='ocrx_word' id='word_1_285' title='bbox 1388 2158 1427 2189; x_wconf 93' lang='lat' dir='ltr'>et</span> 
     </span>
    </p>
   </div>
   <div class='ocr_carea' id='block_1_4' title="bbox 94 2253 1427 2381">
    <p class='ocr_par' dir='ltr' id='par_1_4' title="bbox 94 2253 1427 2381">
     <span class='ocr_line' id='line_1_34' title="bbox 137 2253 1426 2295; baseline 0.001 -11"><span class='ocrx_word' id='word_1_286' title='bbox 137 2266 170 2293; x_wconf 86' lang='lat'>4,</span> <span class='ocrx_word' id='word_1_287' title='bbox 187 2264 206 2294; x_wconf 88' lang='lat'>5</span> <span class='ocrx_word' id='word_1_288' title='bbox 229 2254 275 2285; x_wconf 89' lang='lat' dir='ltr'>nil</span> <span class='ocrx_word' id='word_1_289' title='bbox 291 2253 454 2292; x_wconf 80' lang='lat' dir='ltr'>Zielinski,</span> <span class='ocrx_word' id='word_1_290' title='bbox 467 2259 500 2294; x_wconf 80' lang='lat' dir='ltr'>p.</span> <span class='ocrx_word' id='word_1_291' title='bbox 517 2254 576 2292; x_wconf 88' lang='lat'>178</span> <span class='ocrx_word' id='word_1_292' title='bbox 761 2255 780 2285; x_wconf 90' lang='lat'><em>8</em></span> <span class='ocrx_word' id='word_1_293' title='bbox 805 2255 926 2286; x_wconf 88' lang='lat' dir='ltr'>deinde</span> <span class='ocrx_word' id='word_1_294' title='bbox 946 2255 979 2286; x_wconf 93' lang='lat' dir='ltr'>id</span> <span class='ocrx_word' id='word_1_295' title='bbox 996 2256 1085 2295; x_wconf 90' lang='lat' dir='ltr'>quod</span> <span class='ocrx_word' id='word_1_296' title='bbox 1103 2255 1271 2295; x_wconf 85' lang='lat' dir='ltr'>perspicio</span> <span class='ocrx_word' id='word_1_297' title='bbox 1286 2260 1319 2286; x_wconf 88' lang='lat' dir='ltr'>et</span> <span class='ocrx_word' id='word_1_298' title='bbox 1336 2255 1426 2294; x_wconf 88' lang='lat' dir='ltr'>quod</span> 
     </span>
     <span class='ocr_line' id='line_1_35' title="bbox 94 2297 1427 2339; baseline 0.002 -11"><span class='ocrx_word' id='word_1_299' title='bbox 94 2297 180 2337; x_wconf 78' lang='lat' dir='ltr'>RSp</span> <span class='ocrx_word' id='word_1_300' title='bbox 196 2297 260 2329; x_wconf 83' lang='lat' dir='ltr'>rell.</span> <span class='ocrx_word' id='word_1_301' title='bbox 279 2309 287 2328; x_wconf 71' lang='grc' dir='ltr'><strong>ε</strong></span> <span class='ocrx_word' id='word_1_302' title='bbox 311 2297 433 2328; x_wconf 88' lang='lat' dir='ltr'>deinde</span> <span class='ocrx_word' id='word_1_303' title='bbox 451 2297 620 2337; x_wconf 85' lang='lat' dir='ltr'>perspicio</span> <span class='ocrx_word' id='word_1_304' title='bbox 638 2297 670 2328; x_wconf 93' lang='lat' dir='ltr'>id</span> <span class='ocrx_word' id='word_1_305' title='bbox 688 2299 778 2337; x_wconf 87' lang='lat' dir='ltr'>quod</span> <span class='ocrx_word' id='word_1_306' title='bbox 795 2300 973 2330; x_wconf 85' lang='lat' dir='ltr'>ostendam</span> <span class='ocrx_word' id='word_1_307' title='bbox 989 2298 1114 2339; x_wconf 79' lang='lat' dir='ltr'>Zumpt</span> <span class='ocrx_word' id='word_1_308' title='bbox 1246 2309 1267 2339; x_wconf 90' lang='lat'>9</span> <span class='ocrx_word' id='word_1_309' title='bbox 1292 2299 1375 2330; x_wconf 86' lang='lat' dir='ltr'>istos</span> <span class='ocrx_word' id='word_1_310' title='bbox 1388 2299 1427 2339; x_wconf 78' lang='lat' dir='ltr'>p²</span> 
     </span>
     <span class='ocr_line' id='line_1_36' title="bbox 95 2339 728 2381; baseline -0.002 -9"><span class='ocrx_word' id='word_1_311' title='bbox 95 2342 242 2380; x_wconf 85' lang='lat' dir='ltr'>ipsorum</span> <span class='ocrx_word' id='word_1_312' title='bbox 259 2351 302 2372; x_wconf 86' lang='lat' dir='ltr'>ex</span> <span class='ocrx_word' id='word_1_313' title='bbox 319 2341 394 2381; x_wconf 60' lang='lat' dir='ltr'>Rp&amp;</span> <span class='ocrx_word' id='word_1_314' title='bbox 409 2353 416 2372; x_wconf 70' lang='grc' dir='ltr'>ε</span> <span class='ocrx_word' id='word_1_315' title='bbox 442 2351 486 2372; x_wconf 89' lang='lat' dir='ltr'>ex</span> <span class='ocrx_word' id='word_1_316' title='bbox 502 2341 651 2380; x_wconf 87' lang='lat' dir='ltr'>ipsorum</span> <span class='ocrx_word' id='word_1_317' title='bbox 668 2339 728 2372; x_wconf 76' lang='grc' dir='ltr'>ΞΨ</span> 
     </span>
    </p>
   </div>
   <div class='ocr_carea' id='block_1_5' title="bbox 1277 2403 1337 2432">
    <p class='ocr_par' dir='ltr' id='par_1_5' title="bbox 1277 2403 1337 2432">
     <span class='ocr_line' id='line_1_37' title="bbox 1277 2403 1337 2432; baseline 0.017 -11"><span class='ocrx_word' id='word_1_318' title='bbox 1277 2403 1337 2432; x_wconf 61' lang='grc'>06*</span> 
     </span>
    </p>
   </div>
  </div>
 </body>
</html>
