1600 2704
72 110 126 147 43

67 744 125 774 103

80 2059 133 2095 44

74 2118 133 2149 104

153 114 209 138 102
514 100 569 137 M.
601 100 769 138 TVLLI
801 99 1107 140 CICERONIS

149 211 388 262 Cognoscite
437 211 639 262 pactiones
683 213 971 250 Menaenorum
1010 224 1101 250 cum
1141 211 1312 251 Venerio
1352 224 1474 251 servo.

149 276 389 327 Cognoscite
410 276 504 315 item
526 276 787 327 professiones
815 275 1011 314 sationum
1034 284 1071 314 et
1093 276 1295 326 pactiones
1318 278 1479 316 Menae·

146 354 297 379 norum.
362 341 581 387 Patiemini,
610 341 768 387 iudices,
793 341 844 379 ab
874 340 1001 387 sociis,
1024 340 1074 378 ab
1104 340 1320 379 aratoribus
1342 341 1478 391 populi

149 406 331 452 Romani,
354 407 404 444 ab
435 406 490 444 eis
521 406 589 456 qui
619 406 730 444 vobis
763 405 952 452 laborant,
977 405 1089 444 vobis
1120 405 1303 452 serviunt,
1331 405 1398 455 qui
1425 405 1479 444 ita

147 471 303 521 plebem
327 473 550 509 Romanam
579 471 631 509 ab
658 483 744 509 sese
770 470 821 508 ali
842 472 979 509 volunt
1004 478 1045 508 ut
1076 470 1149 509 sibi
1179 483 1225 508 ac
1247 470 1376 508 liberis
1399 470 1477 508 suis
1500 484 1519 516 5

146 544 299 574 tantum
329 535 495 585 supersit
526 548 605 585 quo
635 535 708 584 ipsi
736 534 786 573 ali
819 534 980 584 possint,
1013 535 1063 573 ab
1094 534 1153 572 his
1184 548 1251 585 per
1282 547 1477 572 summam

146 599 338 646 iniuriam,
371 613 440 649 per
470 599 742 638 acerbissimas
774 599 1033 638 contumelias
1066 601 1153 649 plus
1185 600 1387 650 aliquanto
1415 600 1480 637 ab·

146 666 269 702 latum
290 678 374 702 esse
396 677 515 714 quam
538 671 675 702 natum
701 663 779 703 sit?

201 728 352 776 Sentio,
371 728 531 775 iudices,
561 729 849 767 moderandum
871 728 967 767 mihi
988 742 1073 768 esse
1094 729 1171 767 iam
1188 729 1354 768 orationi
1369 742 1479 767 meae

147 793 454 844 fugiendamque
491 801 658 832 vestram
695 793 924 832 satietatem.
986 796 1079 833 Non
1113 795 1296 833 versabor
1328 793 1367 832 in
1399 807 1480 832 uno
1505 807 1544 829 ιο

147 872 288 909 genere
309 858 467 905 diutius,
496 866 534 897 et
563 858 616 896 ita
645 866 777 898 cetera
804 860 855 899 de
885 858 1061 898 oratione
1091 872 1179 898 mea
1209 860 1343 897 tollam
1373 866 1416 897 ut
1440 859 1480 897 in

148 937 266 962 causa
286 931 417 963 tamen
445 923 674 973 relinquam.
741 923 922 962 Audietis
944 922 1299 973 Agrigentinorum,
1325 923 1481 961 fortissi-

149 1002 302 1028 morum
323 989 507 1036 virorum,
528 987 920 1038 diligentissimorum
949 996 1157 1036 aratorum,
1190 987 1453 1038 querimonias
1472 1003 1482 1035 ;

149 1053 395 1105 cognoscetis
431 1053 729 1100 Entellinorum,
770 1054 976 1093 hominum
1016 1053 1160 1092 summi
1199 1053 1341 1098 laboris
1382 1066 1482 1091 sum-

150 1132 317 1169 maeque
355 1119 579 1165 industriae,
624 1120 802 1158 dolorem
842 1127 880 1158 et
922 1118 1106 1166 iniurias;
1152 1118 1479 1164 Heracliensium,
1506 1133 1543 1166 15

150 1183 392 1228 Gelensium,
434 1183 731 1222 Soluntinorum
773 1183 1028 1223 incommoda
1066 1185 1334 1234 proferentur,
1381 1182 1483 1222 Cati-

149 1249 345 1296 nensium,
385 1248 784 1299 locupletissimorum
820 1249 1027 1289 hominum
1060 1249 1479 1299 amicissimorumque,

149 1327 261 1364 agros
308 1321 467 1352 vexatos
516 1313 567 1351 ab
609 1313 787 1363 Apronio
836 1314 1081 1364 cognoscetis
1098 1329 1106 1361 ;
1158 1314 1482 1364 Tyndaritanam,

151 1378 436 1418 nobilissimam
488 1377 697 1424 civitatem,
763 1379 1157 1429 Cephaloeditanam,
1209 1379 1482 1425 Haluntinam,

150 1443 488 1494 Apolloniensem,
526 1443 765 1493 Enguinam,
810 1443 1034 1494 Capitinam
1075 1444 1246 1495 perditas
1287 1458 1371 1484 esse
1411 1445 1485 1482 hac
1507 1458 1547 1480 20

150 1508 356 1559 iniquitate
386 1509 644 1548 decumarum
667 1508 925 1558 intellegetis3
957 1509 1180 1557 Inensibus,
1209 1509 1482 1561 Murgentinis,

150 1573 359 1621 Assorinis,
395 1573 606 1620 Helorinis,
642 1573 778 1613 Ietinis
809 1574 905 1612 nihil
940 1575 1105 1614 omnino
1138 1575 1315 1614 relictum
1333 1589 1343 1622 3
1374 1575 1486 1615 Ceta-

149 1639 265 1686 rinos,
307 1638 528 1685 Scherinos,
574 1652 778 1689 parvarum
827 1639 1029 1678 civitatum
1078 1640 1270 1686 homines,
1322 1639 1487 1679 omnino

149 1703 325 1742 abiectos
347 1717 431 1742 esse
451 1717 497 1742 ac
518 1703 691 1753 perditos
707 1717 716 1750 ,-
750 1704 879 1742 omnis
910 1705 1082 1755 denique
1109 1718 1220 1754 agros
1243 1706 1486 1744 decumanos

151 1782 220 1819 per
248 1768 459 1807 triennium
489 1769 638 1818 populo
671 1770 856 1807 Romano
888 1782 934 1808 ex
964 1777 1072 1820 parte
1102 1770 1281 1816 decuma,
1307 1770 1351 1809 C.
1375 1768 1486 1807 Verri
1508 1786 1548 1817 25

151 1847 199 1872 ex
236 1832 345 1872 omni
383 1832 534 1883 reliquo
575 1833 772 1883 vectigalis
802 1833 931 1880 fuisse,
970 1841 1007 1872 et
1042 1834 1236 1884 plerisque
1269 1833 1486 1872 aratoribus

152 1897 249 1936 nihil
279 1897 443 1936 omnino
476 1898 738 1948 superfuisse3
768 1898 799 1937 si
821 1898 885 1938 cui
909 1898 1005 1949 quid
1029 1896 1199 1952 [autem]
1221 1906 1288 1938 aut
1309 1899 1486 1938 relictum

152 1971 218 2001 aut
250 1963 456 2002 remissum
498 1963 557 2010 sit,
589 1962 630 2002 id
669 1963 786 2003 fuisse
823 1971 976 2003 tantum
1016 1972 1209 2015 quantum
1248 1977 1295 2003 ex
1325 1977 1374 2003 eo
1409 1976 1488 2014 quo

154 2027 263 2066 istius
284 2027 443 2066 avaritia
466 2036 652 2068 contenta
674 2029 747 2068 fuit
771 2028 1009 2068 redundarit.

1595 2070 1598 2083 ι

212 2094 388 2131 Duarum
420 2092 515 2131 mihi
546 2093 749 2133 civitatum
780 2093 950 2144 reliquos
983 2093 1057 2133 feci
1076 2106 1200 2144 agros,
1224 2093 1385 2141 iudices,
1409 2095 1487 2133 fere
1510 2109 1551 2141 30
1594 2086 1598 2126 ἶ

201 2200 220 2228 3
246 2200 264 2220 a
281 2191 382 2221 sociis
403 2191 432 2221 Ο
599 2202 618 2230 4
643 2192 693 2223 eis
711 2191 741 2223 O
758 2204 763 2223 :
789 2192 840 2223 his
857 2204 877 2221 π
1042 2193 1061 2222 8
1085 2192 1128 2223 sit
1145 2202 1209 2223 om.
1234 2191 1263 2222 O
1282 2203 1288 2222 :
1313 2197 1364 2223 est
1380 2189 1488 2222 Halm

161 2232 272 2273 (prob.
294 2233 371 2265 Ziel.
389 2240 421 2273 p.
445 2237 518 2273 195³*
655 2245 676 2274 9
701 2236 764 2265 iarn
784 2236 861 2266 mihi
882 2245 956 2266 esse
976 2235 1006 2266 O
1145 2245 1179 2265 1[
1208 2236 1240 2266 in
1259 2245 1358 2266 causa
1376 2240 1488 2265 tamen

160 2275 248 2306 codd.
280 2276 325 2316 (O
344 2282 403 2316 per
425 2277 632 2317 compend.):
666 2284 779 2310 tamen
805 2280 837 2309 in
864 2289 962 2309 causa
990 2277 1094 2318 (quod
1105 2278 1196 2317 falso
1220 2278 1341 2309 dicitnr
1362 2278 1395 2308 in
1416 2277 1486 2307 ‘N'

150 2319 274 2357 fnisse)
288 2319 422 2350 Jordan.
440 2320 517 2352 Ziel.
537 2321 572 2360 (l.
588 2323 627 2359 c.)
738 2332 774 2361 13
791 2327 958 2353 aratorum
979 2322 1008 2352 O
1026 2334 1032 2352 ε
1057 2333 1123 2353 om.
1141 2334 1161 2351 π
1199 2322 1288 2353 Fors.
1307 2322 1492 2360 diligentis·

161 2363 388 2401 simoi-umque
402 2373 495 2402 quer.
548 2374 584 2402 14
609 2366 823 2403 cognoscetis
837 2365 884 2396 cO
902 2377 908 2395 z
932 2366 1145 2404 cognoscetis
1157 2365 1316 2405 iudicesp
1329 2365 1394 2395 rell.
1452 2365 1490 2393 16

163 2405 359 2436 Gelensium
376 2406 444 2436 cO:
470 2416 535 2437 om.
555 2419 575 2435 π
642 2417 682 2446 27
707 2413 819 2438 autem
837 2418 901 2439 om.
922 2408 951 2439 O
968 2409 1009 2440 al.
1030 2420 1035 2437 :
1059 2419 1116 2449 ego
1132 2409 1248 2438 seclusi

1597 1944 1600 1961 l

1596 1973 1600 2017 i

1594 2050 1598 2064 l

1594 2129 1597 2147 1

1592 2166 1596 2213 i

1588 2355 1600 2442 l

1585 2461 1590 2489 l

1585 2494 1590 2550 ἶ

1582 2565 1588 2636 l

1581 2638 1588 2704 l
