1600 2704
1440 48 1518 75 559

77 116 346 155 ACTIONIS
367 115 428 153 IN
450 114 496 154 c.
519 102 762 152 VERREM
784 114 1083 154 SECVNDAE
1105 116 1210 155 LIB.
1234 118 1293 154 IV
1352 124 1406 165 33
1429 127 1466 164 72

77 224 335 262 conservabat
351 238 362 271 3
391 236 483 262 narn
513 230 672 274 propter
701 222 885 262 eximiam
919 224 1254 273 pulchritudinem
1288 227 1406 266 etiam

76 287 256 326 hostibus
286 287 405 338 digna
434 300 553 337 quam
581 286 826 326 sanctissime
856 289 1031 326 colerent
1051 288 1269 328 videbatur.
1328 292 1408 330 Ali-
1430 304 1468 338 73

75 359 173 401 quot
194 352 359 391 saeculis
379 359 469 402 post
491 353 532 389 P.
556 350 689 401 Scipio
703 351 808 390 bello
825 351 977 391 Punico
993 352 1108 391 tertio
1126 354 1405 404 Carthaginem

74 415 179 466 cepit
195 430 206 464 3
249 429 327 466 qua
355 416 395 455 in
426 415 788 464 victoria‚—videte
821 415 994 455 hominis
1029 416 1212 456 virtutem
1246 427 1284 457 et
1323 419 1407 458 dili-

33 495 51 526 5
73 479 258 530 gentiam,
281 488 324 519 ut
353 488 391 519 et
421 479 650 520 domesticis
681 479 1013 530 praeclarissimae
1034 480 1185 520 virtutis
1216 484 1405 533 exemplis

71 544 275 595 gaudeatis
309 553 348 584 et
379 558 428 584 eo
461 545 609 584 maiore
646 545 743 584 odio
781 545 940 596 dignam
981 546 1091 585 istius
1131 546 1403 587 incredibilem

69 609 277 648 audaciam
307 609 787 657 iudicetis,—convocatis
809 610 949 649 Siculis
971 610 1168 658 omnibus,
1192 613 1301 661 quod
1323 612 1405 651 diu-

69 673 218 714 tissime
239 674 546 726 saepissimeque
578 675 749 714 Siciliam
769 684 946 714 vexatam
969 688 991 713 a
1012 676 1403 726 Carthaginiensibus

70 752 156 778 esse
177 748 374 789 cognorat,
399 740 508 779 iubet
528 741 663 779 omnia
684 740 862 791 conquiri
879 755 890 789 3
918 740 1126 791 pollicetur
1146 742 1220 781 sibi
1238 756 1404 794 magnae

10 817 50 841 10
69 815 186 844 curae
219 805 301 844 fore
335 813 378 844 ut
411 805 546 844 omnia
577 806 812 853 civitatibus,
854 819 956 856 quae
995 806 1186 857 cuiusque
1225 808 1400 856 fuissent,

68 869 374 909 restituerentur.
451 872 556 910 Tum
595 871 660 909 illa
699 884 800 922 quae
840 872 1045 921 quondam
1085 880 1194 911 erant
1235 874 1402 914 Himera

66 933 230 981 sublata,
265 935 316 973 de
346 934 491 984 quibus
525 942 641 974 antea
673 935 763 983 dixi,
807 936 1075 975 Thermitanis
1107 946 1198 976 sunt
1233 940 1398 988 reddita,

65 1004 150 1036 turn
177 998 253 1037 alia
275 999 524 1046 Gelensibus,
546 999 622 1038 alia
642 1000 919 1050 Agrigentinis,
943 1000 982 1038 in
1013 1001 1156 1051 quibus
1187 1003 1305 1042 etiam
1336 1004 1399 1044 ille

63 1063 208 1102 nobilis
247 1071 390 1111 taurus,
432 1077 551 1114 quern
591 1064 885 1104 crudelissimus
925 1065 1103 1104 omnium
1143 1074 1396 1116 tyrannorum

5 1140 43 1172 15
64 1127 239 1167 Phalaris
260 1128 445 1167 habuisse
466 1128 619 1176 dicitur,
642 1142 722 1179 quo
743 1129 852 1167 vivos
874 1129 1042 1180 supplici
1056 1143 1174 1169 causa
1190 1132 1398 1172 demittere

62 1192 245 1232 homines
265 1200 303 1232 et
325 1192 503 1232 subicere
524 1194 724 1232 flammam
747 1193 912 1232 solebat.
973 1194 1105 1243 Quem
1128 1203 1283 1234 taurum
1305 1209 1395 1236 cum

63 1256 196 1306 Scipio
228 1258 409 1296 redderet
441 1257 720 1308 Agrigentinis,
752 1257 898 1297 dixisse
933 1258 1076 1297 dicitur
1106 1273 1277 1310 aequum
1311 1274 1396 1301 esse

59 1320 147 1360 illos
167 1322 338 1372 cogitare
358 1329 490 1361 utrum
511 1330 614 1362 esset
634 1322 901 1373 Agrigentinis
928 1323 1072 1371 utilius,
1096 1326 1228 1364 suisne
1253 1327 1396 1366 servire

59 1398 162 1426 anne
182 1388 332 1438 populo
353 1388 539 1426 Romano
555 1388 841 1439 obtemperare,
858 1401 948 1427 cum
965 1389 1070 1428 idern
1089 1400 1393 1430 monumentum

1 1463 42 1486 20
60 1458 97 1490 et
113 1452 356 1491 domesticae
377 1453 616 1492 crudelitatis
631 1461 669 1493 et
685 1462 841 1493 nostrae
858 1455 1173 1494 mansuetudinis
1188 1457 1390 1496 haberent.

114 1517 189 1555 Illo
227 1524 406 1567 tempore
445 1517 668 1568 Segestanis
708 1518 878 1557 maxima
917 1531 1007 1556 curn
1047 1531 1139 1558 cura
1178 1522 1276 1560 haec
1307 1521 1391 1572 ipsa
1412 1497 1464 1589 ἐξ

59 1580 198 1627 Diana,
223 1582 273 1620 de
302 1594 381 1631 qua
410 1581 590 1629 dicimus,
613 1582 819 1630 redditur,
847 1591 1064 1633 reportatur
1095 1584 1295 1635 Segestam
1310 1601 1320 1634 3
1350 1586 1391 1624 in

56 1644 136 1683 suis
170 1645 342 1695 antiquis
374 1645 535 1686 sedibus
567 1659 721 1685 summa
753 1659 844 1685 curn
879 1648 1138 1697 gratulatione
1172 1649 1317 1688 civium
1352 1658 1390 1690 et

56 1709 202 1748 laetitia
222 1709 434 1760 reponitur.
495 1709 608 1749 Haec
638 1719 718 1749 erat
748 1711 876 1761 posita
908 1712 1092 1763 Segestae
1123 1727 1216 1754 sane
1237 1717 1390 1754 excelsa

0 1786 37 1818 ²5
56 1773 96 1812 in
128 1773 224 1821 basi,
260 1773 300 1812 in
332 1787 410 1824 qua
439 1775 654 1826 grandibus
689 1775 825 1814 litteris
856 1778 899 1814 P.
931 1777 1107 1816 Africani
1136 1791 1283 1818 nomen
1309 1789 1390 1819 erat

54 1838 223 1878 incisum
253 1852 426 1889 eumque
456 1840 694 1892 Carthagine
728 1849 843 1891 capta
874 1842 1088 1882 restituisse
1115 1844 1387 1895 perscriptum.

55 1904 271 1944 Colebatur
299 1917 322 1943 a
351 1904 514 1952 civibus,
544 1906 595 1944 ab
631 1906 817 1946 omnibus
850 1907 1014 1946 advenis
1046 1909 1267 1957 visebatur,-
1297 1923 1388 1948 cum

54 1975 238 2017 quaestor
258 1981 396 2016 essem,
418 1968 516 2007 nihil
546 1969 643 2008 mihi
672 1970 723 2008 ab
752 1970 827 2010 illis
855 1979 912 2010 est
933 1973 1246 2012 demonstratum
1268 1973 1386 2024 prius.

56 2033 148 2071 Erat
179 2033 398 2072 admodum
429 2035 605 2084 amplum
639 2042 677 2073 et
710 2037 909 2074 excelsum
949 2037 1103 2086 signum
1139 2051 1229 2077 curn
1262 2041 1389 2088 stola3

0 2109 38 2142 30
54 2110 189 2136 verum
219 2105 352 2136 tamen
381 2096 505 2136 inerat
525 2098 565 2136 in
586 2098 651 2137 illa
671 2099 943 2150 magnitudine
963 2109 1069 2140 aetas
1090 2110 1208 2152 atque
1230 2104 1388 2143 habitus

54 2160 274 2212 virginalis3
323 2161 485 2212 sagittae
524 2163 755 2213 pendebant
792 2165 844 2203 ab
882 2178 1031 2213 umero,
1073 2167 1227 2206 sinistra
1266 2182 1386 2208 manu

97 2274 118 2304 3
140 2264 232 2296 bello
246 2264 372 2296 Punico
389 2266 486 2296 tertio
503 2265 591 2298 codd.
607 2279 613 2298 :
637 2265 696 2298 del.
715 2266 816 2307 Bake,
835 2266 978 2307 Richter,
994 2268 1083 2300 Nohl
1193 2281 1205 2301 1
1216 2282 1228 2302 1
1256 2272 1386 2304 fuerant

49 2308 93 2346 ῥδ
227 2309 266 2339 18
289 2308 526 2349 Agrigentinis
542 2309 629 2342 RS:
655 2310 778 2342 Siculis
795 2313 830 2343 δε
855 2311 913 2343 del.
938 2311 1099 2344 Garatoni
1235 2325 1274 2354 19
1298 2326 1387 2347 anne

56 2349 138 2382 RS:
162 2361 204 2382 an
217 2353 261 2392 ῥδ
408 2362 449 2383 22
473 2358 507 2384 et
524 2353 558 2383 in
577 2354 644 2385 suis
660 2353 727 2385 cod.
750 2353 834 2395 Vrs„
858 2354 893 2385 K
