1600 2704
79 126 210 162 47124
513 100 570 136 M.
602 91 769 133 TVLLI
801 49 1107 127 CICERONIS

154 219 441 273 possessionem
461 205 688 250 hereditatis
708 206 825 249 negat
845 210 886 235 se
906 196 1100 236 daturum,
1114 200 1166 226 ne
1191 190 1326 237 posset
1352 186 1479 231 patro-

157 300 250 327 num
276 294 390 323 suurn
413 274 673 330 proscriptum
701 266 846 309 iuvare,
874 258 990 298 simul
1016 262 1062 294 ut
1086 258 1190 291 esset
1220 258 1351 299 poena
1370 241 1480 294 quod

157 350 313 392 alterius
351 340 505 395 patroni
535 338 774 375 testamento
807 325 1128 371 obtemperasset.
1207 314 1289 351 Das
1331 317 1483 359 posses-

160 419 310 456 sionem
327 411 361 449 ei
383 406 451 458 qui
474 415 557 444 non
577 396 742 443 iuravit,
772 388 952 430 concedo
963 399 975 434 3
1004 378 1241 434 praetorium
1263 382 1332 413 est.
1392 367 1484 409 Adi-

162 481 234 519 mis
268 486 311 516 tu
342 474 378 512 ei
409 468 474 520 qui
500 462 662 510 iuravit3
690 470 770 509 quo
795 449 1004 501 exemplo?
1061 441 1327 491 Proscriptum
1356 435 1462 474 iuvat
1477 446 1486 479 3
1506 443 1523 475 5

162 549 224 584 lex
245 550 313 587 est,
336 547 465 589 poena
484 539 552 570 est.
614 524 723 574 Quid
742 521 795 560 ad
817 529 907 556 eum
935 512 1003 565 qui
1031 510 1092 550 ius
1118 506 1244 546 dicit?
1273 510 1405 540 utrum
1433 510 1489 535 re-

164 603 377 661 prehendis
395 597 505 649 quod
527 599 738 644 patronum
763 582 925 623 iuvabat
950 589 1042 616 eum
1073 571 1141 623 qui
1165 578 1249 608 tum
1264 566 1305 604 in
1326 559 1490 603 miseriis

165 680 257 718 erat,
274 682 325 707 an
341 664 448 716 quod
464 657 621 698 alterius
641 648 796 704 patroni
808 642 951 686 mortui
965 642 1208 679 voluntatem
1221 627 1489 672 conservabat,

167 751 191 776 a
228 745 310 785 quo
345 735 547 768 summum
582 714 822 758 beneficium
862 704 1096 756 acceperat?
1169 700 1314 735 Vtrum
1352 694 1494 730 horum

169 792 450 852 reprehendis?
507 788 559 826 Et
570 786 648 823 hoc
661 790 745 819 tum
759 779 809 816 de
824 775 919 813 sella
930 771 987 809 vir
1006 766 1180 818 optimus
1195 760 1291 800 dixit
1307 773 1315 796 ε
1338 760 1346 776 ‘
1362 752 1497 805 Equiti
1519 766 1556 788 10

172 869 356 905 Romano
376 867 457 896 tarn
475 846 664 900 locupleti
684 840 887 883 libertinus
903 838 1026 875 homo
1041 832 1090 870 sit
1105 831 1218 868 heres
1238 825 1267 864 1'
1311 822 1347 862 O
1367 820 1498 859 mode-

173 938 276 971 stum
298 924 490 966 ordinem,
512 915 621 967 quod
642 911 748 950 illinc
768 906 878 944 vivus
899 896 1101 940 surrexerit
1121 896 1128 932 ἵ

99 1009 155 1041 125
229 997 395 1033 Possum
419 989 596 1024 sescenta
624 979 781 1016 decreta
807 969 977 1020 proferre
1002 963 1043 1002 in
1068 959 1223 1011 quibus,
1255 961 1297 992 ut
1327 963 1399 1001 ego
1420 961 1501 986 non

178 1062 323 1104 dicam,
347 1050 556 1105 pecuniam
579 1038 845 1084 intercessisse
872 1033 957 1083 ipsa
979 1030 1229 1068 decretorum
1253 1018 1406 1059 novitas
1435 1013 1504 1053 ini-

181 1124 387 1175 quitasque
407 1115 603 1157 declarat3
630 1116 765 1144 verum
786 1108 829 1139 ut
847 1112 895 1137 ex
914 1107 995 1134 uno
1015 1094 1066 1131 de
1081 1087 1220 1129 ceteris
1235 1084 1503 1124 coniecturam
1526 1089 1564 1121 ¹5

112 1192 164 1239 48
183 1191 308 1228 facere
331 1179 499 1234 possitis,
517 1177 559 1214 id
579 1172 686 1223 quod
707 1167 834 1220 priore
858 1161 1015 1201 actione
1035 1151 1237 1198 didicistis,
1255 1147 1399 1188 audite.
1460 1144 1505 1183 C.

184 1248 378 1301 Sulpicius
399 1245 593 1293 Olympus
618 1235 717 1282 fuit,
745 1231 777 1270 is
804 1234 981 1268 mortuus
1009 1228 1066 1260 est
1094 1219 1139 1258 C.
1164 1215 1375 1255 Sacerdote
1405 1221 1510 1260 prae-

184 1327 277 1362 tore,
303 1311 435 1351 nescio
454 1320 504 1345 an
524 1310 737 1350 antequam
756 1296 898 1332 Verres
920 1294 1143 1340 praeturam
1163 1288 1295 1332 petere
1316 1272 1487 1325 coeperit
1501 1286 1511 1319 3

187 1381 276 1420 fecit
302 1376 489 1417 heredem
521 1370 577 1407 M.
608 1361 818 1404 Octavium
845 1356 1041 1405 Ligurem.
1102 1347 1223 1397 Ligus
1252 1339 1512 1382 hereditatem

186 1444 307 1490 adiit3
342 1435 517 1491 possedit
545 1428 757 1470 Sacerdote
788 1427 966 1473 praetore
992 1415 1077 1454 sine
1116 1413 1195 1450 ulla
1233 1401 1510 1446 controversia.
1534 1410 1573 1434 20

190 1513 452 1554 Posteaquam
472 1500 613 1535 Verres
635 1489 902 1540 magistratum
922 1480 1021 1527 iniit,
1042 1492 1090 1517 ex
1110 1475 1242 1514 edicto
1262 1470 1384 1515 istius,
1406 1466 1516 1517 quod

189 1574 363 1613 edictum
386 1564 576 1606 Sacerdos
596 1570 677 1597 non
698 1554 900 1595 habuerat,
923 1543 1070 1594 Sulpici
1094 1537 1249 1592 patroni
1269 1535 1348 1574 filia
1368 1539 1516 1571 sextam

192 1645 340 1689 partem
378 1625 604 1671 hereditatis
642 1622 693 1660 ab
731 1617 874 1667 Ligure
911 1618 1044 1662 petere
1083 1604 1224 1656 coepit.
1283 1600 1403 1650 Ligus
1437 1608 1519 1634 non

192 1705 335 1742 aderat.
414 1697 457 1733 L.
499 1694 613 1729 frater
652 1685 736 1724 eius
774 1689 933 1719 causam
973 1673 1141 1725 agebat,
1187 1668 1351 1707 aderant
1389 1660 1518 1707 amici,

194 1761 415 1819 propinqui.
476 1755 645 1796 Dicebat
668 1750 753 1795 iste,
785 1743 860 1784 nisi
885 1753 976 1781 cum
1008 1735 1171 1777 muliere
1200 1730 1458 1772 decideretur,
1479 1723 1521 1763 in
1543 1736 1580 1770 25

243 2000 264 2028 6
286 1997 342 2027 lex
368 2002 477 2034 poena
504 1994 555 2020 est
585 1985 615 2016 V
739 1992 755 2020 7
781 1986 849 2010 tum
863 1975 923 2006 ¹rrb:
948 1984 1014 2004 om.
1047 1969 1077 2000 V
1190 1975 1212 2005 9
1234 1974 1252 1994 a
1283 1972 1319 1992 r:
1345 1970 1411 1990 om.
1438 1957 1526 1997 qub

206 2053 239 2072 11
266 2042 367 2070 homo
384 2038 427 2068 sit
447 2034 493 2064 V:
518 2032 561 2063 sit
578 2031 679 2060 homo
693 2032 717 2067 p
731 2024 792 2055 rell.
888 2028 927 2049 12
951 2012 1138 2047 surrexerit
1152 2003 1365 2048 V(Zielinski
1374 2008 1408 2042 p.
1425 1999 1502 2040 193)
1520 2010 1526 2030 :

203 2084 322 2116 surrei
345 2086 391 2122 p:
413 2075 562 2110 surrexit
590 2072 679 2103 rrell.
805 2074 843 2104 13
862 2064 1017 2093 sescenta
1049 2057 1095 2087 V:
1119 2054 1164 2085 {31
1186 2057 1233 2092 p:
1255 2045 1436 2086 sexaginta
1462 2042 1525 2073 rell.

204 2137 268 2166 ego
285 2135 352 2156 non
370 2123 475 2153 dicam
494 2116 668 2159 pecuniam
694 2113 737 2143 V:
760 2120 824 2149 ego
842 2115 915 2146 pec.
935 2112 1003 2134 non
1021 2101 1127 2131 dicam
1141 2102 1185 2138 pr
1200 2092 1264 2125 rell.
1382 2089 1422 2118 16
1445 2085 1529 2117 didi-

206 2169 298 2200 cistis
323 2167 360 2197 V:
395 2162 602 2204 cognostisp
620 2158 682 2189 rell.
704 2155 800 2197 (Am.
822 2151 857 2190 J.
881 2147 944 2179 Ph.
964 2144 1053 2176 xxvi.
1074 2140 1150 2180 411)
1316 2133 1355 2163 18
1380 2128 1530 2169 coeperit

208 2213 248 2241 πὸ
265 2208 471 2241 rell.Pr1'sc.:
496 2203 607 2242 coepit
627 2201 656 2231 V
770 2207 820 2236 19,
849 2203 890 2232 23
921 2190 1015 2230 (item
1045 2186 1066 2224 i,
1096 2187 1112 2222 ς
1139 2180 1215 2221 126)
1242 2178 1330 2216 ligus
1352 2180 1420 2215 pq:
1444 2172 1531 2211 ligur

210 2254 273 2285 rell.
407 2260 448 2281 22
474 2258 539 2279 non
566 2255 632 2275 om.
665 2244 713 2274 V:
746 2241 806 2272 ελ.
835 2241 872 2269 ut
898 2233 1027 2265 videtur
1045 2228 1093 2270 1³²,
1122 2225 1194 2256 dein
1223 2221 1281 2253 del.
1417 2216 1460 2246 26
1482 2215 1531 2244 ire

210 2299 377 2328 iussurum
400 2293 482 2333 Vprb
498 2303 503 2321 :
529 2292 577 2320 ire
599 2289 779 2319 missurum
797 2284 813 2313 δ
829 2293 835 2313 :
869 2289 906 2310 se
927 2277 1107 2307 missurum
1125 2267 1203 2301 coni.
1222 2264 1348 2302 Zumpt
1365 2255 1536 2299 (Zielinski

210 2342 230 2370 l.
247 2341 287 2379 c.)
378 2347 417 2375 27
443 2337 483 2365 ad
502 2344 558 2364 eas
574 2332 720 2363 heredes
733 2328 775 2368 pl)
