1600 2704
64 117 332 159 ACTIONIS
353 118 414 156 IN
436 118 481 157 C.
503 118 745 156 VERREM
768 118 1066 159 SECVNDAE
1090 122 1193 160 LIB.
1217 123 1276 160 IV
1346 133 1389 170 13
1411 139 1449 169 31

61 230 306 279 perdendum
329 236 418 268 erat.
479 228 588 267 Nihil
608 228 716 267 aliud
736 229 929 279 optabant
957 243 1125 280 quorum
1153 232 1390 280 poscebatur

57 301 261 344 argentum
282 293 357 332 nisi
376 301 418 332 ut
438 293 479 332 id
500 293 668 332 Hieroni
689 301 727 332 et
747 295 983 344 Tlepolemo
1003 294 1240 345 displiceret.

110 360 259 397 Verum
292 359 516 398 mehercule
554 360 642 405 hoc,
678 358 839 405 iudices,
872 358 1013 397 dicam.
1074 359 1243 398 Memini
1277 362 1389 400 Pam·
1408 343 1451 424 ἒξ

57 423 207 474 philum
240 423 518 474 Lilybitanum,
543 423 714 463 amicum
746 432 784 463 et
810 424 1007 475 hospitem
1035 437 1183 473 meum,
1210 425 1387 465 nobilem
1409 414 1427 433 ὃ

17 505 35 536 5
55 489 272 537 hominem,
301 488 396 528 mihi
426 502 589 536 narrare,
618 502 709 528 cum
739 489 812 529 iste
840 490 891 528 ab
921 503 1005 529 sese
1035 490 1213 541 hydriam
1244 491 1388 530 Boethi

55 566 173 592 manu
201 555 344 592 factam
374 555 572 604 praeclaro
601 567 721 604 opere
752 562 790 593 et
816 554 954 605 grandi
979 556 1156 606 pondere
1187 569 1256 606 per
1281 564 1388 607 pote—

53 625 194 657 statem
214 618 450 665 abstulisset,
475 632 516 658 se
543 631 637 658 sane
665 618 814 659 tristem
846 627 884 658 et
914 620 1193 660 conturbatum
1220 622 1386 660 domum

53 683 265 730 revertisse,
289 684 396 733 quod
424 696 490 722 vas
517 683 601 723 eius
626 683 746 731 modi,
774 685 882 735 quod
908 684 981 724 sibi
1002 698 1025 723 a
1045 694 1154 736 patre
1182 694 1220 725 et
1247 699 1269 724 a
1295 686 1387 725 mai-

53 747 184 787 oribus
216 756 318 787 esset
347 747 537 796 relictum,
573 761 654 799 quo
683 748 820 788 solitus
848 756 950 789 esset
974 749 1031 789 uti
1060 752 1112 790 ad
1139 752 1259 790 festos
1287 751 1382 799 dies,

0 826 33 849 [ο
51 813 102 851 ad
123 812 323 864 hospitum
344 813 552 862 adventus,
567 826 590 852 a
606 827 647 852 se
664 821 765 853 esset
782 815 971 854 ablatum.
1022 819 1030 836 ‘
1048 816 1151 856 Cum
1182 817 1385 864 sederem‚'

49 878 187 928 inquit,
213 878 344 918 ‘domi
373 878 503 926 tristis,
532 879 698 918 accurrit
718 880 936 929 Venerius;
976 880 1086 920 iubet
1120 895 1184 920 me
1214 883 1383 932 scyphos

48 943 234 995 sigillatos
272 945 323 983 ad
354 952 574 995 praetorem
621 945 752 984 statim
791 947 952 985 adferre.
1023 948 1230 986 Permotus
1271 949 1383 994 sum,'

46 1008 198 1059 inquit3
242 1008 380 1048 ‘binos
414 1010 610 1049 habebam
626 1025 637 1059 3
669 1010 788 1050 iubeo
817 1011 944 1062 promi
975 1019 1172 1062 utrosque,
1205 1025 1255 1050 ne
1285 1011 1381 1061 quid

46 1075 133 1124 plus
164 1073 256 1113 mali
285 1082 520 1122 nasceretur,
546 1082 585 1114 et
605 1088 762 1114 mecum
789 1077 840 1115 ad
867 1076 1055 1127 praetoris
1086 1078 1251 1115 domum
1280 1076 1380 1114 ferri.

0 1149 26 1181 25
47 1140 108 1178 Eo
142 1153 232 1178 cum
267 1139 394 1187 venio,
426 1147 580 1190 praetor
618 1140 872 1191 quiescebat3
912 1142 1046 1180 fratres
1080 1141 1134 1178 illi
1170 1141 1380 1191 Cibyratae

45 1203 356 1244 inambulabant.
431 1205 511 1254 Qui
551 1218 614 1244 me
648 1205 716 1244 ubi
750 1205 942 1254 viderunt,
984 1205 1097 1245 “Vbi
1129 1213 1230 1253 sunt,
1269 1208 1380 1244 Pam-

44 1269 185 1319 phile‚'⁷
232 1270 427 1321 inquiunt,
472 1273 493 1291 ‘⁴
512 1270 714 1321 scyphi?''
782 1271 965 1310 Ostendo
1011 1270 1127 1309 tristis
1143 1285 1153 1319 3
1201 1272 1375 1310 laudant.

45 1334 200 1386 Incipio
221 1336 330 1386 queri
352 1349 416 1375 me
437 1335 534 1375 nihil
562 1335 789 1374 habiturum
818 1337 927 1386 quod
954 1336 1118 1374 alicuius
1150 1344 1252 1374 esset
1279 1337 1377 1386 preti

44 1399 74 1437 si
96 1400 213 1439 etiam
230 1400 367 1452 scyphi
388 1408 518 1441 essent
538 1400 672 1440 ablati.
720 1402 825 1439 Tum
842 1400 908 1446 illi,
927 1400 994 1439 ubi
1012 1414 1075 1440 me
1096 1401 1376 1440 conturbatum

0 1477 24 1499 ιο
43 1463 189 1512 vident,
215 1468 237 1484 “
251 1465 361 1515 Quid
382 1465 438 1504 vis
460 1465 575 1505 nobis
597 1466 689 1505 dare
710 1472 752 1504 ut
780 1464 841 1504 isti
868 1466 939 1504 abs
960 1473 998 1504 te
1019 1479 1069 1504 ne
1089 1466 1376 1504 auferantur?⁷'

43 1530 106 1568 Ne
135 1531 269 1578 multa,
308 1531 379 1570 HS
410 1530 516 1570 mille
547 1532 635 1578 me‚’
666 1530 805 1581 inquit,
841 1534 1130 1581 ‘poposcerunt
1147 1545 1157 1578 3
1202 1530 1282 1569 dixi
1311 1544 1374 1569 me

40 1595 234 1634 daturum.
305 1597 432 1635 Vocat
466 1596 615 1636 interea
645 1604 810 1647 praetor,
844 1596 971 1646 poscit
1004 1596 1197 1646 scyphos.’
1267 1597 1371 1634 Tum

39 1658 125 1698 illos
146 1660 324 1711 coepisse
348 1660 515 1711 praetori
545 1660 675 1701 dicere
706 1668 865 1712 putasse
889 1673 941 1708 se,
965 1660 1005 1699 id
1026 1661 1135 1711 quod
1155 1659 1370 1708 audissent,

39 1723 202 1764 alicuius
223 1725 321 1776 preti
338 1727 507 1777 scyphos
528 1739 613 1765 esse
630 1725 827 1776 Pamphili
842 1740 852 1774 3
881 1727 1031 1765 luteum
1048 1725 1251 1776 negotium
1273 1738 1368 1772 esse,

4 1800 20 1832 5
38 1801 118 1826 non
149 1789 312 1840 dignum
335 1791 444 1841 quod
468 1790 507 1829 in
538 1804 610 1829 suo
633 1798 796 1842 argento
817 1790 957 1829 Verres
978 1791 1151 1829 haberet.
1209 1790 1277 1828 Ait
1308 1790 1372 1828 ille

37 1852 143 1893 idem
164 1854 238 1894 sibi
258 1855 391 1894 videri.
452 1857 513 1895 Ita
534 1855 765 1907 Pamphilus
786 1857 955 1907 scyphos
976 1855 1148 1906 optimos
1163 1856 1298 1894 aufert.

91 1920 141 1957 Et
163 1920 386 1959 mehercule
407 1933 481 1971 ego
506 1927 634 1968 antea,
657 1920 812 1959 tametsi
834 1921 910 1960 hoc
935 1920 1070 1959 nescio
1090 1920 1187 1969 quid
1208 1927 1370 1969 nugato-
1391 1938 1431 1968 33

35 1982 133 2022 rium
165 1984 338 2023 sciebam
368 1997 464 2033 esse,
496 1984 570 2023 ista
602 1984 839 2035 intellegere,
868 1992 1000 2023 tamen
1032 1983 1160 2022 mirari
1190 1984 1366 2022 solebam

35 2048 152 2087 istum
192 2049 231 2087 in
270 2049 330 2088 his
368 2048 462 2100 ipsis
500 2050 617 2088 rebus
650 2049 822 2099 aliquem
861 2062 1019 2088 sensum
1054 2049 1210 2096 habere,
1248 2062 1366 2099 quern

0 2129 19 2150 0
36 2113 174 2153 scirem
205 2115 311 2152 nulla
331 2113 371 2152 in
392 2127 433 2153 re
453 2113 667 2164 quicquam
688 2113 814 2152 simile
843 2113 1015 2152 hominis
1045 2113 1200 2152 habere.
1261 2115 1365 2152 Tum
1387 2127 1428 2166 15

35 2178 203 2228 primum
233 2178 406 2218 intellexi
431 2179 483 2217 ad
512 2191 599 2217 eam
626 2191 708 2217 rem
736 2178 832 2217 istos
853 2179 987 2217 fratres
1008 2178 1213 2228 Cibyratas
1234 2178 1365 2224 fuisse,

35 2251 76 2282 ut
110 2245 181 2283 iste
208 2244 248 2282 in
278 2245 446 2288 furando
485 2244 668 2283 manibus
708 2243 787 2282 suis
826 2235 951 2282 oculis
987 2243 1143 2284 illorum
1177 2251 1360 2284 uteretur.

78 2357 97 2377 2
122 2348 153 2378 id
172 2347 247 2379 Rrr:
272 2358 338 2379 om.
358 2347 388 2380 S
404 2347 470 2379 rell.
641 2348 661 2378 8
685 2357 703 2378 a
722 2347 814 2388 (ante
830 2346 1025 2388 maioribus>
1043 2357 1108 2379 om.
1126 2348 1143 2379 δ
1323 2357 1361 2378 21

35 2396 259 2431 poposcerant
276 2391 354 2423 RS:
380 2403 444 2423 om.
466 2392 508 2432 p&
