1600 2704
132 152 175 180 21
195 147 237 189 46
561 144 617 182 Μ.
649 145 817 183 TVLLI
850 145 1156 185 CICERONIS

131 239 175 266 21

130 300 150 329 4
155 289 173 320 6
250 254 375 292 Iactat
404 265 445 292 se
474 251 551 291 iam
581 253 733 292 dudum
761 254 811 292 de
837 253 1002 300 Calidio,
1027 261 1154 292 narrat
1178 253 1363 293 omnibus
1384 255 1524 296 emisse

194 331 246 357 se.
306 319 412 356 Num
453 318 570 357 etiam
610 319 660 357 de
700 320 742 356 L.
782 318 957 369 Papinio,
992 318 1075 357 viro
1108 318 1303 368 primario,
1336 320 1523 369 locupleti

193 384 441 433 honestoque
461 382 593 433 equite
608 385 804 430 Romano,
820 383 1033 422 turibulum
1055 383 1213 422 emisti?
1242 383 1309 433 qui
1330 397 1400 434 pro
1421 384 1522 423 testi-

191 448 327 487 monio
348 448 443 487 dixit
457 456 505 496 te,
525 462 615 487 cum
640 448 929 498 inspiciendum
946 448 1204 499 poposcisses,
1223 450 1359 488 evulso
1380 450 1525 488 emble-

191 521 295 552 mate
314 513 507 552 remisisse
523 528 533 561 ,·
563 521 605 551 ut
622 513 854 563 intellegatis
871 513 909 552 in
932 513 1093 553 homine
1114 513 1420 564 intellegentiam
1437 527 1521 553 esse
1546 529 1563 559 5

191 591 271 616 non
305 577 518 624 avaritiam,
553 577 690 616 artifici
726 577 915 628 cupidum
950 590 1032 616 non
1062 578 1210 628 argenti
1245 578 1374 617 fuisse.
1435 579 1521 617 Nec

190 645 317 681 solum
348 643 387 680 in
418 642 585 692 Papinio
612 642 683 681 fuit
709 644 782 681 hac
812 642 1075 691 abstinentia,
1113 643 1238 682 tenuit
1265 645 1341 683 hoc
1371 644 1520 682 institu-

189 715 272 745 tum
303 707 342 744 in
375 707 555 745 turibulis
589 707 776 746 omnibus
811 720 1087 758 quaecumque
1117 708 1158 746 in
1190 708 1320 747 Sicilia
1351 710 1516 747 fuerunt.

190 771 429 811 Incredibile
471 780 529 811 est
573 780 705 811 autem
757 786 877 823 quam
925 774 1048 811 multa
1085 781 1123 812 et
1161 786 1280 823 quam
1324 775 1521 823 praeclara

188 837 342 875 fuerint.
402 837 534 876 Credo
564 845 648 875 tum
679 850 770 876 cum
801 837 933 876 Sicilia
962 837 1127 876 florebat
1156 838 1299 888 opibus
1329 846 1367 877 et
1398 838 1519 889 copiis
1545 851 1582 873 10

190 915 332 952 magna
360 901 522 940 artificia
543 901 661 941 fuisse
685 902 724 940 in
752 916 798 941 ea
822 902 958 941 insula.
1019 903 1123 941 Nam
1150 904 1293 942 domus
1323 911 1403 942 erat
1429 911 1521 942 ante

190 966 306 1004 istum
328 974 547 1016 praetorem
579 968 686 1006 nulla
714 969 833 1017 paulo
857 967 1090 1018 locupletior
1110 980 1188 1018 qua
1208 967 1248 1006 in
1275 969 1397 1007 domo
1424 969 1522 1007 haec

188 1044 267 1069 non
303 1039 445 1078 essent,
482 1031 635 1071 etiamsi
670 1040 869 1082 praeterea
907 1031 1005 1071 nihil
1044 1040 1147 1072 esset
1184 1032 1345 1083 argenti,
1379 1034 1523 1083 patella

186 1096 343 1145 grandis
386 1110 477 1135 cum
521 1096 654 1147 sigillis
694 1110 739 1136 ac
782 1097 999 1136 simulacris
1047 1099 1223 1145 deorum,
1264 1105 1397 1148 patera
1444 1110 1522 1147 qua

185 1160 366 1200 mulieres
400 1163 451 1200 ad
480 1175 540 1200 res
567 1161 721 1200 divinas
745 1169 955 1210 uterentur,
979 1162 1362 1210 turibulum,-—haec
1388 1170 1520 1201 autem
1543 1179 1578 1211 15

182 1226 318 1264 omnia
336 1225 502 1276 antiquo
521 1239 640 1276 opere
663 1234 701 1265 et
723 1240 879 1265 summo
907 1227 1071 1266 artificio
1093 1229 1205 1274 facta,
1228 1234 1270 1266 ut
1291 1228 1368 1266 hoc
1389 1227 1521 1265 liceret

182 1290 382 1341 suspicari,
405 1290 524 1329 fuisse
551 1290 766 1340 aliquando
797 1293 904 1342 apud
936 1291 1087 1331 Siculos
1115 1304 1311 1342 peraeque
1339 1304 1409 1342 pro
1435 1305 1520 1342 por-

181 1355 288 1394 tione
322 1363 460 1403 cetera,
491 1357 572 1403 sed,
602 1355 745 1406 quibus
775 1357 899 1394 multa
932 1357 1087 1395 fortuna
1118 1356 1341 1402 ademisset,
1386 1363 1519 1394 tamen

116 1431 160 1465 47
180 1422 286 1470 apud
303 1434 371 1459 eos
386 1420 619 1459 remansisse
636 1433 681 1459 ea
699 1433 801 1471 quae
816 1420 950 1471 religio
966 1420 1197 1460 retinuisset.
1234 1420 1336 1467 Dixi,
1355 1420 1515 1467 iudices,

181 1487 304 1523 multa
331 1485 449 1524 fuisse
473 1486 552 1524 fere
578 1487 685 1535 apud
717 1485 846 1525 omnis
873 1485 1054 1525 Siculos:
1085 1499 1157 1536 ego
1188 1485 1294 1525 idem
1325 1486 1518 1524 confirmo
1538 1502 1577 1524 20

180 1564 285 1588 nunc
324 1564 374 1589 ne
413 1564 536 1589 unum
559 1550 721 1600 quidem
757 1564 853 1590 esse.
913 1550 1022 1600 Quid
1058 1552 1135 1590 hoc
1170 1552 1257 1590 est?
1299 1551 1407 1601 quod
1441 1551 1516 1589 hoc

179 1624 410 1663 monstrum,
429 1617 537 1666 quod
554 1615 776 1666 prodigium
797 1616 836 1654 in
858 1616 1099 1667 provinciam
1118 1615 1326 1655 misimus?
1370 1617 1517 1654 Nonne

178 1681 290 1719 vobis
321 1681 362 1720 id
394 1681 518 1731 egisse
547 1681 702 1720 videtur
732 1688 774 1720 ut
807 1694 888 1720 non
919 1681 1034 1720 unius
1065 1680 1283 1728 libidinem,
1310 1693 1391 1720 non
1424 1694 1515 1719 suos

177 1747 325 1793 oeulos,
350 1747 420 1784 sed
440 1745 619 1784 omnium
641 1746 987 1797 cupidissimorum
1013 1745 1195 1793 insanias,
1218 1759 1309 1784 cum
1342 1747 1513 1784 Romam

177 1810 407 1859 revertisset,
436 1813 639 1861 expleret?
697 1811 777 1860 Qui
807 1811 922 1850 simul
954 1818 1072 1860 atque
1102 1810 1141 1848 in
1172 1810 1364 1860 oppidum
1387 1811 1512 1860 quod·
1535 1826 1574 1858 ²5
1599 1832 1600 1851 3

177 1875 282 1926 piam
303 1884 473 1923 venerat,
494 1875 806 1916 immittebantur
838 1876 892 1915 illi
925 1876 1115 1915 continuo
1147 1875 1358 1925 Cibyratici
1382 1888 1511 1923 canes,

177 1941 243 1990 qui
273 1940 561 1991 investigabant
590 1949 629 1981 et
660 1941 1002 1992 perscrutabantur
1028 1940 1172 1981 omnia.
1232 1939 1272 1979 Si
1300 1941 1407 1990 quod
1434 1948 1514 1979 erat

176 2007 323 2056 grande
353 2019 420 2045 vas
455 2013 493 2044 et
525 2006 650 2045 maius
686 2019 786 2057 opus
818 2006 1034 2054 inventum,
1068 2004 1158 2044 laeti
1189 2005 1447 2052 adferebant3
1482 2005 1513 2043 si
1595 2000 1600 2055 ξ

177 2071 306 2109 minus
340 2071 423 2110 eius
456 2071 565 2110 modi
601 2071 805 2122 quidpiam
838 2070 969 2109 venari
999 2077 1219 2121 potuerant,
1254 2071 1318 2108 illa
1349 2070 1511 2119 quidem
1595 2065 1598 2071 ’

176 2144 279 2174 certe
309 2150 379 2187 pro
408 2136 620 2188 lepusculis
642 2136 908 2187 capiebantur,
938 2137 1114 2186 patellae,
1139 2142 1304 2186 paterae,
1329 2135 1507 2174 turibula.
1531 2147 1569 2178 30
1592 2140 1597 2209 ἒ

220 2248 239 2267 2
265 2238 290 2267 L
318 2243 365 2277 p:
406 2249 470 2270 om.
508 2237 574 2269 RS
751 2247 789 2277 14
814 2238 929 2278 patina
962 2237 1027 2270 RS
1217 2246 1255 2277 15
1283 2237 1366 2268 haec
1398 2242 1508 2267 autem
1591 2223 1600 2252 ¹⁴

172 2281 254 2321 pkss:
287 2287 396 2312 autem
424 2283 508 2313 haec
537 2281 619 2313 RS:
656 2286 751 2313 erant
778 2287 891 2312 autem
922 2282 1005 2312 haec
1030 2280 1138 2312 Halm
1319 2290 1355 2319 17
1384 2289 1445 2320 per
1470 2291 1509 2311 ea

176 2334 240 2363 que
274 2324 346 2363 RS,
380 2335 457 2355 corr.
495 2325 665 2356 Turnebus
858 2335 900 2357 20
924 2325 994 2355 sere
1027 2325 1131 2355 fuisse
1162 2336 1183 2353 π
1390 2334 1427 2353 21
1456 2328 1508 2354 est

178 2369 240 2398 hoc
273 2378 295 2396 π
427 2378 467 2405 24
492 2368 763 2400 avarissimorum
797 2367 837 2408 p2‘
987 2377 1027 2408 25
1051 2367 1232 2408 quodpiam
1261 2366 1307 2398 Z:
1348 2367 1506 2406 quopiam
1586 2367 1590 2419 i

178 2410 255 2442 er:
282 2410 411 2450 copiam
429 2410 523 2442 RSW

1582 2504 1586 2549 l
