<?xml version="1.0" encoding="UTF-8"?>
<!DOCTYPE html PUBLIC "-//W3C//DTD XHTML 1.0 Transitional//EN"
    "http://www.w3.org/TR/xhtml1/DTD/xhtml1-transitional.dtd">
<html xmlns="http://www.w3.org/1999/xhtml" xml:lang="en" lang="en">
 <head>
  <title>
</title>
<meta http-equiv="Content-Type" content="text/html;charset=utf-8" />
  <meta name='ocr-system' content='tesseract 3.04.00' />
  <meta name='ocr-capabilities' content='ocr_page ocr_carea ocr_par ocr_line ocrx_word'/>
</head>
<body>
  <div class='ocr_page' id='page_1' title='image "./orationesrecogno02ciceuoft/orationesrecogno02ciceuoft_0043.png"; bbox 0 0 1600 2704; ppageno 0'>
   <div class='ocr_carea' id='block_1_1' title="bbox 387 64 1478 139">
    <p class='ocr_par' dir='ltr' id='par_1_1' title="bbox 387 64 1478 139">
     <span class='ocr_line' id='line_1_1' title="bbox 387 64 1478 139; baseline 0 -9"><span class='ocrx_word' id='word_1_1' title='bbox 387 89 450 130; x_wconf 83' lang='lat' dir='ltr'>IN</span> <span class='ocrx_word' id='word_1_2' title='bbox 481 89 532 138; x_wconf 87' lang='lat' dir='ltr'>Q.</span> <span class='ocrx_word' id='word_1_3' title='bbox 563 89 885 129; x_wconf 87' lang='lat' dir='ltr'><strong>CAECILIVM</strong></span> <span class='ocrx_word' id='word_1_4' title='bbox 916 90 1136 130; x_wconf 82' lang='lat' dir='ltr'><strong>ORATIO</strong></span> <span class='ocrx_word' id='word_1_5' title='bbox 1373 64 1478 139; x_wconf 40' lang='lat'><strong>12⁸3&amp;</strong></span> 
     </span>
    </p>
   </div>
   <div class='ocr_carea' id='block_1_2' title="bbox 0 200 1477 2130">
    <p class='ocr_par' dir='ltr' id='par_1_2' title="bbox 15 200 1477 1155">
     <span class='ocr_line' id='line_1_2' title="bbox 87 200 1418 253; baseline -0.001 -10"><span class='ocrx_word' id='word_1_6' title='bbox 87 201 232 244; x_wconf 86' lang='lat' dir='ltr'>sarium</span> <span class='ocrx_word' id='word_1_7' title='bbox 251 208 322 250; x_wconf 91' lang='lat' dir='ltr'>est,</span> <span class='ocrx_word' id='word_1_8' title='bbox 343 202 472 241; x_wconf 89' lang='lat' dir='ltr'>facere</span> <span class='ocrx_word' id='word_1_9' title='bbox 490 208 545 249; x_wconf 89' lang='lat' dir='ltr'>ut,</span> <span class='ocrx_word' id='word_1_10' title='bbox 567 214 669 252; x_wconf 89' lang='lat' dir='ltr'>quae</span> <span class='ocrx_word' id='word_1_11' title='bbox 689 201 753 240; x_wconf 90' lang='lat' dir='ltr'>ille</span> <span class='ocrx_word' id='word_1_12' title='bbox 773 200 994 248; x_wconf 84' lang='lat' dir='ltr'>libidinose,</span> <span class='ocrx_word' id='word_1_13' title='bbox 1018 214 1121 252; x_wconf 88' lang='lat' dir='ltr'>quae</span> <span class='ocrx_word' id='word_1_14' title='bbox 1140 202 1298 250; x_wconf 81' lang='lat' dir='ltr'>nefarie,</span> <span class='ocrx_word' id='word_1_15' title='bbox 1316 216 1418 253; x_wconf 86' lang='lat' dir='ltr'>quae</span> 
     </span>
     <span class='ocr_line' id='line_1_3' title="bbox 85 265 1418 316; baseline -0.001 -8"><span class='ocrx_word' id='word_1_16' title='bbox 85 267 295 308; x_wconf 89' lang='lat' dir='ltr'>crudeliter</span> <span class='ocrx_word' id='word_1_17' title='bbox 313 265 458 313; x_wconf 90' lang='lat' dir='ltr'>fecerit,</span> <span class='ocrx_word' id='word_1_18' title='bbox 482 278 529 304; x_wconf 87' lang='lat' dir='ltr'>ea</span> <span class='ocrx_word' id='word_1_19' title='bbox 548 278 675 316; x_wconf 90' lang='lat' dir='ltr'>aeque</span> <span class='ocrx_word' id='word_1_20' title='bbox 693 265 836 304; x_wconf 88' lang='lat' dir='ltr'>acerba</span> <span class='ocrx_word' id='word_1_21' title='bbox 859 273 898 304; x_wconf 89' lang='lat' dir='ltr'>et</span> <span class='ocrx_word' id='word_1_22' title='bbox 922 265 1085 315; x_wconf 87' lang='lat' dir='ltr'>indigna</span> <span class='ocrx_word' id='word_1_23' title='bbox 1106 265 1313 305; x_wconf 77' lang='lat' dir='ltr'>videantur</span> <span class='ocrx_word' id='word_1_24' title='bbox 1333 281 1418 307; x_wconf 89' lang='lat' dir='ltr'>esse</span> 
     </span>
     <span class='ocr_line' id='line_1_4' title="bbox 85 330 1477 382; baseline 0 -11"><span class='ocrx_word' id='word_1_25' title='bbox 85 331 145 372; x_wconf 86' lang='lat' dir='ltr'>his</span> <span class='ocrx_word' id='word_1_26' title='bbox 165 331 233 382; x_wconf 91' lang='lat' dir='ltr'>qui</span> <span class='ocrx_word' id='word_1_27' title='bbox 252 330 416 370; x_wconf 90' lang='lat' dir='ltr'>audient</span> <span class='ocrx_word' id='word_1_28' title='bbox 434 338 554 381; x_wconf 80' lang='lat' dir='ltr'>atque</span> <span class='ocrx_word' id='word_1_29' title='bbox 573 330 647 369; x_wconf 90' lang='lat' dir='ltr'>illis</span> <span class='ocrx_word' id='word_1_30' title='bbox 667 330 749 369; x_wconf 88' lang='lat' dir='ltr'>visa</span> <span class='ocrx_word' id='word_1_31' title='bbox 778 338 869 369; x_wconf 91' lang='lat' dir='ltr'>sunt</span> <span class='ocrx_word' id='word_1_32' title='bbox 889 330 957 381; x_wconf 92' lang='lat' dir='ltr'>qui</span> <span class='ocrx_word' id='word_1_33' title='bbox 983 333 1221 369; x_wconf 90' lang='lat' dir='ltr'>senserunt?</span> <span class='ocrx_word' id='word_1_34' title='bbox 1270 333 1418 382; x_wconf 83' lang='lat' dir='ltr'>Magna</span> <span class='ocrx_word' id='word_1_35' title='bbox 1438 349 1477 381; x_wconf 81' lang='lat'>39</span> 
     </span>
     <span class='ocr_line' id='line_1_5' title="bbox 83 393 1414 446; baseline 0.001 -11"><span class='ocrx_word' id='word_1_36' title='bbox 83 403 175 436; x_wconf 90' lang='lat' dir='ltr'>sunt</span> <span class='ocrx_word' id='word_1_37' title='bbox 213 409 259 435; x_wconf 91' lang='lat' dir='ltr'>ea</span> <span class='ocrx_word' id='word_1_38' title='bbox 296 408 398 446; x_wconf 90' lang='lat' dir='ltr'>quae</span> <span class='ocrx_word' id='word_1_39' title='bbox 435 394 537 442; x_wconf 86' lang='lat' dir='ltr'>dico,</span> <span class='ocrx_word' id='word_1_40' title='bbox 574 393 672 433; x_wconf 91' lang='lat' dir='ltr'>mihi</span> <span class='ocrx_word' id='word_1_41' title='bbox 709 396 850 441; x_wconf 89' lang='lat' dir='ltr'>crede;</span> <span class='ocrx_word' id='word_1_42' title='bbox 890 395 973 434; x_wconf 92' lang='lat' dir='ltr'>noli</span> <span class='ocrx_word' id='word_1_43' title='bbox 1012 396 1109 433; x_wconf 87' lang='lat' dir='ltr'>haec</span> <span class='ocrx_word' id='word_1_44' title='bbox 1149 402 1414 436; x_wconf 89' lang='lat' dir='ltr'>contemnere.</span> 
     </span>
     <span class='ocr_line' id='line_1_6' title="bbox 45 458 1417 509; baseline -0.001 -10"><span class='ocrx_word' id='word_1_45' title='bbox 45 475 63 508; x_wconf 85' lang='lat'><strong><em>5</em></strong></span> <span class='ocrx_word' id='word_1_46' title='bbox 85 460 280 508; x_wconf 89' lang='lat' dir='ltr'>Dicenda,</span> <span class='ocrx_word' id='word_1_47' title='bbox 299 459 618 506; x_wconf 83' lang='lat' dir='ltr'>demonstranda,</span> <span class='ocrx_word' id='word_1_48' title='bbox 643 458 875 509; x_wconf 86' lang='lat' dir='ltr'>explicanda</span> <span class='ocrx_word' id='word_1_49' title='bbox 903 466 994 498; x_wconf 90' lang='lat' dir='ltr'>sunt</span> <span class='ocrx_word' id='word_1_50' title='bbox 1020 459 1164 506; x_wconf 86' lang='lat' dir='ltr'>omnia,</span> <span class='ocrx_word' id='word_1_51' title='bbox 1188 472 1306 498; x_wconf 87' lang='lat' dir='ltr'>causa</span> <span class='ocrx_word' id='word_1_52' title='bbox 1335 473 1417 499; x_wconf 93' lang='lat' dir='ltr'>non</span> 
     </span>
     <span class='ocr_line' id='line_1_7' title="bbox 81 523 1417 575; baseline 0 -11"><span class='ocrx_word' id='word_1_53' title='bbox 81 527 210 564; x_wconf 89' lang='lat' dir='ltr'>solum</span> <span class='ocrx_word' id='word_1_54' title='bbox 241 524 488 575; x_wconf 82' lang='lat' dir='ltr'>exponenda,</span> <span class='ocrx_word' id='word_1_55' title='bbox 523 525 593 563; x_wconf 90' lang='lat' dir='ltr'>sed</span> <span class='ocrx_word' id='word_1_56' title='bbox 627 523 745 562; x_wconf 88' lang='lat' dir='ltr'>etiam</span> <span class='ocrx_word' id='word_1_57' title='bbox 780 523 945 574; x_wconf 89' lang='lat' dir='ltr'>graviter</span> <span class='ocrx_word' id='word_1_58' title='bbox 985 523 1226 575; x_wconf 89' lang='lat' dir='ltr'>copioseque</span> <span class='ocrx_word' id='word_1_59' title='bbox 1263 527 1417 575; x_wconf 88' lang='lat' dir='ltr'>agenda</span> 
     </span>
     <span class='ocr_line' id='line_1_8' title="bbox 80 588 1415 640; baseline -0.001 -11"><span class='ocrx_word' id='word_1_60' title='bbox 80 597 163 637; x_wconf 78' lang='lat' dir='ltr'>est3</span> <span class='ocrx_word' id='word_1_61' title='bbox 205 588 490 640; x_wconf 90' lang='lat' dir='ltr'>perficiendum</span> <span class='ocrx_word' id='word_1_62' title='bbox 522 595 592 636; x_wconf 87' lang='lat' dir='ltr'>est,</span> <span class='ocrx_word' id='word_1_63' title='bbox 623 588 655 627; x_wconf 94' lang='lat' dir='ltr'>si</span> <span class='ocrx_word' id='word_1_64' title='bbox 688 588 785 639; x_wconf 91' lang='lat' dir='ltr'>quid</span> <span class='ocrx_word' id='word_1_65' title='bbox 815 602 930 639; x_wconf 88' lang='lat' dir='ltr'>agere</span> <span class='ocrx_word' id='word_1_66' title='bbox 963 595 1031 627; x_wconf 82' lang='lat' dir='ltr'>aut</span> <span class='ocrx_word' id='word_1_67' title='bbox 1062 589 1250 639; x_wconf 91' lang='lat' dir='ltr'>proficere</span> <span class='ocrx_word' id='word_1_68' title='bbox 1281 590 1349 637; x_wconf 85' lang='lat' dir='ltr'>vis,</span> <span class='ocrx_word' id='word_1_69' title='bbox 1373 598 1415 628; x_wconf 87' lang='lat' dir='ltr'>ut</span> 
     </span>
     <span class='ocr_line' id='line_1_9' title="bbox 80 653 1415 700; baseline 0 -6"><span class='ocrx_word' id='word_1_70' title='bbox 80 653 262 694; x_wconf 89' lang='lat' dir='ltr'>homines</span> <span class='ocrx_word' id='word_1_71' title='bbox 303 661 341 692; x_wconf 92' lang='lat' dir='ltr'>te</span> <span class='ocrx_word' id='word_1_72' title='bbox 388 666 469 692; x_wconf 91' lang='lat' dir='ltr'>non</span> <span class='ocrx_word' id='word_1_73' title='bbox 512 654 641 692; x_wconf 92' lang='lat' dir='ltr'>solum</span> <span class='ocrx_word' id='word_1_74' title='bbox 686 653 860 700; x_wconf 86' lang='lat' dir='ltr'>audiant,</span> <span class='ocrx_word' id='word_1_75' title='bbox 902 667 1038 692; x_wconf 90' lang='lat' dir='ltr'>verum</span> <span class='ocrx_word' id='word_1_76' title='bbox 1085 653 1203 692; x_wconf 86' lang='lat' dir='ltr'>etiam</span> <span class='ocrx_word' id='word_1_77' title='bbox 1248 654 1415 694; x_wconf 86' lang='lat' dir='ltr'>libenter</span> 
     </span>
     <span class='ocr_line' id='line_1_10' title="bbox 79 717 1409 769; baseline 0 -11"><span class='ocrx_word' id='word_1_78' title='bbox 79 718 335 769; x_wconf 88' lang='lat' dir='ltr'>studioseque</span> <span class='ocrx_word' id='word_1_79' title='bbox 353 717 526 757; x_wconf 87' lang='lat' dir='ltr'>audiant.</span> <span class='ocrx_word' id='word_1_80' title='bbox 570 719 619 756; x_wconf 95' lang='lat' dir='ltr'>In</span> <span class='ocrx_word' id='word_1_81' title='bbox 641 731 721 768; x_wconf 91' lang='lat' dir='ltr'>quo</span> <span class='ocrx_word' id='word_1_82' title='bbox 737 718 769 756; x_wconf 93' lang='lat' dir='ltr'>si</span> <span class='ocrx_word' id='word_1_83' title='bbox 790 726 828 757; x_wconf 93' lang='lat' dir='ltr'>te</span> <span class='ocrx_word' id='word_1_84' title='bbox 849 720 1018 757; x_wconf 89' lang='lat' dir='ltr'>multum</span> <span class='ocrx_word' id='word_1_85' title='bbox 1040 727 1178 757; x_wconf 90' lang='lat' dir='ltr'>natura</span> <span class='ocrx_word' id='word_1_86' title='bbox 1198 719 1409 766; x_wconf 84' lang='lat' dir='ltr'>adiuvaret,</span> 
     </span>
     <span class='ocr_line' id='line_1_11' title="bbox 20 782 1411 835; baseline -0.001 -12"><span class='ocrx_word' id='word_1_87' title='bbox 20 799 59 823; x_wconf 72' lang='grc' dir='ltr'>ιο</span> <span class='ocrx_word' id='word_1_88' title='bbox 78 783 111 823; x_wconf 93' lang='lat' dir='ltr'>si</span> <span class='ocrx_word' id='word_1_89' title='bbox 130 782 290 835; x_wconf 91' lang='lat' dir='ltr'>optimis</span> <span class='ocrx_word' id='word_1_90' title='bbox 309 795 332 821; x_wconf 89' lang='lat' dir='ltr'>a</span> <span class='ocrx_word' id='word_1_91' title='bbox 351 782 517 833; x_wconf 87' lang='lat' dir='ltr'>pueritia</span> <span class='ocrx_word' id='word_1_92' title='bbox 537 782 754 833; x_wconf 91' lang='lat' dir='ltr'>disciplinis</span> <span class='ocrx_word' id='word_1_93' title='bbox 775 791 895 834; x_wconf 89' lang='lat' dir='ltr'>atque</span> <span class='ocrx_word' id='word_1_94' title='bbox 915 783 1063 822; x_wconf 90' lang='lat' dir='ltr'>artibus</span> <span class='ocrx_word' id='word_1_95' title='bbox 1085 784 1301 823; x_wconf 88' lang='lat' dir='ltr'>studuisses</span> <span class='ocrx_word' id='word_1_96' title='bbox 1318 792 1355 823; x_wconf 90' lang='lat' dir='ltr'>et</span> <span class='ocrx_word' id='word_1_97' title='bbox 1371 785 1411 822; x_wconf 90' lang='lat' dir='ltr'>in</span> 
     </span>
     <span class='ocr_line' id='line_1_12' title="bbox 77 847 1408 898; baseline 0.001 -11"><span class='ocrx_word' id='word_1_98' title='bbox 77 848 137 887; x_wconf 91' lang='lat' dir='ltr'>his</span> <span class='ocrx_word' id='word_1_99' title='bbox 169 848 420 894; x_wconf 84' lang='lat' dir='ltr'>elaborasses,</span> <span class='ocrx_word' id='word_1_100' title='bbox 455 847 487 886; x_wconf 90' lang='lat' dir='ltr'>si</span> <span class='ocrx_word' id='word_1_101' title='bbox 521 847 667 886; x_wconf 86' lang='lat' dir='ltr'>litteras</span> <span class='ocrx_word' id='word_1_102' title='bbox 703 849 873 887; x_wconf 86' lang='lat' dir='ltr'>Graecas</span> <span class='ocrx_word' id='word_1_103' title='bbox 905 848 1074 887; x_wconf 89' lang='lat' dir='ltr'>Athenis</span> <span class='ocrx_word' id='word_1_104' title='bbox 1107 861 1189 887; x_wconf 92' lang='lat' dir='ltr'>non</span> <span class='ocrx_word' id='word_1_105' title='bbox 1221 849 1408 898; x_wconf 84' lang='lat' dir='ltr'>Lilybaei,</span> 
     </span>
     <span class='ocr_line' id='line_1_13' title="bbox 77 911 1410 959; baseline 0.001 -8"><span class='ocrx_word' id='word_1_106' title='bbox 77 913 238 951; x_wconf 85' lang='lat' dir='ltr'>Latinas</span> <span class='ocrx_word' id='word_1_107' title='bbox 267 914 423 951; x_wconf 89' lang='lat' dir='ltr'>Romae</span> <span class='ocrx_word' id='word_1_108' title='bbox 456 925 538 951; x_wconf 91' lang='lat' dir='ltr'>non</span> <span class='ocrx_word' id='word_1_109' title='bbox 566 911 607 950; x_wconf 93' lang='lat' dir='ltr'>in</span> <span class='ocrx_word' id='word_1_110' title='bbox 637 911 769 951; x_wconf 88' lang='lat' dir='ltr'>Sicilia</span> <span class='ocrx_word' id='word_1_111' title='bbox 798 912 1018 959; x_wconf 87' lang='lat' dir='ltr'>didicisses,</span> <span class='ocrx_word' id='word_1_112' title='bbox 1037 919 1170 950; x_wconf 88' lang='lat' dir='ltr'>tamen</span> <span class='ocrx_word' id='word_1_113' title='bbox 1200 921 1301 951; x_wconf 88' lang='lat' dir='ltr'>esset</span> <span class='ocrx_word' id='word_1_114' title='bbox 1332 927 1410 952; x_wconf 89' lang='lat' dir='ltr'>ma-</span> 
     </span>
     <span class='ocr_line' id='line_1_14' title="bbox 74 975 1407 1028; baseline -0.001 -12"><span class='ocrx_word' id='word_1_115' title='bbox 74 990 197 1028; x_wconf 91' lang='lat' dir='ltr'>gnum</span> <span class='ocrx_word' id='word_1_116' title='bbox 210 984 360 1016; x_wconf 87' lang='lat' dir='ltr'>tantam</span> <span class='ocrx_word' id='word_1_117' title='bbox 373 990 543 1023; x_wconf 89' lang='lat' dir='ltr'>causam,</span> <span class='ocrx_word' id='word_1_118' title='bbox 560 983 640 1014; x_wconf 89' lang='lat' dir='ltr'>tam</span> <span class='ocrx_word' id='word_1_119' title='bbox 655 983 931 1026; x_wconf 78' lang='lat' dir='ltr'>exspectatam,</span> <span class='ocrx_word' id='word_1_120' title='bbox 948 983 986 1014; x_wconf 92' lang='lat' dir='ltr'>et</span> <span class='ocrx_word' id='word_1_121' title='bbox 1003 975 1204 1026; x_wconf 88' lang='lat' dir='ltr'>diligentia</span> <span class='ocrx_word' id='word_1_122' title='bbox 1217 978 1407 1027; x_wconf 85' lang='lat' dir='ltr'>consequi</span> 
     </span>
     <span class='ocr_line' id='line_1_15' title="bbox 74 1039 1406 1091; baseline -0.001 -10"><span class='ocrx_word' id='word_1_123' title='bbox 74 1048 113 1081; x_wconf 87' lang='lat' dir='ltr'>et</span> <span class='ocrx_word' id='word_1_124' title='bbox 147 1041 337 1081; x_wconf 88' lang='lat' dir='ltr'>memoria</span> <span class='ocrx_word' id='word_1_125' title='bbox 370 1040 581 1091; x_wconf 89' lang='lat' dir='ltr'>complecti</span> <span class='ocrx_word' id='word_1_126' title='bbox 615 1048 654 1079; x_wconf 93' lang='lat' dir='ltr'>et</span> <span class='ocrx_word' id='word_1_127' title='bbox 687 1039 865 1079; x_wconf 89' lang='lat' dir='ltr'>oratione</span> <span class='ocrx_word' id='word_1_128' title='bbox 899 1053 1127 1090; x_wconf 86' lang='lat' dir='ltr'>expromere</span> <span class='ocrx_word' id='word_1_129' title='bbox 1158 1048 1197 1079; x_wconf 90' lang='lat' dir='ltr'>et</span> <span class='ocrx_word' id='word_1_130' title='bbox 1230 1053 1328 1080; x_wconf 87' lang='lat' dir='ltr'>voce</span> <span class='ocrx_word' id='word_1_131' title='bbox 1361 1055 1406 1080; x_wconf 91' lang='lat' dir='ltr'>ac</span> 
     </span>
     <span class='ocr_line' id='line_1_16' title="bbox 15 1105 439 1155; baseline -0.002 -10"><span class='ocrx_word' id='word_1_132' title='bbox 15 1122 52 1155; x_wconf 80' lang='lat'>15</span> <span class='ocrx_word' id='word_1_133' title='bbox 72 1106 219 1146; x_wconf 91' lang='lat' dir='ltr'>viribus</span> <span class='ocrx_word' id='word_1_134' title='bbox 239 1105 439 1145; x_wconf 87' lang='lat' dir='ltr'>sustinere.</span> 
     </span>
    </p>

    <p class='ocr_par' dir='ltr' id='par_1_3' title="bbox 68 1169 1465 1418">
     <span class='ocr_line' id='line_1_17' title="bbox 126 1169 1465 1221; baseline 0 -11"><span class='ocrx_word' id='word_1_135' title='bbox 126 1173 307 1210; x_wconf 89' lang='lat' dir='ltr'>Fortasse</span> <span class='ocrx_word' id='word_1_136' title='bbox 336 1170 468 1209; x_wconf 89' lang='lat' dir='ltr'>dices:</span> <span class='ocrx_word' id='word_1_137' title='bbox 506 1169 637 1220; x_wconf 85' lang='lat' dir='ltr'>‘Quid</span> <span class='ocrx_word' id='word_1_138' title='bbox 667 1171 788 1220; x_wconf 88' lang='lat' dir='ltr'>ergo?</span> <span class='ocrx_word' id='word_1_139' title='bbox 830 1170 929 1208; x_wconf 89' lang='lat' dir='ltr'>haec</span> <span class='ocrx_word' id='word_1_140' title='bbox 958 1169 999 1208; x_wconf 92' lang='lat' dir='ltr'>in</span> <span class='ocrx_word' id='word_1_141' title='bbox 1031 1178 1069 1209; x_wconf 91' lang='lat' dir='ltr'>te</span> <span class='ocrx_word' id='word_1_142' title='bbox 1098 1178 1189 1208; x_wconf 85' lang='lat' dir='ltr'>sunt</span> <span class='ocrx_word' id='word_1_143' title='bbox 1219 1170 1404 1210; x_wconf 85' lang='lat' dir='ltr'>omnia?’</span> <span class='ocrx_word' id='word_1_144' title='bbox 1423 1190 1465 1221; x_wconf 87' lang='lat'>40</span> 
     </span>
     <span class='ocr_line' id='line_1_18' title="bbox 71 1235 1402 1286; baseline -0.001 -11"><span class='ocrx_word' id='word_1_145' title='bbox 71 1235 232 1275; x_wconf 89' lang='lat' dir='ltr'>Vtinam</span> <span class='ocrx_word' id='word_1_146' title='bbox 273 1235 436 1286; x_wconf 89' lang='lat' dir='ltr'>quidem</span> <span class='ocrx_word' id='word_1_147' title='bbox 476 1237 630 1274; x_wconf 84' lang='lat' dir='ltr'>essent!</span> <span class='ocrx_word' id='word_1_148' title='bbox 678 1248 814 1273; x_wconf 90' lang='lat' dir='ltr'>verum</span> <span class='ocrx_word' id='word_1_149' title='bbox 855 1242 988 1273; x_wconf 90' lang='lat' dir='ltr'>tamen</span> <span class='ocrx_word' id='word_1_150' title='bbox 1028 1242 1071 1273; x_wconf 91' lang='lat' dir='ltr'>ut</span> <span class='ocrx_word' id='word_1_151' title='bbox 1109 1248 1194 1274; x_wconf 92' lang='lat' dir='ltr'>esse</span> <span class='ocrx_word' id='word_1_152' title='bbox 1239 1244 1402 1286; x_wconf 86' lang='lat' dir='ltr'>possent</span> 
     </span>
     <span class='ocr_line' id='line_1_19' title="bbox 70 1299 1402 1353; baseline -0.002 -12"><span class='ocrx_word' id='word_1_153' title='bbox 70 1315 214 1353; x_wconf 87' lang='lat' dir='ltr'>magno</span> <span class='ocrx_word' id='word_1_154' title='bbox 252 1301 384 1341; x_wconf 88' lang='lat' dir='ltr'>studio</span> <span class='ocrx_word' id='word_1_155' title='bbox 423 1300 520 1339; x_wconf 90' lang='lat' dir='ltr'>mihi</span> <span class='ocrx_word' id='word_1_156' title='bbox 557 1314 581 1339; x_wconf 89' lang='lat' dir='ltr'>a</span> <span class='ocrx_word' id='word_1_157' title='bbox 617 1299 784 1351; x_wconf 89' lang='lat' dir='ltr'>pueritia</span> <span class='ocrx_word' id='word_1_158' title='bbox 822 1307 880 1339; x_wconf 87' lang='lat' dir='ltr'>est</span> <span class='ocrx_word' id='word_1_159' title='bbox 919 1300 1175 1340; x_wconf 87' lang='lat' dir='ltr'>elaboratum.</span> <span class='ocrx_word' id='word_1_160' title='bbox 1246 1302 1402 1350; x_wconf 89' lang='lat' dir='ltr'>Quodsi</span> 
     </span>
     <span class='ocr_line' id='line_1_20' title="bbox 68 1365 1400 1418; baseline -0.002 -12"><span class='ocrx_word' id='word_1_161' title='bbox 68 1380 142 1418; x_wconf 90' lang='lat' dir='ltr'>ego</span> <span class='ocrx_word' id='word_1_162' title='bbox 183 1368 281 1406; x_wconf 88' lang='lat' dir='ltr'>haec</span> <span class='ocrx_word' id='word_1_163' title='bbox 325 1374 484 1418; x_wconf 91' lang='lat' dir='ltr'>propter</span> <span class='ocrx_word' id='word_1_164' title='bbox 522 1365 837 1416; x_wconf 87' lang='lat' dir='ltr'>magnitudinem</span> <span class='ocrx_word' id='word_1_165' title='bbox 877 1379 1005 1404; x_wconf 92' lang='lat' dir='ltr'>rerum</span> <span class='ocrx_word' id='word_1_166' title='bbox 1044 1378 1091 1404; x_wconf 89' lang='lat' dir='ltr'>ac</span> <span class='ocrx_word' id='word_1_167' title='bbox 1129 1365 1400 1405; x_wconf 86' lang='lat' dir='ltr'>difficultatem</span> 
     </span>
    </p>

    <p class='ocr_par' dir='ltr' id='par_1_4' title="bbox 10 1429 1457 1741">
     <span class='ocr_line' id='line_1_21' title="bbox 10 1429 1398 1482; baseline -0.001 -11"><span class='ocrx_word' id='word_1_168' title='bbox 10 1450 50 1472; x_wconf 81' lang='lat'>20</span> <span class='ocrx_word' id='word_1_169' title='bbox 66 1431 232 1482; x_wconf 86' lang='lat' dir='ltr'>adsequi</span> <span class='ocrx_word' id='word_1_170' title='bbox 261 1445 343 1471; x_wconf 91' lang='lat' dir='ltr'>non</span> <span class='ocrx_word' id='word_1_171' title='bbox 372 1430 494 1482; x_wconf 89' lang='lat' dir='ltr'>potui,</span> <span class='ocrx_word' id='word_1_172' title='bbox 517 1430 584 1481; x_wconf 88' lang='lat' dir='ltr'>qui</span> <span class='ocrx_word' id='word_1_173' title='bbox 614 1430 654 1469; x_wconf 90' lang='lat' dir='ltr'>in</span> <span class='ocrx_word' id='word_1_174' title='bbox 685 1430 793 1469; x_wconf 91' lang='lat' dir='ltr'>omni</span> <span class='ocrx_word' id='word_1_175' title='bbox 815 1429 893 1468; x_wconf 82' lang='lat' dir='ltr'>vita</span> <span class='ocrx_word' id='word_1_176' title='bbox 922 1430 1020 1468; x_wconf 91' lang='lat' dir='ltr'>nihil</span> <span class='ocrx_word' id='word_1_177' title='bbox 1048 1429 1156 1468; x_wconf 89' lang='lat' dir='ltr'>aliud</span> <span class='ocrx_word' id='word_1_178' title='bbox 1186 1430 1257 1480; x_wconf 85' lang='lat' dir='ltr'>egi,</span> <span class='ocrx_word' id='word_1_179' title='bbox 1280 1443 1398 1480; x_wconf 90' lang='lat' dir='ltr'>quam</span> 
     </span>
     <span class='ocr_line' id='line_1_22' title="bbox 66 1494 1398 1548; baseline -0.001 -12"><span class='ocrx_word' id='word_1_180' title='bbox 66 1499 182 1548; x_wconf 90' lang='lat' dir='ltr'>longe</span> <span class='ocrx_word' id='word_1_181' title='bbox 208 1504 250 1535; x_wconf 91' lang='lat' dir='ltr'>tu</span> <span class='ocrx_word' id='word_1_182' title='bbox 277 1504 317 1536; x_wconf 91' lang='lat' dir='ltr'>te</span> <span class='ocrx_word' id='word_1_183' title='bbox 341 1497 392 1535; x_wconf 93' lang='lat' dir='ltr'>ab</span> <span class='ocrx_word' id='word_1_184' title='bbox 419 1496 479 1535; x_wconf 92' lang='lat' dir='ltr'>his</span> <span class='ocrx_word' id='word_1_185' title='bbox 508 1496 625 1534; x_wconf 88' lang='lat' dir='ltr'>rebus</span> <span class='ocrx_word' id='word_1_186' title='bbox 654 1495 794 1534; x_wconf 87' lang='lat' dir='ltr'>abesse</span> <span class='ocrx_word' id='word_1_187' title='bbox 823 1494 1019 1541; x_wconf 89' lang='lat' dir='ltr'>arbitrare,</span> <span class='ocrx_word' id='word_1_188' title='bbox 1043 1508 1140 1545; x_wconf 87' lang='lat' dir='ltr'>quas</span> <span class='ocrx_word' id='word_1_189' title='bbox 1167 1507 1249 1533; x_wconf 91' lang='lat' dir='ltr'>non</span> <span class='ocrx_word' id='word_1_190' title='bbox 1276 1497 1398 1535; x_wconf 91' lang='lat' dir='ltr'>modo</span> 
     </span>
     <span class='ocr_line' id='line_1_23' title="bbox 63 1560 1397 1613; baseline -0.002 -12"><span class='ocrx_word' id='word_1_191' title='bbox 63 1569 180 1601; x_wconf 83' lang='lat' dir='ltr'>antea</span> <span class='ocrx_word' id='word_1_192' title='bbox 213 1575 431 1613; x_wconf 88' lang='lat' dir='ltr'>numquam</span> <span class='ocrx_word' id='word_1_193' title='bbox 466 1560 655 1611; x_wconf 88' lang='lat' dir='ltr'>cogitasti,</span> <span class='ocrx_word' id='word_1_194' title='bbox 691 1561 761 1599; x_wconf 90' lang='lat' dir='ltr'>sed</span> <span class='ocrx_word' id='word_1_195' title='bbox 796 1573 845 1599; x_wconf 92' lang='lat' dir='ltr'>ne</span> <span class='ocrx_word' id='word_1_196' title='bbox 879 1573 985 1599; x_wconf 91' lang='lat' dir='ltr'>nunc</span> <span class='ocrx_word' id='word_1_197' title='bbox 1020 1560 1194 1610; x_wconf 87' lang='lat' dir='ltr'>quidem,</span> <span class='ocrx_word' id='word_1_198' title='bbox 1231 1573 1322 1598; x_wconf 89' lang='lat' dir='ltr'>cum</span> <span class='ocrx_word' id='word_1_199' title='bbox 1357 1560 1397 1598; x_wconf 92' lang='lat' dir='ltr'>in</span> 
     </span>
     <span class='ocr_line' id='line_1_24' title="bbox 64 1624 1457 1678; baseline -0.001 -12"><span class='ocrx_word' id='word_1_200' title='bbox 64 1639 130 1666; x_wconf 89' lang='lat' dir='ltr'>eas</span> <span class='ocrx_word' id='word_1_201' title='bbox 155 1627 380 1678; x_wconf 87' lang='lat' dir='ltr'>ingrederis,</span> <span class='ocrx_word' id='word_1_202' title='bbox 403 1640 505 1678; x_wconf 89' lang='lat' dir='ltr'>quae</span> <span class='ocrx_word' id='word_1_203' title='bbox 531 1634 570 1665; x_wconf 90' lang='lat' dir='ltr'>et</span> <span class='ocrx_word' id='word_1_204' title='bbox 590 1633 761 1676; x_wconf 89' lang='lat' dir='ltr'>quantae</span> <span class='ocrx_word' id='word_1_205' title='bbox 788 1625 865 1664; x_wconf 90' lang='lat' dir='ltr'>sint</span> <span class='ocrx_word' id='word_1_206' title='bbox 892 1624 1080 1675; x_wconf 89' lang='lat' dir='ltr'>suspicari</span> <span class='ocrx_word' id='word_1_207' title='bbox 1110 1627 1253 1675; x_wconf 89' lang='lat' dir='ltr'>potes?</span> <span class='ocrx_word' id='word_1_208' title='bbox 1309 1626 1396 1675; x_wconf 89' lang='lat' dir='ltr'>Ego</span> <span class='ocrx_word' id='word_1_209' title='bbox 1413 1637 1457 1676; x_wconf 85' lang='lat'>13</span> 
     </span>
     <span class='ocr_line' id='line_1_25' title="bbox 63 1689 1451 1741; baseline 0 -12"><span class='ocrx_word' id='word_1_210' title='bbox 63 1690 145 1741; x_wconf 90' lang='lat' dir='ltr'>qui,</span> <span class='ocrx_word' id='word_1_211' title='bbox 173 1691 275 1731; x_wconf 90' lang='lat' dir='ltr'>sicut</span> <span class='ocrx_word' id='word_1_212' title='bbox 308 1705 447 1732; x_wconf 89' lang='lat' dir='ltr'>omnes</span> <span class='ocrx_word' id='word_1_213' title='bbox 479 1691 616 1738; x_wconf 89' lang='lat' dir='ltr'>sciunt,</span> <span class='ocrx_word' id='word_1_214' title='bbox 650 1690 690 1729; x_wconf 92' lang='lat' dir='ltr'>in</span> <span class='ocrx_word' id='word_1_215' title='bbox 720 1691 804 1729; x_wconf 89' lang='lat' dir='ltr'>foro</span> <span class='ocrx_word' id='word_1_216' title='bbox 839 1689 1074 1740; x_wconf 89' lang='lat' dir='ltr'>iudiciisque</span> <span class='ocrx_word' id='word_1_217' title='bbox 1108 1689 1161 1727; x_wconf 89' lang='lat' dir='ltr'>ita</span> <span class='ocrx_word' id='word_1_218' title='bbox 1191 1702 1320 1728; x_wconf 92' lang='lat' dir='ltr'>verser</span> <span class='ocrx_word' id='word_1_219' title='bbox 1354 1698 1396 1728; x_wconf 88' lang='lat' dir='ltr'>ut</span> <span class='ocrx_word' id='word_1_220' title='bbox 1415 1698 1451 1729; x_wconf 86' lang='lat'>41</span> 
     </span>
    </p>

    <p class='ocr_par' dir='ltr' id='par_1_5' title="bbox 0 1754 1397 2130">
     <span class='ocr_line' id='line_1_26' title="bbox 4 1754 1397 1807; baseline -0.004 -9"><span class='ocrx_word' id='word_1_221' title='bbox 4 1773 44 1807; x_wconf 81' lang='lat'>²5</span> <span class='ocrx_word' id='word_1_222' title='bbox 63 1756 241 1796; x_wconf 88' lang='lat' dir='ltr'>eiusdem</span> <span class='ocrx_word' id='word_1_223' title='bbox 264 1757 403 1797; x_wconf 90' lang='lat' dir='ltr'>aetatis</span> <span class='ocrx_word' id='word_1_224' title='bbox 429 1764 496 1796; x_wconf 87' lang='lat' dir='ltr'>aut</span> <span class='ocrx_word' id='word_1_225' title='bbox 522 1769 641 1795; x_wconf 90' lang='lat' dir='ltr'>nemo</span> <span class='ocrx_word' id='word_1_226' title='bbox 667 1763 734 1794; x_wconf 87' lang='lat' dir='ltr'>aut</span> <span class='ocrx_word' id='word_1_227' title='bbox 762 1755 877 1806; x_wconf 88' lang='lat' dir='ltr'>pauci</span> <span class='ocrx_word' id='word_1_228' title='bbox 901 1754 1022 1805; x_wconf 89' lang='lat' dir='ltr'>pluris</span> <span class='ocrx_word' id='word_1_229' title='bbox 1049 1767 1186 1793; x_wconf 86' lang='lat' dir='ltr'>causas</span> <span class='ocrx_word' id='word_1_230' title='bbox 1211 1755 1397 1793; x_wconf 90' lang='lat' dir='ltr'>defende-</span> 
     </span>
     <span class='ocr_line' id='line_1_27' title="bbox 62 1818 1394 1872; baseline -0.002 -13"><span class='ocrx_word' id='word_1_231' title='bbox 62 1820 149 1869; x_wconf 89' lang='lat' dir='ltr'>rint,</span> <span class='ocrx_word' id='word_1_232' title='bbox 171 1829 211 1861; x_wconf 91' lang='lat' dir='ltr'>et</span> <span class='ocrx_word' id='word_1_233' title='bbox 230 1821 299 1872; x_wconf 93' lang='lat' dir='ltr'>qui</span> <span class='ocrx_word' id='word_1_234' title='bbox 325 1835 444 1861; x_wconf 91' lang='lat' dir='ltr'>omne</span> <span class='ocrx_word' id='word_1_235' title='bbox 469 1829 624 1871; x_wconf 90' lang='lat' dir='ltr'>tempus</span> <span class='ocrx_word' id='word_1_236' title='bbox 645 1821 755 1871; x_wconf 92' lang='lat' dir='ltr'>quod</span> <span class='ocrx_word' id='word_1_237' title='bbox 783 1819 879 1858; x_wconf 92' lang='lat' dir='ltr'>mihi</span> <span class='ocrx_word' id='word_1_238' title='bbox 906 1820 956 1858; x_wconf 92' lang='lat' dir='ltr'>ab</span> <span class='ocrx_word' id='word_1_239' title='bbox 983 1819 1201 1857; x_wconf 86' lang='lat' dir='ltr'>amicorum</span> <span class='ocrx_word' id='word_1_240' title='bbox 1228 1818 1394 1869; x_wconf 91' lang='lat' dir='ltr'>negotiis</span> 
     </span>
     <span class='ocr_line' id='line_1_28' title="bbox 62 1882 1394 1935; baseline -0.004 -10"><span class='ocrx_word' id='word_1_241' title='bbox 62 1887 176 1925; x_wconf 90' lang='lat' dir='ltr'>datur</span> <span class='ocrx_word' id='word_1_242' title='bbox 205 1886 246 1925; x_wconf 91' lang='lat' dir='ltr'>in</span> <span class='ocrx_word' id='word_1_243' title='bbox 275 1886 336 1924; x_wconf 91' lang='lat' dir='ltr'>his</span> <span class='ocrx_word' id='word_1_244' title='bbox 366 1885 505 1925; x_wconf 89' lang='lat' dir='ltr'>studiis</span> <span class='ocrx_word' id='word_1_245' title='bbox 534 1885 816 1935; x_wconf 88' lang='lat' dir='ltr'>laboribusque</span> <span class='ocrx_word' id='word_1_246' title='bbox 846 1897 1090 1930; x_wconf 86' lang='lat' dir='ltr'>consumam,</span> <span class='ocrx_word' id='word_1_247' title='bbox 1115 1896 1196 1933; x_wconf 91' lang='lat' dir='ltr'>quo</span> <span class='ocrx_word' id='word_1_248' title='bbox 1224 1882 1394 1932; x_wconf 87' lang='lat' dir='ltr'>paratior</span> 
     </span>
     <span class='ocr_line' id='line_1_29' title="bbox 61 1947 1393 2001; baseline -0.003 -12"><span class='ocrx_word' id='word_1_249' title='bbox 61 1952 112 1989; x_wconf 81' lang='lat' dir='ltr'>ad</span> <span class='ocrx_word' id='word_1_250' title='bbox 146 1964 263 1989; x_wconf 89' lang='lat' dir='ltr'>usum</span> <span class='ocrx_word' id='word_1_251' title='bbox 297 1951 493 1989; x_wconf 90' lang='lat' dir='ltr'>forensem</span> <span class='ocrx_word' id='word_1_252' title='bbox 526 1949 824 2001; x_wconf 88' lang='lat' dir='ltr'>promptiorque</span> <span class='ocrx_word' id='word_1_253' title='bbox 859 1962 944 1988; x_wconf 88' lang='lat' dir='ltr'>esse</span> <span class='ocrx_word' id='word_1_254' title='bbox 978 1947 1138 1999; x_wconf 90' lang='lat' dir='ltr'>possim,</span> <span class='ocrx_word' id='word_1_255' title='bbox 1172 1954 1306 1986; x_wconf 84' lang='lat' dir='ltr'>tamen</span> <span class='ocrx_word' id='word_1_256' title='bbox 1340 1948 1393 1986; x_wconf 88' lang='lat' dir='ltr'>ita</span> 
     </span>
     <span class='ocr_line' id='line_1_30' title="bbox 61 2011 1392 2065; baseline -0.003 -11"><span class='ocrx_word' id='word_1_257' title='bbox 61 2014 157 2053; x_wconf 87' lang='lat' dir='ltr'>mihi</span> <span class='ocrx_word' id='word_1_258' title='bbox 178 2016 275 2054; x_wconf 90' lang='lat' dir='ltr'>deos</span> <span class='ocrx_word' id='word_1_259' title='bbox 296 2014 413 2053; x_wconf 90' lang='lat' dir='ltr'>velim</span> <span class='ocrx_word' id='word_1_260' title='bbox 433 2014 624 2065; x_wconf 89' lang='lat' dir='ltr'>propitios</span> <span class='ocrx_word' id='word_1_261' title='bbox 644 2021 698 2061; x_wconf 89' lang='lat' dir='ltr'>ut,</span> <span class='ocrx_word' id='word_1_262' title='bbox 721 2027 812 2052; x_wconf 91' lang='lat' dir='ltr'>cum</span> <span class='ocrx_word' id='word_1_263' title='bbox 833 2013 935 2052; x_wconf 90' lang='lat' dir='ltr'>illius</span> <span class='ocrx_word' id='word_1_264' title='bbox 960 2012 1056 2051; x_wconf 90' lang='lat' dir='ltr'>mihi</span> <span class='ocrx_word' id='word_1_265' title='bbox 1077 2011 1264 2062; x_wconf 89' lang='lat' dir='ltr'>temporis</span> <span class='ocrx_word' id='word_1_266' title='bbox 1285 2012 1392 2051; x_wconf 87' lang='lat' dir='ltr'>venit</span> 
     </span>
     <span class='ocr_line' id='line_1_31' title="bbox 0 2076 1390 2130; baseline -0.004 -10"><span class='ocrx_word' id='word_1_267' title='bbox 0 2096 40 2127; x_wconf 83' lang='lat'>30</span> <span class='ocrx_word' id='word_1_268' title='bbox 59 2079 99 2118; x_wconf 91' lang='lat' dir='ltr'>in</span> <span class='ocrx_word' id='word_1_269' title='bbox 133 2087 308 2119; x_wconf 89' lang='lat' dir='ltr'>mentem</span> <span class='ocrx_word' id='word_1_270' title='bbox 344 2092 424 2130; x_wconf 92' lang='lat' dir='ltr'>quo</span> <span class='ocrx_word' id='word_1_271' title='bbox 461 2078 526 2118; x_wconf 87' lang='lat' dir='ltr'>die</span> <span class='ocrx_word' id='word_1_272' title='bbox 564 2077 683 2117; x_wconf 86' lang='lat' dir='ltr'>citato</span> <span class='ocrx_word' id='word_1_273' title='bbox 722 2091 789 2117; x_wconf 88' lang='lat' dir='ltr'>reo</span> <span class='ocrx_word' id='word_1_274' title='bbox 828 2077 924 2116; x_wconf 90' lang='lat' dir='ltr'>mihi</span> <span class='ocrx_word' id='word_1_275' title='bbox 958 2077 1173 2117; x_wconf 89' lang='lat' dir='ltr'>dicendum</span> <span class='ocrx_word' id='word_1_276' title='bbox 1213 2076 1272 2123; x_wconf 90' lang='lat' dir='ltr'>sit,</span> <span class='ocrx_word' id='word_1_277' title='bbox 1309 2090 1390 2115; x_wconf 93' lang='lat' dir='ltr'>non</span> 
     </span>
    </p>
   </div>
   <div class='ocr_carea' id='block_1_3' title="bbox 59 2180 1391 2353">
    <p class='ocr_par' dir='ltr' id='par_1_6' title="bbox 59 2180 1391 2353">
     <span class='ocr_line' id='line_1_32' title="bbox 106 2180 1391 2222; baseline -0.004 -7"><span class='ocrx_word' id='word_1_278' title='bbox 106 2194 142 2215; x_wconf 93' lang='lat'>11</span> <span class='ocrx_word' id='word_1_279' title='bbox 169 2184 362 2215; x_wconf 83' lang='lat' dir='ltr'>laborasses</span> <span class='ocrx_word' id='word_1_280' title='bbox 378 2195 399 2213; x_wconf 90' lang='grc' dir='ltr'>π</span> <span class='ocrx_word' id='word_1_281' title='bbox 544 2193 583 2221; x_wconf 88' lang='lat'>14</span> <span class='ocrx_word' id='word_1_282' title='bbox 608 2191 783 2222; x_wconf 86' lang='lat' dir='ltr'>exponere</span> <span class='ocrx_word' id='word_1_283' title='bbox 801 2183 817 2212; x_wconf 87' lang='grc' dir='ltr'>δ</span> <span class='ocrx_word' id='word_1_284' title='bbox 936 2192 973 2213; x_wconf 89' lang='lat' dir='ltr'>ac</span> <span class='ocrx_word' id='word_1_285' title='bbox 990 2181 1046 2222; x_wconf 84' lang='lat' dir='ltr'>Dp</span> <span class='ocrx_word' id='word_1_286' title='bbox 1060 2185 1089 2211; x_wconf 80' lang='lat' dir='ltr'>et</span> <span class='ocrx_word' id='word_1_287' title='bbox 1099 2180 1180 2221; x_wconf 82' lang='lat' dir='ltr'>pler.</span> <span class='ocrx_word' id='word_1_288' title='bbox 1196 2191 1203 2210; x_wconf 95' lang='lat'><strong>:</strong></span> <span class='ocrx_word' id='word_1_289' title='bbox 1228 2186 1262 2211; x_wconf 89' lang='lat' dir='ltr'>et</span> <span class='ocrx_word' id='word_1_290' title='bbox 1282 2180 1391 2218; x_wconf 78' lang='lat' dir='ltr'><em>G2LK</em></span> 
     </span>
     <span class='ocr_line' id='line_1_33' title="bbox 60 2224 1386 2267; baseline -0.003 -9"><span class='ocrx_word' id='word_1_291' title='bbox 60 2237 102 2266; x_wconf 78' lang='lat'>24</span> <span class='ocrx_word' id='word_1_292' title='bbox 125 2228 161 2258; x_wconf 86' lang='lat' dir='ltr'>in</span> <span class='ocrx_word' id='word_1_293' title='bbox 176 2227 376 2267; x_wconf 86' lang='lat' dir='ltr'>iudiciisque</span> <span class='ocrx_word' id='word_1_294' title='bbox 392 2239 414 2257; x_wconf 96' lang='grc' dir='ltr'><em>π</em></span> <span class='ocrx_word' id='word_1_295' title='bbox 523 2236 642 2257; x_wconf 87' lang='lat' dir='ltr'>versor</span> <span class='ocrx_word' id='word_1_296' title='bbox 661 2224 733 2264; x_wconf 66' lang='lat' dir='ltr'>G2L</span> <span class='ocrx_word' id='word_1_297' title='bbox 893 2234 935 2265; x_wconf 88' lang='lat'>29</span> <span class='ocrx_word' id='word_1_298' title='bbox 959 2224 1049 2255; x_wconf 90' lang='lat' dir='ltr'>illius</span> <span class='ocrx_word' id='word_1_299' title='bbox 1066 2224 1146 2255; x_wconf 87' lang='lat' dir='ltr'>mihi</span> <span class='ocrx_word' id='word_1_300' title='bbox 1163 2225 1328 2264; x_wconf 86' lang='lat' dir='ltr'>temporis</span> <span class='ocrx_word' id='word_1_301' title='bbox 1345 2236 1366 2253; x_wconf 89' lang='grc' dir='ltr'><em>π</em></span> <span class='ocrx_word' id='word_1_302' title='bbox 1380 2235 1386 2253; x_wconf 90' lang='lat'>:</span> 
     </span>
     <span class='ocr_line' id='line_1_34' title="bbox 59 2267 1387 2345; baseline -0.002 -44"><span class='ocrx_word' id='word_1_303' title='bbox 59 2270 156 2345; x_wconf 54' lang='lat' dir='ltr'>issiu}</span> <span class='ocrx_word' id='word_1_304' title='bbox 180 2272 346 2345; x_wconf 57' lang='lat' dir='ltr'>temch‘is</span> <span class='ocrx_word' id='word_1_305' title='bbox 386 2269 467 2300; x_wconf 90' lang='lat' dir='ltr'>mihi</span> <span class='ocrx_word' id='word_1_306' title='bbox 498 2267 593 2300; x_wconf 64' lang='lat' dir='ltr'>ow.</span> <span class='ocrx_word' id='word_1_307' title='bbox 635 2269 814 2309; x_wconf 83' lang='lat' dir='ltr'>Vtramque</span> <span class='ocrx_word' id='word_1_308' title='bbox 851 2268 1014 2300; x_wconf 79' lang='lat' dir='ltr'>lectionem</span> <span class='ocrx_word' id='word_1_309' title='bbox 1053 2270 1163 2299; x_wconf 78' lang='lat' dir='ltr'>tuetur</span> <span class='ocrx_word' id='word_1_310' title='bbox 1191 2267 1387 2299; x_wconf 81' lang='lat' dir='ltr'>Priscianus</span> 
     </span>
     <span class='ocr_line' id='line_1_35' title="bbox 59 2323 261 2353; baseline 0.005 -8"><span class='ocrx_word' id='word_1_311' title='bbox 59 2323 101 2353; x_wconf 83' lang='lat'>30</span> <span class='ocrx_word' id='word_1_312' title='bbox 149 2324 179 2345; x_wconf 77' lang='lat' dir='ltr'>re</span> <span class='ocrx_word' id='word_1_313' title='bbox 195 2324 261 2346; x_wconf 87' lang='lat' dir='ltr'>om.</span> 
     </span>
    </p>
   </div>
  </div>
 </body>
</html>
