1600 2704
108 115 379 156 ACTIONIS
410 120 474 160 IN
499 120 547 161 C.
569 122 812 163 VERREM
842 127 1141 170 SECVNDAE
1172 135 1276 172 LIB.
1301 137 1344 174 II
1391 147 1436 185 13
1457 153 1495 185 32

105 227 240 266 selecti
274 229 425 269 iudices
455 244 503 270 ex
540 242 740 273 conventu
771 235 915 276 civium
956 241 1228 282 Romanorum
1267 249 1436 298 proponi

103 291 242 330 solent.
303 295 412 333 Inter
457 304 628 337 aratores
671 307 710 338 et
757 302 1001 343 decumanos
1044 307 1129 357 lege
1169 309 1433 362 frumentaria,

102 367 222 404 quam
258 358 517 399 Hieronicam
550 365 762 413 appellant,
798 367 943 406 iudicia
978 371 1089 409 fiunt.
1150 374 1264 412 Haec
1299 379 1433 416 onmia
1453 391 1494 422 33

100 418 177 458 isto
199 430 378 470 praetore
408 438 489 464 non
513 428 636 466 modo
660 430 897 478 perturbata,
928 435 998 471 sed
1022 436 1139 484 plane
1163 445 1201 475 et
1229 439 1369 478 Siculis
1393 449 1432 480 et

63 499 80 531 5
100 483 252 524 civibus
282 488 475 528 Romanis
507 500 641 542 erepta
671 502 773 532 sunt.
835 496 1008 536 Primum
1037 513 1131 539 suae
1163 503 1291 552 leges:
1321 508 1430 555 quod

97 548 193 588 civis
222 563 313 589 cum
337 552 412 591 civi
435 564 576 605 ageret,
605 566 673 596 aut
702 572 793 598 eum
821 560 993 601 iudicem
1021 578 1140 614 quem
1169 572 1427 611 commodum

95 621 496 667 erat,—praeconem,
518 621 777 673 haruspicem,
802 626 1000 666 medicum
1023 634 1338 681 suum—dabat,
1359 644 1428 676 aut

93 677 126 716 si
163 678 315 729 legibus
349 691 430 721 erat
464 685 653 725 iudicium
689 689 948 729 constitutum
988 701 1026 732 et
1063 696 1115 734 ad
1147 697 1272 736 civem
1311 713 1426 740 suum

91 741 263 782 iudicem
284 756 482 796 venerant,
506 750 626 790 libere
647 752 721 791 civi
743 753 915 794 iudicare
935 770 1015 796 non
1037 759 1191 800 licebat.
1238 765 1424 804 Edictum

34 822 73 845 10
91 806 197 846 enim
227 810 400 851 hominis
429 816 667 864 cognoscite,
700 831 781 868 quo
811 820 943 859 edicto
977 824 1112 863 onmia
1143 825 1287 866 iudicia
1316 832 1424 870 rede-

87 881 195 922 gerat
215 873 256 913 in
280 888 392 915 suam
416 886 664 928 potestatem,
688 884 729 921 S1
753 895 822 928 QVI
846 897 1072 926 PERPERAM
1099 902 1350 942 1VD1CASSET,
1374 907 1422 935 SE

87 948 392 990 COGNITVRvix=13
425 955 512 982 CVM
540 957 792 996 COGNOSSET,
819 962 1228 995 ANIMADVERSVRVM.
1290 960 1420 1010 quue

85 1013 178 1041 cum
209 1003 390 1053 faciebat,
422 1020 540 1047 nemo
575 1011 783 1050 dubitabat
810 1014 917 1063 quin,
949 1029 1039 1055 cum
1071 1018 1188 1058 iudex
1217 1021 1337 1061 alium
1367 1026 1418 1064 de

85 1078 159 1105 suo
190 1066 337 1108 iudicio
368 1079 522 1120 putaret
553 1073 814 1115 iudicaturum
848 1092 970 1129 seque
1005 1081 1043 1119 in
1076 1096 1124 1122 eo
1150 1085 1289 1135 capitis
1321 1089 1418 1138 peri-

26 1145 64 1178 15
84 1132 218 1170 culum
241 1133 451 1182 aditurum,
475 1138 718 1179 voluntatem
744 1150 938 1192 spectaret
959 1145 1042 1185 eius
1070 1161 1189 1198 quem
1211 1152 1342 1192 statim
1364 1156 1414 1193 de

80 1196 209 1246 capite
242 1211 315 1237 suo
349 1208 502 1249 putaret
535 1203 808 1245 iudicaturum.
869 1210 1011 1250 Selecti
1042 1226 1088 1251 ex
1115 1225 1314 1256 conventu
1345 1228 1411 1259 aut
1432 1235 1471 1268 34

79 1261 269 1311 propositi
289 1276 336 1301 ex
359 1265 668 1315 negotiatoribus
693 1270 843 1311 iudices
869 1276 988 1315 nulli:
1019 1278 1117 1317 haec
1141 1281 1265 1330 copia,
1289 1296 1407 1333 quam

77 1324 180 1373 dico,
214 1325 390 1367 iudicum
426 1332 568 1371 cohors
603 1347 684 1372 non
725 1338 773 1386 Q.
817 1339 1039 1389 Scaevolae,
1081 1344 1148 1393 qui
1188 1352 1321 1386 tamen
1359 1351 1410 1388 de

76 1390 240 1430 cohorte
265 1405 336 1431 sua
365 1395 458 1434 dare
483 1409 562 1435 non
588 1399 754 1448 solebat,
781 1405 850 1442 sed
877 1405 921 1444 C.
946 1407 1086 1446 Verris.
1148 1410 1271 1450 Cuius
1300 1415 1409 1453 modi

18 1469 58 1493 20
75 1455 280 1495 cohortem
307 1459 452 1508 putatis
479 1462 555 1501 hoc
589 1463 766 1516 principe
795 1468 943 1508 fuisse?
997 1471 1132 1512 Sicubi
1161 1475 1301 1515 videtis
1328 1479 1408 1518 edi-

73 1527 193 1567 ctum,
228 1523 270 1560 S1
299 1535 368 1568 QVI
396 1537 622 1566 PERPERAM
652 1541 869 1571 IVDICARIT
903 1546 1096 1584 SENATVS,
1128 1553 1218 1578 eum
1246 1555 1407 1594 quoque

72 1587 292 1634 ostendam,
333 1588 364 1627 si
403 1593 566 1640 quando
605 1593 653 1632 sit
693 1596 822 1645 datus,
856 1609 996 1639 coactu
1030 1602 1141 1642 istius
1176 1608 1284 1656 quod
1323 1622 1404 1648 non

70 1651 234 1690 senserit
258 1652 463 1695 iudicasse.
525 1659 583 1696 Ex
608 1660 693 1709 lege
716 1662 876 1712 Rupilia
898 1666 1048 1705 sortitio
1072 1671 1190 1717 nulla,
1213 1672 1287 1710 nisi
1311 1686 1403 1714 cum

70 1714 166 1754 nihil
197 1716 380 1758 intererat
412 1720 547 1771 istius3
591 1725 676 1774 lege
713 1726 930 1768 Hieronica
969 1731 1113 1772 iudicia
1146 1736 1402 1785 plurimarum

10 1792 48 1827 ²5
68 1783 420 1824 controversiarum
452 1787 605 1826 sublata
634 1803 714 1829 uno
744 1794 905 1833 nomine
930 1797 1063 1835 omnia
1078 1814 1088 1846 3
1122 1801 1172 1839 de
1201 1812 1401 1843 conventu

65 1856 112 1883 ac
132 1847 441 1895 negotiatoribus
458 1853 555 1891 nulli
576 1853 737 1895 iudices.
775 1859 976 1907 Quantam
997 1870 1234 1912 potestatem
1255 1868 1399 1908 habue-

65 1908 112 1947 rit
132 1909 283 1960 videtis,
305 1927 402 1964 quas
423 1930 483 1955 res
503 1919 664 1967 gesserit
684 1924 922 1972 cognoscite.

118 1975 160 2013 H
271 1977 278 1983 .
522 1982 528 1988 .
633 1983 640 1990 .
757 1987 763 1992 .
905 2004 932 2009 Ν
1357 1997 1364 2004 .
1415 1981 1460 2020 14

164 1978 328 2017 erachus
366 1988 424 2018 est
473 1983 662 2022 H1eronis
712 1987 813 2025 filius
862 1990 1138 2042 Spacusanus,
1189 1996 1311 2036 homo
1354 2012 1394 2037 ln
1414 2041 1456 2073 35

108 2087 122 2107 1
149 2088 245 2110 conv.
265 2080 324 2112 civ.
346 2081 447 2113 Rom.
470 2083 552 2114 VO:
578 2085 640 2117 civ.
663 2087 761 2120 Rom.
782 2101 878 2124 conv.
898 2095 938 2125 πὸ
948 2095 1026 2128 Asc.
1186 2100 1208 2128 6
1231 2100 1294 2130 civi
1308 2100 1368 2131 cO¹
1386 2113 1393 2132 ε

60 2120 132 2152 cive
150 2122 214 2153 rell.
374 2126 394 2155 8
418 2136 513 2157 suum
534 2128 641 2160 civem
663 2130 696 2160 V
868 2147 903 2167 11
930 2139 959 2169 si
976 2140 1029 2178 qui
1046 2140 1115 2180 cOp
1126 2142 1168 2172 al.
1188 2153 1194 2172 :
1220 2143 1248 2173 si
1265 2144 1341 2183 quis
1357 2144 1393 2174 ὀδ

61 2173 100 2194 12
124 2167 341 2205 cognovisset
364 2169 409 2199 V:
447 2178 672 2210 cognosceret
693 2174 734 2205 Ο1
754 2177 813 2217 (ΙΙ.
835 2179 853 2213 i,
874 2183 889 2218 ξ
911 2183 963 2213 183
1110 2195 1144 2224 15
1169 2192 1339 2225 spectaret
1357 2198 1391 2219 c:

59 2214 254 2247 expectaret
273 2211 324 2242 O:
350 2218 485 2252 spectet
504 2214 609 2247 Vrell.
729 2221 767 2249 16
792 2227 925 2261 putaret
947 2225 1012 2257 Vc:
1036 2232 1132 2267 putet
1152 2228 1257 2261 Orell.
1348 2241 1391 2262 ex

60 2250 112 2281 O:
136 2261 155 2281 e
171 2252 236 2284 rell.
376 2265 412 2295 17
439 2267 481 2287 ex
499 2263 612 2297 negot.
631 2271 727 2300 prop,
751 2263 782 2294 O
907 2279 945 2307 19
970 2270 1049 2301 dare
1067 2272 1201 2304 nolebat
1222 2274 1253 2304 O
1349 2285 1391 2305 20

58 2292 172 2325 Sicubi
189 2297 326 2337 scripsi:
350 2299 450 2330 sicuti
467 2301 556 2333 codd.
575 2314 582 2334 :
608 2304 737 2338 †sicuti
756 2330 762 2337 .
783 2332 789 2339 .
808 2332 815 2339 .
837 2308 920 2342 Eum
937 2323 1068 2353 quoque
1084 2315 1154 2347 edd.
1287 2328 1325 2348 21
1353 2318 1388 2349 Si

56 2337 109 2376 qui
130 2337 172 2369 0¹
190 2350 197 2369 :
221 2341 249 2370 si
267 2341 346 2380 quid
365 2343 430 2374 rell.

97 2403 160 2425 cic.
180 2403 261 2426 vER.
1280 2416 1300 2445 9
