1600 2704
44 92 312 132 ACTIONIS
334 92 395 130 IN
417 92 463 131 C.
485 92 728 130 VERREM
750 89 1049 131 SECVNDAE
1072 93 1175 131 LIB.
1200 94 1259 131 IV
1326 103 1378 141 23
1398 108 1436 140 51

39 207 243 250 argentum
264 199 305 238 in
324 199 465 239 lectica
484 199 635 238 cubans
650 200 702 238 ad
723 212 829 237 mare
850 199 948 238 infra
964 200 1157 250 oppidum
1179 210 1376 251 exspecta-

39 265 116 303 bat.
175 266 308 314 Quem
346 278 583 304 concursum
617 264 658 302 in
692 264 843 315 oppido
877 266 1024 303 factum
1062 266 1220 316 putatis,
1255 280 1374 316 quem
1396 279 1433 311 52

37 330 262 377 clamorem,
312 342 431 380 quem
470 342 586 380 porro
631 330 767 367 fletum
808 329 1048 368 mulierum?
1114 330 1181 380 qui
1226 331 1374 370 videret

37 406 185 443 equum
232 393 449 432 Troianum
499 393 780 440 introductum,
822 394 960 432 urbem
1009 401 1164 444 captam
1213 394 1371 434 diceret.

0 472 16 504 5
38 457 176 496 Efferri
192 457 276 497 sine
292 458 417 497 thecis
436 471 539 506 vasa,
557 458 779 508 extorqueri
795 458 870 498 alia
886 460 937 498 de
953 459 1136 498 manibus
1151 460 1370 507 mulierum,

36 522 195 573 ecfringi
212 524 425 562 multorum
440 524 543 571 foris,
562 523 693 563 revelli
710 525 889 562 claustra.
949 524 1058 572 Quid
1079 524 1183 563 enim
1199 525 1374 574 putatis?

35 587 154 626 Scuta
174 587 205 626 si
226 589 388 638 quando
409 587 695 638 conquiruntur
716 601 738 626 a
758 588 916 638 privatis
937 588 978 626 in
994 589 1099 628 bello
1119 602 1164 628 ac
1186 592 1369 638 tumultu,

34 658 167 691 tamen
205 652 387 692 homines
425 652 537 691 inviti
571 654 677 701 dant,
711 653 782 692 etsi
820 654 871 692 ad
911 654 1076 692 salutem
1116 667 1371 694 communem

33 716 117 756 dari
146 717 331 765 sentiunt,
353 731 404 757 ne
433 730 552 768 quem
582 718 728 768 putetis
758 717 842 757 sine
872 718 1044 757 maximo
1073 719 1210 758 dolore
1239 732 1371 770 argen-

0 794 16 818 ο
33 788 117 820 turn
137 783 332 821 caelatum
352 784 486 829 domo,
510 784 620 832 quod
640 784 737 822 alter
757 784 934 833 eriperet,
957 783 1176 833 protulisse.
1223 785 1371 824 Omnia

31 847 271 885 deferuntur.
329 847 538 897 Cibyratae
567 848 702 886 fratres
722 854 912 886 vocantur
926 862 936 895 3
965 861 1091 898 pauca
1120 848 1371 898 improbant,

31 923 133 961 quae
164 912 386 961 probaram,
416 911 462 950 iis
497 919 649 950 crustae
677 919 745 950 aut
779 912 1019 951 emblemata
1047 913 1365 951 detrahebantur.

31 974 95 1014 Sic
128 975 340 1014 Haluntini
375 977 547 1016 excussis
578 976 729 1016 deliciis
760 989 851 1015 cum
883 984 1044 1027 argento
1074 990 1172 1027 puro
1202 979 1367 1017 domum

30 1048 286 1080 revertuntur.

0 1118 10 1151 5
85 1106 208 1155 Quod
237 1118 442 1156 umquam,
471 1105 634 1153 iudices,
671 1105 836 1145 huiusce
863 1105 973 1144 modi
1001 1105 1257 1145 everriculum
1289 1109 1367 1146 ulla
1387 1085 1438 1123 ²4

29 1169 70 1208 in
117 1171 319 1221 provincia
364 1171 466 1210 fuit?
532 1174 720 1210 Avertere
758 1171 909 1221 aliquid
948 1172 998 1210 de
1037 1171 1198 1221 publico
1247 1185 1365 1222 quam
1388 1157 1428 1177 ’Ὃ

28 1235 307 1274 obscurissime
326 1249 396 1286 per
419 1235 687 1286 magistratum
720 1237 900 1275 solebant
918 1250 928 1284 3
957 1235 1075 1274 etiam
1104 1249 1194 1274 cum
1216 1237 1366 1286 aliquid

27 1312 50 1338 a
75 1299 227 1350 privato
258 1314 339 1340 non
369 1314 600 1352 numquam,
633 1302 789 1340 occulte
824 1302 1065 1347 auferebant,
1099 1309 1136 1340 et
1172 1301 1197 1339 ii
1232 1310 1364 1341 tamen

27 1366 407 1405 condemnabantur.
467 1367 519 1405 Et
539 1367 570 1405 si
592 1366 788 1416 quaeritis,
813 1374 855 1404 ut
885 1366 969 1416 ipse
989 1367 1040 1404 de
1061 1379 1123 1404 me
1145 1368 1362 1413 detraham,

0 1429 114 1469 >illos
141 1443 215 1481 ego
241 1439 489 1471 accusatores
519 1439 616 1482 puto
640 1432 759 1470 fuisse
792 1431 859 1481 qui
896 1430 979 1469 eius
1012 1431 1121 1469 modi
1154 1432 1363 1470 hominum

27 1496 128 1535 furta
146 1497 270 1536 odore
289 1504 356 1536 aut
372 1497 505 1547 aliquo
525 1497 660 1536 leviter
680 1509 815 1547 presso
828 1496 992 1546 vestigio
1012 1497 1360 1546 persequebantur.

26 1561 131 1599 Nam
163 1574 236 1601 nos
267 1562 430 1612 quidem
465 1562 561 1612 quid
597 1561 762 1600 facimus
801 1561 841 1599 in
871 1561 1003 1608 Verre,
1046 1574 1164 1611 quem
1205 1562 1244 1599 in
1278 1563 1362 1600 luto

25 1627 244 1665 volutatum
266 1627 386 1666 totius
406 1626 580 1677 corporis
601 1625 771 1677 vestigiis
794 1626 1049 1664 invenimus?
1098 1628 1360 1676 Permagnum

25 1697 84 1729 est
113 1690 153 1729 in
183 1704 274 1730 eum
304 1692 436 1730 dicere
463 1691 614 1741 aliquid
635 1691 702 1741 qui
734 1690 981 1740 praeteriens,
1005 1690 1144 1729 lectica
1164 1691 1362 1741 paulisper

0 1755 215 1806 5deposita,
238 1769 319 1795 non
339 1769 409 1806 per
427 1756 653 1807 praestigias
680 1757 750 1794 sed
777 1757 906 1806 palam
934 1769 1003 1806 per
1022 1763 1258 1805 potestatem
1281 1769 1360 1794 uno

25 1820 189 1871 imperio
209 1821 382 1860 ostiatim
404 1829 530 1860 totum
557 1821 751 1871 oppidum
782 1820 1062 1870 compilaverit.
1123 1822 1182 1859 Ac
1212 1828 1357 1868 tamen,

24 1893 66 1924 ut
96 1894 231 1936 posset
263 1886 395 1926 dicere
433 1900 475 1926 se
514 1886 666 1933 emisse,
708 1887 960 1936 Archagatho
999 1885 1164 1936 imperat
1203 1894 1245 1923 ut
1285 1886 1358 1923 illis

23 1950 183 2001 aliquid,
207 1964 375 2002 quorum
399 1958 603 2002 argentum
629 1952 765 1997 fuerat,
790 1952 1085 1988 nummulorum
1116 1950 1214 1989 dicis
1240 1963 1357 1988 causa

22 2016 142 2055 daret.
203 2016 360 2055 Invenit
389 2017 662 2066 Archagathus
694 2027 843 2065 paucos
875 2014 942 2064 qui
972 2016 1116 2053 vellent
1150 2014 1355 2064 accipere,

0 2097 5 2116 ι
27 2081 73 2120 iis
89 2081 209 2120 dedit.
257 2082 338 2120 Eos
358 2093 543 2119 nummos
564 2087 696 2118 tamen
717 2079 790 2118 iste
806 2080 1059 2128 Archagatho
1074 2092 1154 2117 non
1169 2079 1351 2118 reddidit.

22 2145 157 2184 Voluit
189 2147 344 2184 Romae
377 2153 551 2196 repetere
586 2145 859 2194 Archagathus
877 2158 887 2192 3
918 2144 989 2183 Cn.
1026 2145 1216 2181 Lentulus
1251 2145 1353 2181 Mar—

64 2259 82 2288 5
107 2251 148 2280 de
165 2249 215 2289 Sp
232 2249 314 2281 rell.:
342 2260 360 2280 e
379 2249 410 2279 R
428 2251 460 2287 (§
482 2259 498 2288 7
515 2247 631 2288 supra)
747 2256 784 2284 17
810 2256 883 2277 cum
900 2257 964 2277 om.
980 2246 1043 2287 pk:
1069 2257 1141 2277 curn
1159 2247 1213 2276 alii
1236 2247 1349 2286 *aliqui

21 2292 151 2323 Mallem
170 2293 297 2332 aliquid
315 2292 445 2323 Ernesti
606 2301 647 2321 22
671 2289 813 2321 Verrem
830 2289 916 2329 RSp
1090 2291 1132 2320 26
1155 2290 1314 2321 Attamen
1334 2292 1350 2320 δ

19 2345 58 2375 27
84 2346 120 2367 se
136 2336 249 2367 dicere
265 2348 287 2366 π
