1600 2704
102 82 371 128 ACTIONIS
403 91 466 130 IN
495 94 540 133 C.
563 96 806 139 VERREM
836 104 1136 151 SECVNDAE
1164 115 1270 156 LIB.
1296 120 1338 158 II
1379 124 1434 169 56
1458 141 1518 176 139
1550 92 1557 96 -

99 202 213 245 cogat
236 198 333 238 alios
353 202 523 252 laudare,
546 205 646 246 sicut
669 208 709 248 in
730 213 864 253 multis
888 226 1053 258 conatus
1074 231 1133 260 est
1146 238 1157 272 3
1187 230 1310 267 modo
1332 232 1429 273 haec

96 259 212 298 faciat
242 274 345 312 quae
375 266 478 306 facit.
538 271 638 319 Quis
672 274 778 315 enim
810 291 1000 331 umquam
1034 292 1142 326 tanta
1170 302 1194 327 a
1223 304 1426 344 quoquam

94 328 348 377 contumelia,
386 331 474 382 quis
507 341 616 375 tanta
652 337 869 389 ignominia
907 348 1086 390 adfectus
1126 356 1215 393 est?
1273 360 1426 407 Quinto

91 401 252 441 quoque
282 407 390 435 anno
419 397 551 439 Sicilia
583 409 666 442 tota
704 417 898 450 censetur.
958 414 1053 454 Erat
1091 430 1209 458 censa
1244 433 1423 472 praetore

50 465 70 497 5
90 454 300 498 Peducaeo
313 474 325 507 ,-
358 461 519 512 quintus
544 479 672 508 annus
701 484 793 511 cum
822 474 863 513 in
893 483 932 516 te
960 489 1180 528 praetorem
1206 485 1421 540 incidisset,

86 531 205 559 censa
237 524 374 565 denuo
405 535 476 567 est.
535 533 699 574 Postero
731 550 839 577 anno
869 542 913 580 L.
948 544 1137 587 Metellus
1172 554 1416 595 mentionem

84 583 140 621 tui
169 598 311 628 census
336 590 420 630 fieri
448 602 554 635 vetat
566 612 578 645 ,-
605 611 789 642 censores
813 605 910 645 dicit
934 610 984 648 de
1009 611 1162 663 integro
1191 617 1265 657 sibi
1296 624 1416 661 creari

79 649 259 700 placere3
305 652 455 697 interea
497 661 802 707 Peducaeanum
846 684 1009 713 censum
1049 679 1247 721 observari
1291 684 1411 726 iubet.

80 713 173 752 Hoc
211 715 243 754 si
289 726 378 759 tuus
417 722 597 766 inimicus
639 730 806 781 fecisset,
848 744 995 788 tamen,
1034 742 1066 780 si
1104 745 1239 786 animo
1282 762 1412 801 aequo

18 790 58 813 10
74 779 278 826 provincia
312 784 474 830 tulisset,
500 787 645 831 inimici
672 794 863 838 iudicium
892 815 1009 853 grave
1032 806 1239 851 videretur.

1300 816 1409 855 Fecit

71 843 222 884 amicus
265 861 402 890 recens
440 860 477 891 et
522 867 712 907 cognatus
751 866 1017 909 voluntarius·

1007 902 1018 919 ,
1059 873 1172 914 aliter
1214 878 1332 927 enim,
1375 883 1405 920 si

68 908 312 957 provinciam
340 915 518 968 retinere,
543 921 574 959 si
601 925 730 966 salvus
754 928 838 979 ipse
861 931 902 970 in
931 935 1133 984 provincia
1162 943 1278 982 vellet
1303 958 1400 993 esse,

65 972 194 1013 facere
218 989 299 1016 non
323 981 463 1029 potuit.
523 986 738 1037 Exspectas
765 994 884 1034 etiam
905 998 1002 1048 quid
1027 1001 1066 1039 hi
1096 1001 1302 1046 iudicent?
1360 1011 1398 1049 si
1421 988 1482 1081 ,⁵470

64 1035 135 1075 tibi
156 1040 426 1091 magistratum
449 1047 686 1101 abrogasset,
711 1056 864 1098 minore
891 1060 1107 1112 ignominia
1128 1075 1166 1107 te
1186 1072 1397 1114 adfecisset

3 1112 41 1146 15
60 1113 181 1151 quam
220 1118 311 1146 cum
345 1122 392 1148 ea
429 1124 531 1162 quae
569 1115 609 1154 in
644 1119 870 1170 magistratu
901 1127 1054 1176 gessisti
1089 1135 1245 1174 sustulit
1276 1146 1395 1189 atque

58 1164 173 1206 inrita
207 1168 318 1210 iussit
352 1187 447 1216 esse.
508 1179 651 1231 Neque
681 1183 720 1222 in
751 1187 825 1226 hac
860 1203 900 1229 re
934 1194 1017 1232 sola
1052 1196 1125 1235 fuit
1154 1199 1238 1239 eius
1268 1205 1390 1253 modi,

55 1232 136 1279 sed,
165 1242 380 1287 antequam
412 1254 486 1292 ego
516 1243 557 1282 in
585 1246 757 1288 Siciliam
786 1254 886 1301 veni,
917 1255 957 1294 in
988 1260 1166 1301 maximis
1197 1266 1314 1306 rebus
1343 1282 1390 1309 ac

52 1296 254 1348 plurimis,
296 1316 389 1343 nam
421 1315 460 1346 et
492 1309 682 1352 Heraclio
721 1316 985 1366 Syracusanos
1020 1331 1109 1365 tuos
1142 1327 1229 1368 illos
1261 1335 1388 1382 palae-

50 1360 178 1402 stritas
199 1364 306 1406 bona
331 1370 534 1413 restituere
562 1375 683 1426 iussit,
707 1388 745 1418 et
767 1383 941 1433 Epicrati
970 1388 1147 1439 Bidinos,
1171 1402 1209 1432 et
1233 1398 1385 1447 pupillo

0 1438 30 1461 20
49 1425 322 1477 Drepanitano
358 1437 406 1474 A.
449 1438 676 1491 Claudium,
715 1452 764 1493 et,
806 1448 881 1487 nisi
924 1460 1076 1493 mature
1114 1458 1303 1500 Laetilius
1342 1464 1382 1503 in

46 1489 218 1533 Siciliam
248 1510 340 1536 cum
370 1500 506 1541 litteris
535 1506 716 1556 venisset,
749 1511 880 1552 minus
909 1526 999 1555 xxx
1026 1519 1166 1561 diebus
1193 1525 1379 1568 Metellus

44 1561 167 1596 totam
188 1559 330 1601 trienni
351 1574 573 1615 praeturam
595 1578 703 1612 tuam
727 1576 959 1619 rescidisset.

95 1623 147 1661 Et
167 1627 355 1675 quoniam
377 1632 428 1670 de
447 1646 493 1672 ea
513 1637 682 1685 pecunia
702 1652 822 1690 quam
843 1643 914 1683 tibi
934 1648 985 1686 ad
1002 1655 1170 1691 statuam
1192 1667 1374 1698 censores
1398 1679 1454 1712 141

38 1691 289 1732 contulerunt
320 1695 409 1744 dixi,
447 1712 529 1738 non
566 1702 663 1742 mihi
701 1710 1094 1756 praetermittendum
1129 1717 1284 1760 videtur
1322 1737 1372 1764 ne

0 1759 16 1791 5
35 1748 133 1791 illud
160 1757 322 1806 quidem
349 1775 472 1812 genus
502 1768 695 1816 pecuniae
725 1773 958 1816 conciliatae
979 1791 1098 1829 quarn
1125 1790 1167 1822 tu
1194 1798 1216 1824 a
1241 1786 1371 1828 civita-

33 1815 138 1857 tibus
159 1828 374 1864 statuarum
395 1829 557 1870 nomine
578 1834 750 1885 coegisti.
798 1838 929 1880 Video
949 1843 1054 1883 enim
1076 1846 1159 1886 eius
1175 1853 1369 1899 pecuniae

32 1892 228 1924 summam
263 1901 348 1928 esse
382 1897 653 1946 pergrandem,
690 1902 742 1939 ad
775 1903 847 1943 HS
882 1906 1055 1948 viciens:
1090 1918 1243 1953 tantum
1274 1929 1367 1956 con-

29 1945 182 1987 ficietur
214 1964 260 1990 ex
299 1955 533 1998 testimoniis
567 1969 606 2000 et
644 1963 780 2005 litteris
816 1968 1030 2011 civitatum.
1091 1977 1142 2014 Et
1175 1978 1248 2018 iste
1286 1982 1363 2022 hoc

26 2014 211 2053 concedit
251 2030 325 2057 nec
372 2030 504 2071 potest
545 2026 657 2066 aliter
703 2030 844 2072 dicere.
916 2037 1049 2086 Quare
1096 2041 1207 2082 cuius
1251 2048 1360 2086 modi

66 2127 86 2155 4
111 2116 193 2150 Erat
209 2121 299 2153 enim
320 2122 350 2154 Ο
503 2138 522 2168 5
548 2129 582 2161 in
601 2134 634 2163 te
651 2139 845 2172 praetorem
861 2139 932 2172 edd.
957 2141 990 2172 V
999 2146 1102 2176 secuti
1113 2145 1164 2186 (in
1181 2158 1246 2188 quo
1262 2154 1309 2181 est
1323 2152 1357 2183 in

22 2162 57 2189 te
74 2170 152 2201 pop.
170 2172 219 2195 ro.
232 2165 348 2206 =PR)
365 2179 373 2197 :
397 2174 431 2200 te
447 2176 603 2210 praetore
614 2180 640 2215 p
658 2177 726 2209 rell.
853 2183 875 2212 6
900 2184 1046 2219 denuost
1067 2189 1100 2219 V
1211 2202 1233 2232 9
1259 2195 1322 2226 etsi
1338 2196 1357 2226 b

22 2201 158 2236 fecisset
177 2205 240 2238 VO
256 2219 262 2239 :
287 2210 348 2241 tibi
365 2212 503 2246 fecisset
513 2217 580 2256 qu
596 2218 640 2251 al.
662 2231 668 2250 :
701 2221 762 2252 tibi
788 2228 863 2256 aule
878 2230 953 2259 tuus
970 2240 989 2260 r
1139 2244 1224 2275 equo
1242 2238 1354 2270 animo

24 2243 70 2275 Vb
206 2251 246 2281 18
270 2252 503 2292 Syracusanos
524 2259 588 2290 01:
613 2269 682 2303 —op
699 2265 766 2298 rell.
886 2280 927 2310 27
951 2273 1056 2306 vicies
1075 2275 1212 2310 Garat.:
1238 2282 1354 2313 tricies

17 2287 148 2331 Zumpt
163 2292 245 2333 (-xx·
263 2305 322 2328 Lxr
345 2298 413 2330 cO:
448 2310 538 2333 cxxx
558 2309 607 2344 pq
629 2306 672 2338 al.
695 2310 733 2346 §5
756 2319 828 2352 142,
851 2315 928 2353 165)

1061 2320 1259 2355 conficietur
1282 2324 1350 2356 cO:

17 2333 194 2366 conficitur
209 2338 277 2370 rell.
384 2345 426 2374 28
452 2350 486 2376 et
505 2346 594 2386 (ante
608 2348 745 2393 litteris)
766 2353 830 2385 01:
854 2367 894 2388 ac
911 2358 977 2392 rell.
