1600 2704
100 204 124 241 3
143 207 162 239 9
512 177 568 215 M.
599 169 768 211 TVLLI
799 155 1125 205 CICERONIS,

151 434 313 481 pararet,
337 431 495 462 causam
517 415 665 453 interea
685 414 775 447 ante
797 415 887 442 eum
908 398 1064 437 diceret.

97 511 134 533 10
209 491 365 541 Quibus
411 496 484 533 ego
529 479 645 517 rebus
685 471 781 523 quid
823 468 895 505 iste
940 466 1067 512 speret
1109 463 1145 494 et
1185 464 1265 503 quo
1303 446 1481 487 animum

155 557 333 597 intendat
364 549 477 589 facile
509 539 731 595 perspici03
769 544 887 584 quam
918 528 970 566 ob
1000 536 1081 563 rem
1110 531 1201 558 vero
1236 528 1277 554 se
1308 510 1484 551 confidat
1504 519 1521 551 5

155 621 305 673 aliquid
329 616 517 668 proficere
544 619 661 658 posse
688 605 765 641 hoc
790 603 967 649 praetore
994 598 1031 628 et
1056 590 1131 626 boc
1153 579 1318 622 consilio
1338 574 1486 614 intelle-

157 701 245 739 gere
284 696 365 722 non
404 687 577 729 possum.
636 671 771 706 Vnum
810 661 907 700 illud
941 655 1136 701 intellego,
1174 646 1282 697 quod
1316 639 1487 692 populus

160 756 366 791 Romanus
405 744 444 781 in
485 736 696 778 reiectione
735 727 911 768 iudicum
953 715 1150 761 iudicavit,
1187 725 1233 751 ea
1265 720 1334 758 spe
1368 705 1488 742 istum

161 817 278 855 fuisse
318 807 538 861 praeditum
579 808 621 838 ut
660 806 819 835 omnem
854 788 1045 827 rationem
1081 777 1213 818 salutis
1248 774 1287 812 in
1322 766 1490 821 pecunia

162 878 427 920 constitueret,
471 871 549 907 hoc
592 869 728 912 erepto
772 851 968 907 praesidio
1013 855 1055 885 ut
1098 844 1246 882 nullam
1292 834 1366 875 sibi
1409 844 1490 870 rem
1517 844 1552 864 10

118 961 144 998 4
164 945 395 985 adiumento
428 937 510 973 fore
543 927 801 968 arbitraretur.
867 914 1025 956 Etenim
1058 908 1165 960 quod
1200 911 1257 943 est
1291 897 1492 949 ingenium

165 1018 330 1053 tantum,
358 1014 458 1054 quae
487 1003 597 1036 tanta
626 990 789 1030 facultas
819 979 978 1022 dicendi
1009 984 1075 1015 aut
1106 970 1230 1021 copia,
1257 977 1358 1017 quae
1385 960 1495 1000 istius

167 1075 286 1113 vitam
312 1077 369 1109 tot
389 1064 491 1105 vitiis
518 1056 752 1110 flagitiisque
779 1046 1012 1089 convictam,
1037 1040 1113 1078 iam
1142 1034 1292 1087 pridem
1317 1025 1496 1067 omnium

169 1141 370 1178 voluntate
409 1126 636 1173 iudicioque
679 1120 920 1158 damnatam,
957 1106 1088 1156 aliqua
1127 1114 1172 1139 ex
1223 1102 1331 1147 parte
1375 1088 1499 1141 possit

114 1222 146 1243 11
172 1197 414 1244 defendere?
472 1188 595 1232 Cuius
615 1193 658 1224 ut
677 1174 970 1222 adulescentiae
992 1169 1164 1209 maculas
1185 1156 1501 1213 ignominiasque
1524 1165 1558 1197 15

172 1275 427 1321 praeteream,
457 1261 675 1309 quaestura,
708 1246 857 1298 primus
888 1239 1030 1292 gradus
1061 1229 1232 1275 honoris,
1266 1223 1362 1276 quid
1395 1218 1503 1258 aliud

173 1335 294 1374 habet
323 1330 363 1368 in
393 1339 435 1365 se
464 1322 537 1361 nisi
560 1320 632 1358 Cn.
657 1312 882 1354 Carbonem
913 1301 1122 1354 spoliatum
1152 1308 1175 1333 a
1195 1296 1402 1343 quaestore
1431 1295 1504 1321 suo

176 1395 344 1451 pecunia
370 1388 539 1442 publica,
563 1382 756 1421 nudatum
782 1382 820 1413 et
846 1368 1046 1422 proditum
1068 1360 1282 1402 consulem,
1306 1354 1505 1392 desertum

177 1461 402 1503 exercitum,
431 1452 606 1492 relictam
637 1438 890 1496 provinciam,
920 1430 1033 1471 sortis
1063 1419 1395 1465 necessitudinem
1426 1411 1510 1451 reli-

179 1530 416 1581 gionemque
437 1513 651 1556 violatam?
681 1506 791 1546 cuius
813 1499 956 1551 legatio
979 1493 1138 1534 exitium
1160 1487 1231 1527 suit
1253 1483 1369 1523 Asiae
1389 1478 1509 1518 totius
1532 1487 1570 1509 20

180 1603 217 1634 et
240 1584 505 1639 Pamphyliae,
529 1578 672 1630 quibus
692 1573 733 1610 in
754 1563 963 1621 provinciis
987 1560 1128 1598 multas
1149 1555 1301 1596 domos,
1324 1543 1512 1597 plurimas

181 1658 299 1703 urbis,
329 1650 463 1694 omnia
491 1649 581 1685 fana
610 1637 866 1690 depeculatus
897 1636 965 1674 est,
994 1634 1076 1664 tum
1108 1632 1199 1659 cum
1228 1616 1268 1654 in
1299 1614 1372 1652 Cn.
1396 1608 1514 1647 Dola-
1570 1604 1573 1606 ’

182 1726 327 1765 bellam
349 1729 464 1757 suum
492 1712 618 1751 scelus
645 1703 742 1744 illud
771 1696 977 1750 pristinum
1008 1683 1207 1728 renovavit
1229 1688 1267 1720 et
1288 1671 1515 1717 instauravit

187 1783 464 1841 quaestorium,
500 1788 591 1816 cum
626 1783 728 1816 eum,
762 1778 824 1803 Cu1
864 1769 902 1800 et
941 1761 1089 1807 legatus
1129 1758 1167 1789 et
1205 1759 1276 1798 pro
1310 1746 1517 1793 quaestore

188 1854 333 1897 fuisset,
366 1855 404 1886 et
433 1845 473 1883 in
507 1837 695 1879 invidiam
732 1830 811 1870 suis
846 1820 1048 1865 maleficiis
1082 1812 1256 1857 adduxit,
1288 1816 1326 1847 et
1355 1806 1395 1844 in
1426 1801 1519 1853 ipsis
1540 1809 1586 1842 25,

191 1914 372 1971 periculis
415 1921 496 1948 non
543 1905 669 1943 solum
709 1891 892 1937 deseruit,
933 1887 1002 1925 sed
1041 1882 1157 1922 etiam
1197 1869 1437 1926 oppugnavit
1475 1879 1522 1905 ac

137 2003 172 2025 12
195 1979 392 2035 prodidit3
439 1971 549 2012 cuius
595 1971 775 2018 praetura
820 1956 970 1995 urbana
1012 1946 1170 1988 aedium
1218 1948 1413 1979 sacrarum
1452 1929 1525 1969 fuit

239 2089 260 2117 6
283 2086 347 2115 boc
375 2083 532 2120 praetore
558 2072 660 2103 Asa:
696 2069 851 2106 praetore
879 2068 944 2089 om.
969 2054 1042 2096 pq¹s
1077 2047 1164 2087 (add.
1195 2057 1222 2077 s.
1247 2043 1267 2074 I.
1291 2040 1327 2083 7⁴²²
1355 2036 1527 2079 glabrione

198 2143 229 2171 p.
250 2130 295 2168 γὴ)
315 2139 321 2157 2
347 2126 410 2156 hoc
429 2118 612 2153 Glabrione
637 2112 700 2143 ΒΨ
722 2110 768 2139 (in
787 2115 855 2146 mg.
874 2103 908 2133 D
930 2096 1100 2140 praetore)
1121 2105 1127 2123 :
1144 2093 1206 2122 hoe
1230 2084 1413 2119 Glabrione
1431 2089 1528 2120 prae-

200 2181 272 2205 tore
303 2182 319 2200 ν
346 2169 386 2198 al.
545 2171 561 2199 7
587 2157 664 2200 ᾗΤ-Γῖ
693 2153 771 2193 Dp:
810 2146 955 2188 populus
982 2142 1157 2172 Romanus
1185 2130 1331 2171 G22KZ:
1355 2129 1490 2166 praetor
1514 2131 1533 2150 r

201 2217 293 2254 Asc„
309 2212 378 2244 cdd.
506 2216 545 2237 10
569 2195 782 2233 constituerit
799 2192 855 2232 Dp
870 2194 898 2220 el
911 2188 988 2229 pler.
1132 2189 1169 2209 12
1193 2180 1251 2207 aut
1267 2173 1353 2204 Dwn
1368 2181 1375 2200 ι
1399 2174 1432 2198 et
1450 2167 1468 2196 Ι)
1483 2163 1531 2196 ed.

204 2260 304 2290 Rom.
398 2261 436 2291 13
461 2248 647 2281 convictam
660 2243 724 2282 pb:
748 2236 962 2269 coniunctam
981 2228 1015 2259 D
1031 2225 1074 2257 al.
1201 2221 1239 2249 16
1258 2216 1384 2257 primus
1408 2209 1533 2250 gradus

205 2300 343 2334 honoris
355 2295 458 2333 codd„
474 2288 649 2324 Diomedes
665 2298 671 2317 :
694 2282 762 2314 secl.
776 2278 846 2311 cdd.
920 2285 961 2305 22
979 2266 1199 2310 depeculatus
1212 2274 1232 2292 π
1244 2258 1351 2291 Sclzol.
1368 2256 1510 2287 Gronov.
1526 2262 1534 2281 ε

207 2342 431 2385 depopulatus
449 2337 512 2367 Di!
677 2328 711 2358 in
729 2326 790 2357 Cn.
809 2317 1017 2353 Dolabellam
1036 2312 1102 2343 secl.
1122 2308 1224 2347 Kays.
1245 2301 1358 2334 Muell.
1494 2304 1535 2332 24

210 2390 262 2420 cui
288 2392 320 2418 et
343 2386 474 2423 legatus
498 2389 540 2409 πε
565 2377 618 2407 cui
643 2374 654 2404 l
678 2372 811 2410 legatus
838 2365 902 2403 G2:
936 2361 987 2391 cui
1010 2357 1064 2388 ille
1092 2356 1156 2392 leg.
1188 2350 1222 2380 D
1250 2347 1303 2378 al:
1337 2343 1389 2375 cui
1420 2340 1451 2372 .l.
1481 2338 1536 2368 ille

211 2435 275 2472 leg.
296 2429 331 2460 K
