1600 2704
1464 107 1484 118 ς

402 121 463 159 ΙΝ
494 123 542 171 Q.
576 124 896 168 CAECILIVM
928 132 1146 175 ORATIO
1382 144 1428 182 16
1449 160 1492 192 50

99 232 142 263 ut
170 225 265 264 mihi
295 241 453 269 causam
483 235 701 286 praeripere
731 241 930 280 conemini
960 244 1090 294 potius
1121 260 1240 297 quam
1274 253 1426 303 aliquos

95 290 147 328 ad
193 292 419 333 columnam
469 299 671 339 Maeniam
711 305 827 342 vestri
878 308 1026 347 ordinis
1067 324 1153 351 reos
1197 317 1427 365 reperiatis?

97 354 337 395 ‘Custodem
352 360 370 406 ',
403 359 540 411 inquit,
576 366 730 405 ‘Tullio
765 382 828 408 me
861 372 1083 422 adponite'.
1148 378 1290 426 Quid?
1328 383 1424 422 mihi

92 431 211 468 quam
249 423 382 462 multis
417 429 649 469 custodibus
683 445 783 483 opus
818 436 899 483 erit,
936 438 967 476 si
1002 447 1039 478 te
1074 445 1196 482 semel
1229 446 1280 484 ad
1316 460 1422 487 meas

53 497 71 530 5
91 496 227 534 capsas
260 488 486 530 admisero?
529 494 596 544 qui
631 509 710 535 non
744 500 871 538 solum
907 516 956 541 ne
990 505 1087 555 quid
1121 510 1313 558 enunties,
1351 516 1420 553 sed

88 548 206 588 etiam
243 565 294 591 ne
333 554 429 604 quid
475 560 626 599 auferas
668 565 953 606 custodiendus
992 570 1055 609 sis.
1125 574 1204 613 Sed
1250 578 1299 615 de
1345 578 1419 618 isto

86 617 250 655 custode
289 625 373 658 toto
407 621 462 660 sic
497 625 608 663 vobis
650 627 877 670 brevissime
917 637 1179 686 respondebo,
1216 654 1297 680 non
1333 656 1418 683 esse

84 679 156 718 hos
191 681 276 720 talis
306 683 408 724 viros
443 690 723 731 commissuros
759 703 801 732 ut
834 697 885 735 ad
917 711 1075 739 causam
1112 710 1261 744 tantam
1295 720 1317 745 a
1353 722 1416 748 me

82 754 319 796 susceptam,
341 749 437 789 mihi
466 754 666 803 creditam,
690 758 899 810 quisquam
931 764 1172 817 subscriptor
1199 783 1262 809 me
1292 771 1414 813 invito

24 821 63 843 10
80 809 278 860 adspirare
320 816 471 864 possit3
518 820 664 859 etenim
708 824 806 863 fides
848 839 934 866 mea
972 833 1179 871 custodem
1219 838 1409 887 repudiat,

79 873 280 925 diligentia
301 882 587 929 speculatorem
610 887 847 928 reformidat.

130 940 279 980 Vert'1m
300 951 342 981 ut
362 946 413 984 ad
435 953 482 994 te,
507 948 665 997 Caecili,
689 954 859 1001 redeam,
878 969 997 1006 quam
1020 962 1142 1001 multa
1163 970 1200 1002 te
1221 966 1406 1007 deficiant

75 1003 209 1044 vides:
239 1020 358 1057 quam
387 1013 509 1050 multa
536 1013 613 1052 sint
640 1015 679 1053 in
707 1024 745 1056 te
775 1031 877 1068 quae
904 1035 991 1062 reus
1020 1039 1167 1066 nocens
1190 1029 1229 1067 in
1250 1044 1405 1072 accusa<

74 1076 158 1108 tore
178 1084 250 1110 suo
270 1074 402 1124 cupiat
423 1089 518 1124 esse,
542 1081 718 1128 profecto
743 1083 820 1122 iam
842 1085 1045 1139 intellegis.
1107 1093 1215 1142 Quid
1235 1098 1286 1135 ad
1309 1099 1405 1138 haec

14 1144 52 1176 15
72 1133 151 1172 dici
180 1140 339 1186 potest?
368 1153 448 1178 non
478 1142 583 1181 enim
608 1157 755 1195 quaero
780 1150 877 1199 quid
906 1160 947 1191 tu
977 1155 1153 1196 dicturus
1183 1160 1234 1199 sis
1250 1176 1259 1209 3
1289 1162 1405 1203 video

71 1198 167 1237 mihi
205 1214 286 1240 non
325 1210 374 1251 te,
408 1207 478 1244 sed
517 1208 623 1248 hunc
662 1211 804 1251 librum
840 1228 925 1256 esse
960 1232 1252 1272 responsurum,
1284 1240 1400 1277 quem

69 1263 241 1304 monitor
279 1273 368 1307 tuus
408 1269 471 1308 hic
510 1279 643 1322 tenet,-
685 1277 753 1327 qui
792 1279 823 1318 si
864 1289 901 1320 te
941 1293 1044 1324 recte
1084 1301 1245 1329 monere
1284 1295 1398 1337 volet.

67 1330 248 1370 suadebit
282 1332 353 1372 tibi
385 1343 427 1374 ut
459 1336 550 1376 hinc
580 1339 763 1382 discedas
793 1358 923 1396 neque
956 1350 1052 1389 mihi
1083 1354 1245 1394 verbum
1276 1359 1399 1397 ullum

65 1397 314 1444 respondeas.
376 1401 485 1449 Quid
520 1404 625 1443 enim
660 1407 798 1447 dices?
841 1424 891 1450 an
926 1412 967 1452 id
998 1419 1107 1465 quod
1141 1419 1308 1468 dictitas,
1346 1424 1400 1461 in-

5 1470 46 1493 20
64 1456 202 1498 iuriam
232 1461 303 1501 tibi
333 1464 471 1505 fecisse
502 1469 694 1510 Verrem?
751 1475 955 1526 Arbitror,-
993 1494 1123 1532 neque
1155 1485 1261 1524 enim
1296 1498 1397 1527 esset

62 1523 140 1562 veri
175 1525 312 1576 simile,
348 1543 439 1569 cum
476 1535 660 1574 omnibus
696 1538 836 1578 Siculis
877 1543 1020 1583 faceret
1058 1546 1228 1597 iniurias,
1265 1559 1303 1590 te
1342 1553 1394 1591 illi

1446 402 1483 434 51

1428 985 1467 1017 52

61 1601 183 1628 unum
218 1592 405 1634 eximium
440 1597 502 1635 cui
538 1603 759 1641 consuleret
799 1605 928 1645 fuisse.
998 1611 1077 1649 Sed
1116 1614 1234 1653 ceteri
1274 1617 1393 1656 Siculi
1416 1636 1456 1667 53

59 1654 226 1694 ultorem
258 1671 415 1699 suarum
451 1662 678 1705 iniuriarum
716 1667 974 1720 invenerunt,-
1015 1683 1055 1714 tu
1087 1678 1184 1716 dum
1220 1687 1304 1720 tuas
1340 1683 1394 1720 in-

57 1716 173 1758 iurias
202 1734 271 1771 per
300 1731 348 1771 te,
374 1725 413 1764 id
431 1730 539 1777 quod
570 1744 649 1770 non
681 1741 804 1782 potes,
834 1739 1016 1789 persequi
1047 1743 1210 1791 conaris,
1242 1745 1280 1784 id
1310 1748 1390 1798 agis

0 1794 37 1825 25
56 1790 98 1821 ut
119 1793 337 1828 ceterorum
359 1804 519 1843 quoque
547 1795 710 1837 iniuriae
738 1799 816 1838 sint
841 1800 1057 1852 impunitae
1078 1815 1197 1858 atque
1218 1809 1390 1860 inultae,-

54 1855 92 1886 et
113 1850 189 1889 hoc
210 1860 248 1891 te
268 1858 460 1904 praeterit,
485 1873 565 1898 non
588 1862 627 1901 id
649 1865 776 1904 solum
800 1868 967 1916 spectari
988 1872 1122 1919 solere,
1142 1874 1209 1924 qui
1231 1877 1384 1923 debeat,

53 1915 122 1952 sed
157 1916 275 1956 etiam
309 1919 417 1969 illud,
449 1925 516 1974 qui
551 1928 674 1976 possit
705 1931 865 1980 ulcisci,-
904 1933 943 1971 in
973 1947 1053 1985 quo
1084 1946 1294 1990 utrumque
1325 1943 1382 1988 sit,

51 1989 142 2016 eum
172 1982 412 2031 superiorem
442 2000 537 2035 esse,
570 1990 611 2029 in
640 2006 720 2042 quo
752 1998 992 2046 alterutrum,
1026 2000 1065 2038 in
1097 2015 1145 2041 eo
1175 2017 1256 2043 non
1286 2007 1383 2056 quid

48 2040 80 2080 is
110 2044 212 2092 velit,
244 2049 314 2086 sed
344 2050 441 2099 quid
473 2054 599 2094 facere
631 2059 764 2107 possit,
797 2065 931 2112 quaeri
963 2067 1098 2106 solere.
1160 2069 1316 2117 Quodsi
1346 2073 1380 2112 ei
1402 2086 1444 2118 54

0 2122 30 2153 50
47 2108 297 2156 potissimum
329 2127 466 2155 censes
501 2121 672 2168 permitti
700 2134 880 2174 oportere
908 2133 1121 2172 accusandi
1143 2142 1379 2184 potestatem

47 2172 109 2211 cui
148 2176 358 2217 maximam
391 2181 435 2220 C.
467 2184 608 2224 Verres
648 2187 828 2230 iniuriam
868 2195 1011 2243 fecerit,
1047 2206 1177 2238 utrum
1216 2203 1377 2242 tandem

88 2286 108 2306 2
130 2278 172 2309 ad
197 2280 386 2314 columnam
413 2284 583 2319 Maemam
600 2289 676 2321 Asc.
697 2303 703 2322 τ
727 2303 745 2323 a
764 2294 918 2328 columna
935 2309 1053 2339 aenea,
1071 2312 1096 2334 s.
1114 2313 1210 2343 enea,
1229 2316 1254 2336 s.
1275 2317 1375 2338 aerea

43 2319 130 2352 codd.
268 2334 306 2365 15
331 2331 365 2357 tu
383 2338 449 2359 om.
468 2329 556 2361 Dal.
667 2345 710 2366 20
734 2343 785 2368 est
801 2341 880 2371 coni.
898 2341 1007 2373 Halm
1108 2348 1150 2377 28
1174 2349 1372 2382 alterutrum

43 2361 209 2406 DLqu:
243 2369 386 2402 alterum
405 2377 514 2403 utrum
534 2374 575 2414 G2
593 2387 600 2406 τ
634 2377 774 2411 alterum
796 2381 905 2422 Gler
919 2385 990 2418 edd.
1006 2386 1070 2429 (Cl.
1090 2388 1170 2421 Rev.
1192 2393 1272 2423 xvii.
1296 2395 1372 2435 199)

84 2428 147 2452 cxc.
167 2431 247 2454 vta.
1265 2449 1282 2479 ·2
