1600 2704
94 95 147 143 67
173 101 227 132 161
538 96 594 133 M.
625 96 793 133 TVLLI
826 95 1131 135 CICERONIS

85 209 142 243 162
167 220 235 257 per
255 206 334 244 vim
356 205 619 244 multitudinis
640 207 786 244 factum
809 218 894 244 esse
914 205 1119 244 videretur.
1180 205 1282 245 Cum
1304 206 1380 244 hoc
1401 218 1490 244 con-

168 271 255 309 silio
276 278 423 310 statuas
440 270 688 321 Centuripini
708 270 867 320 publice
881 270 1137 316 sustulissent,
1157 269 1267 308 audit
1282 271 1467 309 Metellus
1482 285 1492 318 3

164 335 330 385 graviter
369 337 466 383 fert3
506 343 643 374 evocat
681 336 733 374 ad
774 348 815 373 se
855 334 1205 385 Centuripinorum
1244 334 1491 384 magistratus

164 409 201 438 et
236 402 375 439 decem
415 400 587 450 primos,
629 399 704 438 nisi
741 399 1001 438 restituissent
1039 406 1196 445 statuas,
1239 400 1492 438 vehementer

165 465 343 503 minatur.
404 464 466 503 Illi
492 465 544 503 ad
572 471 750 503 senatum
780 464 1028 502 renuntiant:
1060 471 1221 511 statuae,
1250 477 1351 513 quae
1380 463 1490 503 istius

163 543 304 568 causae
333 529 430 567 nihil
460 530 702 579 prodessent,
734 536 977 578 reponuntur
992 543 1001 575 3
1029 530 1187 567 decreta
1217 527 1490 577 Centuripino-

162 608 259 641 rum,
287 607 387 643 quae
417 595 467 631 de
497 593 633 631 statuis
662 601 771 632 erant
800 594 913 640 facta,
944 606 1024 631 non
1052 594 1251 632 tolluntur.
1311 592 1392 631 Hic
1416 606 1489 643 ego

161 658 268 696 aliud
298 657 362 695 alii
391 658 593 695 concedo:
631 658 806 704 Metello,
839 657 990 695 homini
1020 657 1197 707 sapienti,
1226 670 1383 707 prorsus
1407 671 1488 696 non

162 736 322 773 possum
363 721 565 771 ignoscere
603 721 634 759 si
673 721 769 771 quid
812 723 928 760 stulte
966 721 1067 760 facit.
1127 722 1266 770 Quid?
1308 722 1372 760 ille
1410 723 1487 761 hoc

161 788 324 837 putabat
371 785 483 825 Verri
523 785 778 824 criminosum
821 788 913 834 fore,
956 786 988 824 si
1034 794 1185 825 statuae
1225 786 1309 824 eius
1356 794 1486 825 essent

161 851 349 899 deiectae,
390 852 499 901 quod
538 864 655 901 saepe
692 857 811 889 vento
847 858 915 888 aut
953 851 1086 901 aliquo
1122 864 1215 889 casu
1247 850 1328 889 fieri
1359 852 1487 890 solet?

161 917 255 955 Non
285 923 366 954 erat
395 915 434 953 in
466 917 541 954 hoc
571 928 702 965 neque
730 914 880 954 crimen
909 917 1032 954 ullum
1062 928 1192 965 neque
1220 915 1483 965 reprehensio.

162 984 221 1019 Ex
268 995 348 1031 quo
393 981 508 1031 igitur
555 980 703 1019 crimen
748 988 867 1030 atque
909 980 1108 1019 accusatio
1152 980 1353 1019 nascitur?
1427 982 1486 1018 Ex

86 1021 140 1060 68
161 1047 368 1084 hominum
403 1045 550 1085 iudicio
584 1053 622 1084 et
655 1047 867 1084 voluntate.
928 1048 1024 1096 Ego,
1057 1045 1087 1083 si
1123 1047 1309 1084 Metellus
1339 1052 1484 1084 statuas

80 1083 139 1121 163
179 1113 193 1122 Ἴ

75 1959 131 1999 164

160 1111 441 1162 Centuripinos
462 1124 651 1161 reponere
671 1125 752 1150 non
776 1110 981 1162 coegisset,
1002 1112 1100 1150 haec
1121 1111 1304 1158 dicerem,
1327 1110 1481 1158 Videte,

159 1176 319 1223 iudices,
338 1184 529 1226 quantum
551 1183 588 1214 et
609 1189 728 1226 quam
747 1176 933 1215 acerbum
954 1177 1131 1214 dolorem
1152 1175 1348 1214 sociorum
1368 1183 1485 1225 atque

157 1240 374 1279 amicorum
390 1240 531 1278 animis
552 1239 761 1278 inusserint
781 1239 892 1278 istius
908 1240 1083 1287 iniuriae,
1099 1254 1189 1278 cum
1212 1239 1485 1290 Centuripino-

157 1318 242 1342 rum
274 1304 513 1342 amicissima
543 1317 590 1342 ac
624 1303 852 1343 fidelissima
883 1304 1029 1352 civitas,
1061 1318 1162 1354 quae
1196 1305 1313 1343 tantis
1347 1304 1484 1343 officiis

156 1383 246 1407 cum
287 1371 437 1418 populo
476 1370 661 1407 Romano
699 1368 912 1407 coniuncta
945 1376 1002 1408 est
1040 1377 1082 1407 ut
1121 1382 1201 1407 non
1236 1370 1483 1415 solumssrem

156 1433 356 1484 publicam
395 1441 580 1480 nostram,
621 1434 691 1471 sed
730 1433 847 1471 etiam
887 1433 927 1471 in
959 1433 1098 1484 quovis
1133 1433 1293 1471 homine
1332 1432 1483 1484 privato

156 1512 302 1537 nomen
350 1498 481 1548 ipsum
530 1500 757 1536 Romanum
799 1511 953 1548 semper
1000 1498 1187 1545 dilexerit,
1229 1512 1276 1537 ea
1322 1498 1482 1548 publico

155 1564 321 1603 consilio
341 1572 460 1614 atque
484 1563 714 1602 auctoritate
739 1563 918 1602 iudicarit
940 1565 986 1603 C.
1007 1563 1139 1603 Verris
1167 1570 1313 1602 Statuas
1337 1576 1422 1602 esse
1442 1563 1481 1600 in

156 1630 251 1668 urbe
273 1643 343 1668 sua
363 1643 443 1668 non
464 1637 653 1679 oportere.
699 1628 921 1667 Recitarem
943 1630 1100 1667 decreta
1116 1628 1463 1679 Centuripinorum
1470 1643 1480 1675 ,-

155 1696 354 1733 laudarem
404 1695 509 1732 illam
557 1694 765 1741 civitatem,
815 1694 856 1732 id
903 1695 1011 1744 quod
1059 1694 1257 1732 verissime
1300 1707 1481 1744 possem,

156 1772 509 1797 commemorarem
537 1760 676 1797 decem
702 1758 808 1796 milia
835 1758 978 1796 civium
1005 1771 1089 1797 esse
1118 1758 1477 1808 Centuripinorum,

156 1824 455 1863 fortissimorum
486 1823 883 1875 fidelissimorumque
912 1824 1133 1871 sociorum,
1163 1837 1230 1862 eos
1255 1823 1383 1861 omnis
1405 1825 1480 1862 hoc

155 1889 346 1936 statuisse,
378 1896 682 1927 monumentum
717 1887 827 1926 istius
858 1888 896 1925 in
927 1901 997 1926 sua
1026 1887 1182 1926 civitate
1213 1890 1364 1926 nullum
1397 1901 1481 1927 esse

155 1961 346 2004 oportere.
409 1954 523 1991 Haec
544 1960 628 1990 tum
659 1951 842 1999 dicerem,
872 1952 904 1990 si
934 1959 1079 1990 statuas
1104 1954 1288 1990 Metellus
1318 1966 1399 1991 non
1427 1966 1481 1991 re-

201 2067 213 2086 1
242 2066 317 2087 esse
337 2055 419 2087 CO:
444 2066 507 2086 om.
529 2054 593 2087 rell.
685 2065 704 2094 3
729 2055 986 2094 Centuripinum
1005 2055 1234 2094 magistratum
1253 2055 1341 2086 codd.
1355 2059 1484 2095 praeter

156 2099 215 2129 CO
325 2109 344 2137 5
370 2100 514 2130 minatur
533 2098 609 2130 COb
626 2109 633 2128 ε
657 2099 708 2128 his
727 2099 873 2129 minatur
890 2110 910 2127 π
1034 2099 1055 2127 6
1078 2099 1214 2129 decreta
1232 2122 1239 2129 .
1261 2124 1267 2129 .
1293 2123 1298 2129 .
1317 2100 1480 2130 tolluntur

156 2142 215 2173 CO
232 2154 238 2172 :
263 2153 325 2172 om-
342 2148 365 2182 j>
378 2143 442 2174 rell.
616 2152 654 2173 10
677 2147 754 2173 stat.
773 2143 846 2172 eius
864 2141 924 2172 CO
942 2153 949 2172 ε
973 2142 1044 2172 eius
1061 2147 1137 2172 stat.
1152 2142 1195 2181 ph
1212 2141 1282 2173 cdd.
1441 2152 1478 2181 15

155 2186 295 2217 Centur.
316 2195 483 2224 reponere
506 2185 581 2217 CO:
609 2196 678 2224 rep.
699 2185 839 2216 Centur.
855 2185 896 2225 pb
913 2186 1002 2225 vulg.
1153 2186 1235 2215 haec
1257 2185 1324 2225 Cp:
1349 2186 1411 2215 hoc
1430 2185 1479 2216 Ob

158 2229 194 2258 18
219 2239 256 2258 ac
269 2229 334 2269 qu
351 2240 356 2259 :
382 2240 445 2259 om.
467 2228 526 2259 CO
543 2240 548 2258 :
573 2233 607 2258 et
625 2228 711 2268 vulg.
858 2239 895 2258 21
925 2228 1113 2259 Romanum
1134 2227 1192 2258 CO
1209 2240 1215 2258 :
1248 2239 1355 2258 -orum
1369 2234 1393 2269 p
1410 2229 1475 2259 rell.

155 2282 196 2310 24
223 2271 394 2302 laudarem
420 2272 473 2302 illa
497 2273 636 2302 decreta
661 2272 831 2302 civitatem
858 2271 925 2303 CO¹
945 2272 1054 2310 :forte
1069 2272 1239 2302 laudarem
1258 2272 1313 2302 illa
1331 2273 1475 2310 decreta,

155 2315 325 2345 laudarem
345 2315 434 2345 illam
456 2316 624 2345 civitatem
799 2324 840 2353 25
866 2315 988 2345 civium
1006 2325 1081 2346 esse
1100 2313 1159 2345 CO
1176 2326 1182 2344 :
1207 2325 1282 2345 esse
1300 2315 1417 2345 civium
1434 2327 1455 2344 π
1472 2326 1478 2345 :

155 2368 232 2389 esse
249 2368 314 2390 om.
333 2358 369 2388 ὒδ

1511 474 1528 507 5

1509 798 1548 821 10

1509 1125 1543 1158 ¹5

1505 1449 1542 1471 20
