1600 2704
59 104 101 143 71

48 765 102 805 72

39 820 101 858 184

125 101 186 142 183
499 95 554 131 M.
586 94 755 131 TVLLI
787 94 1096 133 CICERONIS

122 205 389 245 conscientiae
420 205 605 255 contagio
631 204 854 255 pertinebit.
915 204 1089 244 Proinde
1117 204 1149 243 si
1177 205 1245 256 qui
1272 213 1364 244 sunt
1391 205 1458 255 qui

121 271 160 309 in
182 273 258 310 hoc
278 284 345 309 reo
365 277 431 309 aut
451 276 634 320 potentes
653 277 721 308 aut
740 271 912 309 audaces
931 277 999 308 aut
1023 269 1192 308 artifices
1216 271 1268 309 ad
1289 284 1459 309 corrum-

121 336 296 385 pendum
324 334 515 374 iudicium
535 334 656 372 velint
686 347 781 382 esse,
808 334 862 372 ita
891 334 969 372 sint
993 334 1117 384 parati
1141 341 1184 373 ut
1210 335 1458 385 disceptante

121 401 270 449 populo
299 401 487 438 Romano
521 411 677 437 mecum
713 398 787 436 sibi
818 412 901 437 rem
933 397 1094 437 videant
1133 399 1332 446 futuram3
1361 406 1399 437 et
1426 398 1458 437 si

121 477 185 503 me
209 464 249 502 in
276 465 352 503 hoc
382 477 464 511 reo,
483 476 604 514 quem
628 462 726 501 mihi
753 462 958 501 inimicum
986 462 1107 502 Siculi
1134 464 1342 510 dederunt,
1366 462 1458 502 satis
1479 475 1496 506 5

121 531 409 576 vehementem,
450 527 543 566 satis
581 535 912 578 perseverantem,
953 527 1046 566 satis
1094 527 1322 578 vigilantem
1371 541 1458 566 esse

121 601 353 644 cognorunt,
393 591 617 631 existiment
657 592 698 630 in
737 592 783 630 iis
815 591 1046 631 hominibus
1076 605 1245 643 quorum
1280 606 1354 643 ego
1389 593 1458 630 ini—

121 658 286 696 micitias
329 657 467 708 populi
515 655 690 695 Romani
737 656 872 695 salutis
919 669 1039 695 causa
1078 669 1288 707 suscepero
1332 659 1457 696 multo

119 722 336 773 graviorem
366 729 486 771 atque
515 720 707 760 acriorem
736 722 923 760 futurum.

175 789 294 826 Nunc
332 794 381 833 te,
424 786 602 836 Iuppiter
639 785 803 836 Optime
843 785 1029 833 Maxime,
1061 785 1172 824 cuius
1202 785 1274 825 iste
1303 787 1456 825 donum
1479 801 1519 827 10

120 854 258 902 regale,
287 851 453 902 dignum
482 858 552 889 tuo
580 850 846 900 pulcherrimo
875 852 1037 900 templo,
1067 850 1231 900 dignum
1257 850 1457 900 Capitolio

120 926 240 967 atque
268 916 341 955 ista
371 929 460 955 arce
489 916 669 954 omnium
702 915 923 963 nationum,
947 915 1112 965 dignum
1144 915 1251 965 regio
1282 929 1456 963 munere,

121 983 192 1021 tibi
209 984 354 1021 factum
373 982 423 1019 ab
437 980 604 1031 regibus,
623 980 695 1018 tibi
708 981 884 1019 dicatum
898 988 1017 1030 atque
1033 981 1281 1030 promissum,
1305 994 1375 1031 per
1394 994 1459 1020 ne-

122 1047 261 1085 farium
282 1048 409 1086 scelus
431 1048 481 1086 de
509 1045 692 1084 manibus
719 1045 833 1096 regiis
860 1044 1031 1093 extorsit,
1053 1045 1245 1095 cuiusque
1266 1045 1460 1084 sanctissi-

122 1125 231 1149 mum
248 1110 614 1161 etpulcherrimum
636 1110 888 1149 simulacrum
905 1109 1105 1160 Syracusis
1126 1110 1282 1148 sustulit
1297 1124 1308 1158 3
1327 1117 1456 1160 teque,
1481 1126 1518 1158 15

124 1178 228 1215 Iuno
267 1176 431 1227 Regina,
472 1176 583 1214 cuius
622 1177 703 1214 duo
751 1177 842 1214 fana
879 1175 1036 1214 duabus
1075 1175 1115 1213 in
1154 1175 1292 1214 insulis
1330 1175 1459 1225 posita

122 1241 332 1289 sociorum,
373 1241 537 1280 Melitae
575 1248 613 1279 et
654 1240 771 1287 Sarni,
809 1240 1055 1279 sanctissima
1094 1248 1133 1279 et
1171 1240 1455 1290 antiquissima,

122 1305 239 1344 simili
277 1308 423 1345 scelere
469 1305 577 1344 idem
625 1305 698 1344 iste
745 1305 932 1344 omnibus
979 1304 1096 1344 donis
1135 1305 1458 1355 ornamentisque

124 1371 286 1410 nudavit
300 1385 311 1419 3
340 1378 470 1421 teque,
495 1371 686 1417 Minerva,
710 1383 829 1420 quam
856 1370 949 1408 item
982 1370 1141 1409 duobus
1172 1370 1213 1408 in
1235 1369 1458 1408 clarissimis

122 1444 160 1474 et
181 1435 481 1487 religiosissimis
497 1435 655 1486 templis
676 1434 872 1486 expilavit,
893 1434 1072 1482 Athenis,
1095 1448 1187 1473 cum
1208 1434 1290 1473 auri
1310 1436 1459 1484 grande
1480 1451 1520 1474 20

122 1502 291 1550 pondus,
328 1500 540 1551 Syracusis,
562 1513 653 1538 cum
684 1499 819 1538 omnia
848 1507 1001 1550 praeter
1035 1507 1185 1538 tectum
1219 1507 1258 1538 et
1291 1498 1458 1550 parietes

88 1580 98 1588 ’
121 1565 282 1604 abstulit
299 1580 309 1613 3
352 1573 482 1616 teque,
513 1567 667 1604 Latona
698 1572 736 1603 et
767 1566 914 1615 Apollo
946 1572 983 1603 et
1012 1563 1153 1612 Diana,
1187 1577 1356 1614 quorum
1385 1564 1459 1603 iste

123 1630 214 1669 Deli
247 1644 329 1669 non
364 1632 511 1678 fanum,
547 1631 628 1677 sed,
665 1637 708 1668 ut
738 1629 947 1668 hominum
982 1629 1118 1679 opinio
1143 1637 1181 1668 et
1208 1628 1343 1679 religio
1372 1630 1456 1676 fert,

122 1697 258 1735 sedem
289 1695 494 1745 antiquam
529 1694 789 1744 divinumque
826 1693 1072 1732 domicilium
1111 1700 1307 1732 nocturno
1345 1695 1460 1731 latro-

122 1760 229 1799 cinio
261 1767 380 1810 atque
419 1759 569 1809 impetu
609 1758 862 1808 compilavit3
910 1758 1027 1796 etiam
1066 1765 1115 1805 te,
1152 1759 1310 1808 Apollo,
1337 1771 1457 1808 quern
1478 1772 1517 1805 25

122 1825 196 1864 iste
222 1824 326 1865 Chio
350 1824 536 1872 sustulit,
563 1831 682 1874 teque
709 1823 826 1862 etiam
857 1831 976 1873 atque
1006 1823 1136 1870 etiam,
1164 1822 1305 1870 Diana,
1336 1836 1456 1873 quam

123 1891 270 1940 Pergae
300 1889 492 1940 spoliavit,
519 1888 631 1927 cuius
661 1888 913 1926 simulacrum
942 1887 1232 1926 sanctissimum
1260 1889 1456 1938 Segestae,

123 1955 182 1993 bis
210 1946 317 2005 apud
341 1955 576 2003 Segestanos
608 1961 895 2001 consecratum,
917 1954 1038 1991 semel
1058 1952 1233 2003 ipsorum
1254 1952 1454 2002 religione,

121 2019 262 2059 iterum
310 2020 352 2057 P.
393 2018 568 2057 Africani
607 2018 779 2064 victoria,
821 2018 1042 2056 tollendum
1089 2019 1454 2068 asportandumque

123 2083 295 2131 curavit;
336 2090 467 2134 teque,
497 2083 681 2130 Mercuri,
714 2096 833 2133 quem
855 2085 996 2121 Verres
1026 2081 1066 2120 in
1096 2083 1218 2121 domo
1246 2089 1285 2120 et
1313 2081 1352 2119 in
1382 2080 1456 2132 pri·
1475 2094 1517 2126 30

123 2157 211 2187 vata
229 2148 362 2199 aliqua
381 2150 574 2199 palaestra
594 2148 735 2198 posuit,
761 2150 802 2186 P.
826 2147 1034 2187 Africanus
1064 2147 1105 2186 in
1133 2147 1229 2186 urbe
1255 2146 1454 2185 sociorum

169 2262 206 2289 14
232 2253 384 2282 manibus
403 2252 493 2292 regis
510 2256 552 2291 ᾳλ
573 2253 608 2292 (i.
619 2262 642 2283 e.
661 2251 727 2283 cod.
748 2251 887 2292 Lctmb.)
904 2263 910 2282 :
950 2251 1059 2283 manis
1075 2251 1211 2290 regibus
1228 2250 1261 2281 R
1279 2262 1285 2281 :
1325 2250 1456 2289 magnis

124 2296 260 2335 regibus
285 2294 400 2326 SDW:
435 2297 525 2334 regis
551 2295 670 2335 (regiis
699 2297 732 2335 δ)
759 2296 912 2326 manibus
934 2295 998 2335 pka
1134 2305 1173 2333 19
1199 2295 1278 2325 item
1306 2293 1361 2324 R:
1392 2294 1456 2324 iste

126 2339 164 2378 (s.
179 2339 197 2368 l.
218 2339 315 2378 item)
333 2338 383 2370 S:
409 2340 487 2369 item
506 2340 570 2370 iste
587 2338 671 2369 DW:
699 2338 763 2369 iste
775 2340 818 2378 p&
921 2348 964 2377 30
988 2338 1021 2369 in
1039 2337 1119 2368 villa
1130 2338 1177 2377 pk
1279 2346 1317 2375 31
1343 2337 1456 2376 aliqua

118 2384 164 2421 pk
182 2394 187 2412 z
212 2383 326 2420 aitqua
342 2382 376 2412 R
395 2394 401 2412 τ
425 2382 563 2422 altaque
580 2381 644 2413 SD
733 2382 846 2421 posuit
858 2383 902 2421 ρδ
919 2393 925 2411 :
950 2392 1016 2412 om.
1037 2380 1137 2413 RSD
