1600 2704
1506 39 1525 52 „a
1549 34 1572 58 :⁰
1590 32 1596 39 fv

89 86 358 126 ACTIONIS
389 86 450 125 IN
480 85 528 125 C.
548 86 792 124 VERREM
823 86 1122 127 SECVNDAE
1154 89 1258 127 LIB.
1281 90 1319 126 V
1368 91 1423 129 26
1445 95 1486 128 66

87 195 329 247 gratissimus
360 196 509 246 populo
542 196 728 234 Romano
756 194 828 234 fuit
855 203 893 235 et
926 196 1264 237 iucundissimus?
1320 200 1425 248 Quia

88 260 186 299 nihil
219 268 277 299 est
307 259 468 299 victoria
499 259 665 307 dulcius,
699 261 852 298 nullum
884 268 944 300 est
982 269 1114 300 autem
1155 263 1425 303 testimonium

88 324 273 364 victoriae
303 324 444 364 certius
469 337 599 375 quam,
623 337 724 374 quos
754 338 870 375 saepe
899 326 1093 374 metueris,
1118 339 1186 366 eos
1208 334 1246 366 te
1274 328 1425 367 vinctos

87 390 139 429 ad
171 388 407 440 supplicium
438 388 531 429 duci
565 388 709 429 videre.
770 391 863 429 Hoc
896 398 937 429 tu
971 404 1090 442 quarn
1130 392 1184 431 ob
1224 405 1305 431 rem
1344 406 1425 432 non
1445 404 1487 444 67

49 469 68 501 5
86 455 246 494 fecisti?
284 467 405 506 quam
430 454 484 493 ob
518 468 600 494 rem
633 455 688 495 ita
722 454 846 507 pirata
874 455 947 494 iste
981 458 1201 495 occultatus
1229 464 1287 495 est
1314 458 1426 507 quasi

87 534 179 560 eum
214 520 336 572 aspici
368 521 478 559 nefas
518 523 653 560 esset?
701 533 820 571 quam
853 520 905 559 ob
945 534 1026 559 rem
1068 521 1305 572 supplicium
1344 534 1425 561 non

87 586 320 637 sumpsisti?
349 598 467 636 quam
495 585 548 625 ob
573 599 731 625 causam
762 585 965 625 hominem
995 586 1229 625 reservasti?
1258 600 1425 637 ecquem

88 650 163 690 scis
195 650 235 689 in
270 649 401 689 Sicilia
431 657 548 689 antea
575 658 735 701 captum
771 650 1044 701 archipiratam
1079 651 1146 702 qui
1186 664 1268 691 non
1300 652 1426 691 securi

87 727 295 766 percussus
315 714 395 753 sit?
449 716 585 753 Vnum
606 716 706 754 cedo
725 723 927 755 auctorem
950 716 1006 755 tui
1027 716 1132 765 facti,
1153 716 1268 756 unius
1298 718 1427 767 profer

30 797 70 820 10
88 782 324 831 exemplum.
383 779 529 819 Vivum
562 787 604 819 tu
629 780 902 831 archipiratam
936 781 1142 820 servabas:
1172 783 1285 832 quo?
1336 783 1428 820 <Per

88 846 346 897 triumphum,
359 847 490 893 credo,
512 859 632 896 quem
652 853 744 884 ante
764 859 919 884 currum
941 853 1053 884 tuum
1075 847 1239 885 duceres
1258 861 1267 893 ;
1297 859 1427 897 neque

87 911 195 950 enim
216 912 429 962 quicquam
449 918 530 950 erat
562 912 756 962 reliquum
778 910 853 949 nisi
874 910 930 950 uti
951 912 1074 950 classe
1094 910 1231 961 populi
1252 911 1424 950 Romani

87 977 351 1027 pulcherrima
387 976 531 1015 amissa
569 975 850 1028 provinciaque
888 977 1056 1014 lacerata
1094 975 1315 1026 triumphus
1355 975 1426 1014 tibi

88 1042 236 1081 navalis
261 1043 547 1081 decerneretur.

31 1124 67 1157 15
142 1108 228 1156 Age
248 1119 374 1157 porro,
396 1106 585 1146 custodiri
605 1107 748 1146 ducem
769 1107 1015 1157 praedonum
1038 1118 1144 1146 novo
1171 1118 1279 1144 more
1307 1118 1426 1155 quam
1446 1090 1495 1172 ΞΞ

88 1170 213 1210 securi
230 1171 331 1210 feriri
348 1171 527 1210 omnium
548 1173 731 1221 exemplo
745 1170 868 1221 magis
884 1170 1040 1222 placuit.
1093 1172 1207 1220 Quae
1224 1178 1315 1208 sunt
1332 1170 1428 1209 istae

87 1236 321 1275 custodiae?
364 1236 470 1286 apud
499 1248 598 1286 quos
629 1235 822 1283 homines,
851 1249 970 1286 quem
1003 1237 1054 1275 ad
1087 1237 1251 1275 modum
1278 1243 1335 1274 est
1362 1236 1429 1274 ad-

88 1304 293 1341 servatus?
349 1302 577 1340 Lautumias
603 1301 864 1351 Syracusanas
892 1314 1031 1340 omnes
1053 1300 1228 1347 audistis,
1251 1300 1428 1351 plerique

88 1367 223 1406 nostis.
273 1366 386 1417 Opus
403 1373 461 1405 est
482 1365 631 1416 ingens,
648 1366 912 1416 magnificum,
936 1378 1070 1415 regum
1085 1378 1130 1404 ac
1147 1372 1401 1415 tyrannorum
1418 1380 1427 1413 ;

0 1483 1 1486 Ἴ
29 1446 71 1469 20
89 1439 217 1470 totum
239 1438 296 1470 est
325 1444 346 1469 e
366 1444 460 1469 saxo
481 1430 520 1468 in
541 1431 760 1470 mirandam
782 1430 1032 1470 altitudinem
1053 1432 1242 1482 depresso
1266 1439 1304 1470 et
1332 1433 1428 1470 mul-

0 1493 1 1497 *
89 1504 219 1536 torum
240 1496 368 1547 operis
389 1496 544 1546 penitus
566 1495 723 1543 exciso;
752 1496 849 1534 nihil
878 1503 957 1535 tam
981 1497 1157 1535 clausum
1185 1498 1236 1536 ad
1266 1498 1425 1545 exitum,

88 1561 185 1600 nihil
215 1570 295 1600 tam
323 1568 502 1612 saeptum
528 1560 718 1611 undique,
734 1560 831 1599 nihil
863 1568 942 1600 tam
974 1568 1101 1600 tutum
1129 1563 1179 1601 ad
1204 1562 1426 1601 custodiam

88 1640 162 1666 nec
201 1625 284 1665 fieri
323 1639 396 1665 nec
434 1625 595 1677 cogitari
634 1624 774 1677 potest.
835 1626 883 1664 In
924 1627 993 1664 has
1033 1626 1252 1674 lautumias,
1294 1627 1325 1666 si
1359 1627 1427 1677 qui

89 1691 247 1743 publice
278 1690 529 1730 custodiendi
557 1699 658 1738 sunt,
686 1691 805 1730 etiam
840 1705 887 1731 ex
918 1692 1056 1731 ceteris
1085 1692 1242 1744 oppidis
1273 1692 1428 1732 Siciliae

31 1770 70 1803 25
89 1756 235 1797 deduci
287 1756 536 1808 imperantur.
621 1758 684 1795 Eo
739 1758 849 1806 quod
898 1759 1043 1797 multos
1095 1758 1271 1810 captivos
1332 1759 1427 1799 civis
1447 1766 1489 1808 69

91 1823 297 1861 Romanos
332 1823 564 1870 coniecerat,
606 1823 715 1873 quod
755 1824 897 1862 eodem
936 1832 1086 1864 ceteros
1126 1824 1269 1875 piratas
1308 1825 1428 1865 condi

0 1891 1 1896 ’
90 1886 308 1938 imperarat,
341 1886 540 1934 intellexit,
575 1888 606 1926 si
651 1888 758 1927 hunc
797 1889 1039 1928 subditivum
1072 1890 1348 1941 archipiratam
1387 1890 1427 1928 in

0 1897 2 1991 i
89 1953 258 1991 eandem
296 1951 519 1990 custodiam
550 1951 738 2001 dedisset,
763 1955 845 1993 fore
872 1961 914 1993 ut
938 1968 961 1993 a
997 1954 1128 1994 multis
1153 1954 1193 1993 in
1228 1954 1428 1994 lautumiis

90 2030 203 2056 verus
224 2017 289 2055 ille
309 2018 388 2055 dux
409 2024 667 2068 quaereretur.
729 2019 871 2070 Itaque
902 2019 1105 2060 hominem
1138 2020 1230 2059 huic
1254 2021 1428 2071 optimae

31 2094 74 2127 30
92 2081 391 2131 tutissimaeque
436 2083 641 2123 custodiae
679 2096 761 2124 non
798 2086 918 2124 audet
957 2086 1215 2134 committere,
1254 2086 1428 2137 denique

135 2196 156 2226 3
181 2186 320 2217 eosdem
339 2186 473 2217 vinctos
489 2187 506 2216 δ
654 2196 673 2227 5
701 2187 830 2220 celatus
849 2194 900 2220 est
917 2191 933 2219 δ
1067 2200 1084 2230 7
1111 2200 1252 2230 ecquem
1271 2190 1395 2221 audisti
1412 2192 1429 2220 δ

93 2230 113 2260 8
137 2231 172 2261 in
193 2229 306 2261 Sicilia
325 2228 383 2260 del.
404 2228 566 2261 Zielinski
698 2241 736 2262 12
761 2237 834 2263 erat
851 2233 916 2264 iam
933 2234 950 2263 δ
1100 2235 1140 2265 16
1164 2234 1269 2266 ferire
1285 2233 1350 2264 RS
1367 2234 1428 2275 (iv,

95 2276 110 2311 ξ
133 2274 207 2313 123)
433 2283 475 2304 20
500 2284 518 2304 e
544 2273 611 2306 cod.
631 2272 751 2307 Lamb.
770 2286 776 2306 ε
804 2286 823 2306 a
840 2275 925 2308 RS:
949 2287 993 2308 ex
1005 2278 1048 2317 p&
1227 2278 1427 2317 depressum

93 2339 158 2391 ἑὸ.
176 2316 325 2389 excisum
345 2318 361 2346 δ
516 2327 554 2349 21
583 2318 695 2350 exitus
713 2319 730 2349 δ
891 2321 933 2351 28
957 2321 990 2352 in
1008 2320 1179 2353 lautumiis
1198 2321 1265 2352 secl.
1283 2321 1428 2353 Richter-

144 2370 242 2390 errat·
