1600 2704
1415 47 1433 54 β
1464 51 1526 58 ν«-

96 100 364 138 ACTIONIS
386 100 447 138 IN
468 99 513 138 c.
531 100 774 137 VERREM
795 100 1096 138 SECVNDAE
1117 101 1220 138 LIB.
1245 102 1311 138 111
1374 109 1423 148 57
1445 72 1507 146 1'3'0

94 209 210 248 istum
249 209 460 259 plurimum
498 216 650 260 poterat
688 209 958 259 maximosque
995 223 1108 259 agros
1147 212 1419 260 populabatur,

93 273 304 324 Apronius,
326 286 559 323 perparvum
579 287 627 311 ex
652 272 726 311 illis
748 273 898 323 magnis
918 273 1034 311 lucris
1060 275 1112 312 ad
1139 287 1180 312 se
1206 275 1419 324 pervenire,

92 345 311 388 praetorem
342 351 427 376 esse
461 337 622 376 socium.
684 339 776 375 Hoc
811 351 901 375 cum
933 339 1063 387 palam
1097 338 1309 376 decumani
1341 346 1422 376 tota
1446 354 1502 384 131

91 401 293 453 provincia
330 404 582 452 loquerentur
616 410 808 452 tuumque
843 415 991 441 nomen
1029 402 1070 440 in
1108 416 1149 441 re
1191 410 1272 440 tam
1320 403 1421 452 turpi

54 466 318 516 5nefariaque
364 466 668 516 interponerent,
709 466 860 505 nihilne
898 466 970 505 tibi
1008 466 1115 505 venit
1163 466 1202 505 in
1247 475 1421 505 mentem

91 531 368 570 existimationi
388 539 479 570 tuae
498 533 714 578 consulere,
739 531 836 570 nihil
857 531 1030 582 denique
1050 532 1169 582 capiti
1189 546 1235 570 ac
1256 532 1421 570 fortunis

90 596 166 634 tuis
185 596 422 646 providere?
451 609 541 634 curn
562 596 618 634 tui
635 596 807 634 nominis
828 605 948 635 terror
968 596 1008 634 in
1022 596 1181 635 auribus
1201 596 1422 647 animisque

89 668 284 699 aratorum
305 668 530 708 versaretur,
553 674 644 699 curn
666 661 876 700 decumani
896 661 1114 700 aratoribus
1138 662 1189 700 ad
1219 661 1422 711 pactiones

90 725 289 764 faciendas
318 739 400 764 non
429 739 540 764 suam
574 725 664 773 vim,
698 727 768 765 sed
798 734 910 764 tuum
941 727 1068 765 scelus
1099 739 1145 764 ac
1174 739 1322 764 nomen
1355 739 1422 776 op—

34 806 72 828 10
90 798 291 841 ponerent.
343 792 512 840 Ecquod
546 790 735 829 iudicium
768 793 921 830 Romae
951 798 1031 829 tam
1061 790 1309 837 dissolutum,
1340 798 1421 828 tam

89 854 297 905 perditum,
329 863 409 893 tam
441 855 706 893 nummarium
734 856 817 894 fore
846 855 1003 905 putasti,
1027 868 1107 905 quo
1137 869 1184 894 ex
1207 854 1354 893 iudicio
1382 862 1420 893 te

89 921 167 958 ulla
187 921 299 958 Salus
319 933 471 958 servare
491 921 656 970 posset?
685 933 776 958 cum
797 921 959 969 planum
980 921 1100 965 fieret,
1123 919 1301 958 decumis
1330 932 1421 958 con-

93 992 151 1022 tra
179 983 356 1022 instituta
384 985 488 1033 leges
518 984 928 1033 consuetudinemque
959 983 1138 1022 omnium
1168 983 1347 1029 venditis,
1380 983 1419 1021 in

91 1056 286 1088 aratorum
308 1048 423 1087 bonis
443 1048 688 1098 fortunisque
708 1047 938 1098 diripiendis
959 1049 1202 1086 decumanos
1219 1047 1419 1086 dictitasse

29 1127 68 1159 15
88 1121 174 1152 tuas
195 1127 280 1152 esse
299 1113 428 1164 partis,
451 1121 559 1151 tuam
580 1126 672 1161 rem,
692 1121 798 1151 tuam
821 1113 1018 1162 praedam,
1042 1113 1162 1161 idque
1183 1119 1220 1150 te
1251 1112 1418 1151 tacuisse

87 1187 136 1224 et,
159 1191 251 1216 cum
282 1177 527 1216 dissimulare
555 1190 635 1215 non
666 1190 814 1227 posseS,
837 1176 1012 1227 potuisse
1038 1184 1169 1214 tamen
1201 1176 1350 1226 perpeti
1380 1184 1418 1215 et

86 1244 263 1294 perferre,
295 1243 404 1292 quod
435 1242 668 1292 magnitudo
697 1242 792 1280 lueri
823 1242 1049 1280 obscuraret
1080 1241 1242 1291 periculi
1273 1241 1419 1291 magni-

86 1307 265 1346 tudinem
278 1308 446 1357 plusque
467 1307 669 1357 aliquanto
683 1308 789 1358 apud
811 1315 848 1345 te
869 1306 1061 1357 pecuniae
1083 1306 1277 1356 cupiditas
1299 1320 1417 1356 quam

86 1372 206 1412 iudici
227 1379 354 1411 metus
375 1380 517 1422 posset,

29 1455 68 1478 20
140 1440 249 1484 Esto,
289 1446 418 1476 cetera
455 1451 596 1488 negare
635 1451 715 1476 non
755 1446 891 1488 potes,
929 1451 979 1475 ne
1013 1436 1110 1475 illud
1149 1436 1311 1486 quidem
1347 1435 1498 1481 tibi132

85 1502 278 1552 reliquum
326 1502 461 1549 fecisti,
502 1510 545 1541 ut
587 1503 664 1540 hoc
703 1515 839 1552 posses
885 1501 1029 1548 dicere,
1068 1500 1164 1538 nihil
1204 1513 1339 1539 eorum
1379 1508 1417 1539 te

85 1567 251 1613 audisse,
293 1566 391 1605 nihil
428 1568 480 1606 ad
520 1575 606 1605 tuas
645 1566 747 1605 auris
786 1567 836 1605 de
875 1565 1036 1603 infamia
1073 1573 1140 1603 tua
1178 1565 1412 1614 pervenisse.

86 1632 363 1681 Querebantur
383 1645 473 1670 cum
494 1634 601 1670 luctu
622 1640 660 1670 et
680 1631 828 1681 gemitu
843 1638 1013 1669 aratores
1031 1645 1037 1667 :
1067 1638 1109 1667 tu
1125 1629 1165 1668 id
1182 1629 1415 1668 nesciebas?

85 1697 293 1736 Fremebat
306 1704 388 1735 tota
400 1696 623 1748 provincia:
656 1709 775 1734 nemo
790 1695 831 1734 id
847 1695 917 1733 tibi
934 1694 1213 1733 renuntiabat?
1261 1695 1414 1732 Romae

28 1779 66 1810 25
85 1762 354 1813 querimoniae
370 1764 420 1801 de
436 1761 511 1800 tuis
526 1761 673 1800 iniuriis
687 1768 985 1809 conventusque
1006 1759 1254 1797 habebantur
1273 1773 1279 1796 :
1311 1758 1416 1807 igno-

85 1828 196 1866 rabas
226 1829 356 1866 haec?
395 1827 602 1877 ignorabas
624 1829 721 1865 haec
743 1825 907 1864 omnia?
978 1824 1120 1874 Quid?
1162 1838 1252 1862 cum
1284 1826 1411 1874 palam

84 1893 282 1943 Syracusis
320 1901 358 1932 te
396 1893 582 1931 audiente
621 1892 793 1930 maximo
832 1898 1031 1929 conventu
1067 1891 1109 1928 L.
1149 1889 1322 1928 Rubrius
1362 1891 1411 1938 Q.

84 1957 304 2007 Apronium
337 1957 550 2007 sponsione
580 1956 783 2001 lacessivit,
818 1957 873 1993 N1
910 1957 1128 1992 APRomvs
1162 1965 1414 1992 DICTITARET

84 2034 135 2060 TE
156 2034 233 2060 SIBI
256 2034 301 2060 IN
322 2034 503 2060 Decvms
526 2033 620 2059 ESSE
641 2032 804 2067 SOClVM‚
827 2021 925 2058 haec
956 2027 994 2057 te
1024 2032 1099 2057 vox
1129 2031 1209 2056 non
1237 2018 1412 2068 perculit,

27 2098 66 2129 30
84 2101 165 2126 non
199 2087 448 2138 perturbavit,
477 2100 557 2126 non
587 2095 629 2125 ut
656 2085 774 2136 capiti
803 2093 841 2123 et
875 2084 1039 2123 fortunis
1066 2083 1142 2122 tuis
1172 2083 1414 2134 prospiceres

85 2152 297 2192 excitavit?
352 2151 538 2198 Tacuisti,
562 2150 706 2190 sedasti
736 2150 854 2189 etiam
884 2149 961 2187 litis
988 2149 1155 2195 illorum,
1185 2156 1222 2187 et
1253 2148 1414 2198 sponsio

132 2266 165 2286 11
193 2257 337 2287 immane
365 2256 396 2287 Ο
424 2256 506 2295 (pro
530 2254 772 2293 nummarium>
910 2262 948 2290 13
973 2252 1065 2291 leges
1089 2252 1163 2283 cO:
1189 2251 1276 2292 legis
1294 2257 1320 2292 p
1344 2252 1411 2284 rell.

85 2310 122 2332 21
150 2299 268 2339 reliqui
284 2311 300 2330 c
386 2309 501 2330 eorum
519 2305 552 2330 te
566 2304 590 2338 p
607 2299 673 2329 rell.
694 2310 702 2329 :
726 2303 760 2328 te
778 2306 892 2327 eorum
912 2295 943 2326 Ο
1067 2297 1110 2326 26
1133 2296 1313 2336 ignorabas
1329 2296 1412 2327 haec

85 2353 149 2374 om.
172 2342 202 2373 O
333 2352 373 2382 27
400 2343 434 2375 L.
453 2342 524 2374 cO:
550 2343 584 2374 P.
599 2347 624 2382 p
640 2341 706 2373 rell.
