1600 2704
64 118 332 157 ACTIONIS
353 118 414 156 IN
436 118 481 157 C.
503 116 745 154 VERREM
766 117 1067 157 SECVNDAE
1098 120 1200 157 LIB.
1226 121 1285 158 IV
1342 130 1394 169 47

63 225 352 276 suspicionibus
381 226 422 264 in
451 225 641 265 iudicium
661 228 846 264 vocatur!
906 226 958 264 Di
978 227 1109 274 ablati,
1132 229 1222 267 fana
1242 238 1390 278 vexata,

63 292 236 330 nudatae
253 292 369 330 urbes
390 290 634 342 reperiuntur
652 305 661 338 3
690 303 823 329 earum
844 298 977 330 autem
999 305 1127 330 rerum
1148 295 1296 332 nullam
1317 295 1392 333 sibi

62 355 135 393 iste
155 368 285 405 neque
305 355 500 395 infitiandi
521 355 713 394 rationem
741 369 871 406 neque
899 357 1144 396 defendendi
1164 359 1391 398 facultatem

62 420 217 470 reliquit
235 435 245 468 ,-
284 421 469 459 omnibus
504 420 544 458 in
575 421 691 459 rebus
723 421 946 471 coarguitur
973 435 997 459 a
1032 435 1109 470 me,
1145 423 1393 462 convincitur

24 495 41 527 5
61 497 84 522 a
104 485 281 532 testibus,
303 492 460 536 urgetur
490 485 739 524 confessione
769 499 849 532 sua,
874 485 1089 525 manifestis
1120 485 1159 524 in
1190 488 1392 526 maleficiis

61 556 323 597 tenetur,—et
372 558 503 589 manet
551 549 669 590 etiam
712 563 758 589 ac
802 550 942 589 tacitus
985 552 1088 589 facta
1126 564 1283 590 mecum
1322 565 1391 591 sua

60 614 304 664 recognoscit
324 617 330 652 ἔ

115 677 294 716 Nimium
316 678 413 717 mihi
433 679 501 718 diu
522 678 658 718 videor
670 679 708 717 in
731 692 811 718 uno
832 693 975 731 genere
994 680 1137 719 versari
1159 680 1366 720 criminum
1381 696 1392 730 3

61 743 198 791 sentio,
233 743 393 791 iudices,
430 746 718 784 occurrendum
753 758 838 784 esse
869 745 1035 784 satietati
1065 745 1218 784 aurium
1243 746 1393 785 animo-

5 824 42 846 10
60 821 227 858 rumque
256 817 484 848 vestrorum.
547 810 678 858 Quam
708 810 761 848 ob
791 823 872 848 rem
904 812 1027 848 multa
1056 809 1394 860 praetermittam,

59 875 110 912 ad
131 887 177 912 ea
197 882 330 913 autem
351 888 452 924 quae
472 874 647 913 dicturus
669 887 755 913 sum
777 875 925 914 reficite
946 888 1027 922 vos,
1050 888 1212 925 quaeso,
1228 875 1389 922 iudices,

60 952 129 988 per
158 940 256 977 deos
283 938 652 987 immortalis,—eos
682 939 788 990 ipsos
821 941 871 978 de
903 953 1073 989 quorum
1102 939 1289 989 religione
1314 940 1390 978 iam

60 1003 128 1041 diu
158 1002 493 1050 dicimus‚—-dum
522 1004 563 1043 id
593 1004 675 1043 eius
705 1004 856 1043 facinus
886 1017 1158 1043 commemoro
1178 1012 1216 1043 et
1236 1006 1392 1054 profero

60 1082 140 1118 quo
161 1068 363 1119 provincia
392 1076 474 1107 tota
503 1077 703 1108 commota
733 1076 801 1108 est.
864 1070 926 1107 De
956 1082 1037 1119 quo
1067 1069 1097 1107 si
1128 1070 1246 1119 paulo
1275 1069 1391 1107 altius

2 1146 40 1180 15
60 1133 178 1172 ordiri
207 1147 253 1172 ac
283 1141 457 1184 repetere
486 1134 717 1172 memoriam
748 1134 945 1184 religionis
966 1134 1141 1181 videbor,
1174 1134 1389 1185 ignoscite:

58 1200 113 1237 rei
134 1198 366 1249 magnitudo
387 1212 451 1238 me
479 1199 647 1238 breviter
671 1199 929 1250 perstringere
950 1199 1196 1238 atrocitatem
1217 1199 1391 1238 criminis

58 1275 140 1301 non
161 1270 262 1301 smit.

112 1329 237 1366 Vetus
267 1336 325 1366 est
355 1329 453 1367 haec
483 1328 629 1379 opinio,
654 1328 819 1376 iudices,
840 1341 941 1378 quae
964 1336 1118 1368 constat
1138 1343 1185 1367 ex
1205 1329 1392 1379 antiquis·
1410 1315 1436 1352 4

59 1391 166 1430 simis
197 1393 439 1431 Graecorum
469 1393 606 1431 litteris
637 1406 682 1431 ac
714 1393 994 1440 monumentis,
1028 1393 1196 1431 insulam
1218 1394 1390 1432 Siciliam

0 1471 39 1493 20
59 1464 182 1495 totam
200 1469 285 1495 esse
302 1457 434 1496 Cereri
455 1466 493 1495 et
511 1457 676 1496 Liberae
692 1465 974 1496 consecratam.
1020 1458 1113 1496 Hoc
1130 1471 1221 1496 cum
1238 1466 1391 1497 ceterae

56 1530 193 1572 gentes
223 1521 278 1559 sic
307 1522 553 1569 arbitrantur,
585 1530 669 1561 tum
698 1522 792 1572 ipsis
822 1522 961 1561 Siculis
991 1524 1043 1560 ita
1073 1536 1302 1572 persuasum
1333 1531 1391 1562 est

58 1594 100 1624 ut
131 1588 169 1624 in
199 1586 340 1626 animis
370 1600 506 1626 eorum
536 1587 697 1626 insitum
726 1596 846 1637 atque
876 1589 1055 1626 innatum
1086 1602 1171 1627 esse
1200 1590 1388 1628 videatur.

59 1652 163 1689 Nam
185 1660 223 1690 et
244 1659 354 1690 natas
376 1665 461 1691 esse
482 1653 551 1690 has
571 1652 612 1690 in
637 1653 682 1691 iis
712 1654 809 1691 locis
833 1654 927 1692 deas
955 1661 992 1691 et
1013 1654 1141 1704 fruges
1166 1654 1205 1691 in
1226 1667 1271 1692 ea
1292 1662 1392 1692 terra

59 1715 230 1765 primurn
261 1725 430 1767 repertas
460 1730 545 1756 esse
574 1717 820 1766 arbitrantur,
854 1726 892 1757 et
913 1727 1063 1769 raptam
1086 1733 1171 1758 esse
1192 1719 1389 1766 Liberam,

0 1798 14 1819 2
22 1798 38 1829 5
59 1793 178 1830 quam
200 1783 367 1820 eandem
390 1781 666 1832 Proserpinam
682 1790 837 1830 vocant,
856 1796 902 1822 ex
921 1783 1202 1822 Hennensium
1217 1797 1389 1831 nemore,

59 1847 125 1894 qui
145 1847 266 1893 locus,
290 1848 400 1896 quod
419 1846 460 1884 in
489 1846 621 1886 media
646 1854 705 1886 est
726 1848 852 1886 insula
873 1847 981 1895 situs,
1005 1847 1215 1887 umbilicus
1237 1848 1392 1887 Siciliae

57 1910 293 1949 nominatur.
353 1913 485 1960 Quam
525 1925 616 1950 cum
655 1912 887 1963 investigare
927 1921 965 1951 et
1004 1913 1236 1964 conquirere
1271 1914 1391 1953 Ceres

57 1977 187 2024 vellet,
208 1975 351 2014 dicitur
375 1975 642 2015 inflammasse
672 1978 806 2015 taedas
837 1977 882 2015 iis
904 1977 1060 2027 ignibus
1081 1977 1149 2027 qui
1170 1991 1217 2016 ex
1237 1979 1391 2016 Aetnae

58 2040 201 2079 vertice
235 2048 472 2091 erumpunt,
512 2054 610 2091 quas
644 2041 718 2080 sibi
749 2055 840 2080 cum
880 2042 964 2092 ipsa
995 2044 1216 2093 praeferret,
1253 2043 1390 2081 orbem

0 2120 40 2151 30
59 2119 219 2145 omnem
251 2119 475 2157 peragrasse
509 2114 707 2145 terrarum.
768 2107 914 2146 Henna
937 2116 1081 2155 autem,
1108 2108 1177 2146 ubi
1211 2121 1256 2146 ea
1288 2121 1391 2157 quae

106 2220 144 2240 12
169 2220 229 2241 eos
257 2211 349 2250 ipsos
375 2209 462 2241 RS:
499 2220 562 2250 per
586 2221 644 2242 eos
670 2211 762 2251 ipsos
782 2212 849 2251 pB:
883 2222 946 2251 per
971 2213 1052 2243 deos
1076 2212 1169 2251 ipsos
1193 2223 1212 2252 q
1353 2214 1391 2243 16

59 2254 310 2293 praestringere
329 2253 362 2284 R
379 2258 407 2284 et
424 2265 507 2285 corr.
528 2254 559 2285 S
673 2265 713 2284 22
739 2255 771 2285 in
797 2266 860 2286 om.
883 2257 927 2295 p&
1040 2265 1081 2295 23
1105 2256 1146 2286 iis
1167 2255 1273 2293 Orelli,
1295 2255 1364 2286 edd.
1384 2267 1390 2285 z

59 2296 111 2327 his
130 2296 218 2328 codd.
353 2299 394 2328 28
420 2298 459 2328 iis
477 2297 522 2328 Β]
539 2310 545 2328 2
571 2299 623 2329 his
641 2298 760 2329 R2Srr:
787 2309 828 2329 ex
848 2299 887 2329 iis
905 2300 921 2329 δ
1057 2309 1099 2339 29
1122 2299 1237 2329 orbem
1253 2309 1389 2330 omnem

59 2339 92 2369 R
108 2351 113 2370 :
137 2341 250 2371 orbem
270 2341 419 2372 omnium
432 2342 475 2381 pb
492 2352 499 2371 ε
526 2351 660 2372 omnem
679 2342 793 2373 orbem
813 2341 907 2373 §Dar

1418 135 1477 168 104

1415 695 1474 726 ¹05

1415 1367 1476 1397 106

1414 2120 1475 2153 107
