1600 2704
327 116 388 153 IN
419 116 463 155 C.
496 116 739 153 VERREM
770 116 945 156 ACTIO
976 117 1161 154 PRIMA
1380 118 1408 155 6
1430 123 1468 156 16

1430 218 1499 236 sl„

74 237 199 275 usque
219 224 270 262 ad
290 236 382 262 eum
402 224 523 262 finem
543 225 640 263 dum
663 223 814 263 iudices
841 223 973 263 reiecti
1001 232 1091 262 sunt
1111 239 1118 262 ε
1147 232 1408 275 posteaquam
1426 247 1432 253 »
1458 236 1467 255 »·

17 309 22 312 -
74 288 234 328 reiectio
254 288 430 327 iudicum
452 289 555 327 facta
575 296 644 336 est,
667 290 777 338 quod
803 296 842 327 et
866 288 906 327 in
935 288 1140 328 sortitione
1164 289 1276 327 istius
1297 303 1406 339 spem

73 355 230 393 fortuna
249 353 387 403 populi
410 353 583 392 Romani
613 360 651 392 et
681 353 720 391 in
749 353 958 392 reiciendis
986 352 1185 392 iudicibus
1213 367 1301 392 mea
1326 354 1410 393 dili—

72 418 204 469 gentia
241 417 405 456 istorum
444 417 734 467 impudentiam
773 417 928 464 vicerat,
969 417 1191 456 renuntiata
1230 426 1288 456 est
1328 426 1410 457 tota

35 482 272 529 5condicio.
339 483 542 520 Praeclare
582 495 623 521 se
661 495 721 520 res
765 483 949 521 habebat.
1018 482 1160 521 Libelli
1200 483 1409 521 nominum
1432 498 1469 531 17

72 555 291 586 vestrorum
329 546 549 597 consilique
587 546 704 585 huius
747 547 786 585 in
830 547 1014 586 manibus
1052 555 1162 586 erant
1202 547 1380 586 omnium
1401 562 1411 596 3

73 614 180 651 nulla
208 620 313 659 nota,
340 614 472 650 nullus
501 614 619 659 color,
649 614 780 651 nullae
810 614 945 651 sordes
969 613 1206 652 videbantur
1235 613 1296 651 his
1326 626 1410 651 sen-

73 676 204 716 tentiis
231 676 353 716 adlini
380 689 508 727 posse,
534 690 625 715 cum
653 677 725 716 iste
752 686 914 727 repente
941 691 987 717 ex
1014 678 1131 717 alacri
1160 686 1278 728 atque
1306 680 1410 716 laeto

73 741 129 780 sic
167 749 248 780 erat
286 741 446 780 humilis
484 749 604 791 atque
643 741 838 780 demissus
884 751 926 780 ut
970 755 1052 780 non
1098 744 1220 781 modo
1260 744 1410 793 populo

16 821 54 844 10
74 808 271 853 Romano,
294 807 364 844 sed
385 805 503 844 etiam
526 806 599 845 sibi
621 806 704 856 ipse
725 808 1014 845 condemnatus
1035 807 1242 846 videretur.
1304 809 1410 846 Ecce

71 879 204 909 autem
227 879 388 921 repente
409 870 469 909 his
491 871 632 910 diebus
653 871 788 921 paucis
809 871 978 910 comitiis
1000 872 1274 910 consularibus
1299 871 1410 910 factis

72 936 213 974 eadem
261 935 327 974 illa
368 943 499 973 vetera
545 935 710 974 consilia
757 936 925 986 pecunia
972 936 1120 975 maiore
1166 944 1406 986 repetuntur,

73 1002 318 1050 eaedemque
339 1007 490 1039 vestrae
516 1001 644 1039 famae
671 1000 917 1049 fortunisque
944 1000 1122 1039 omnium
1151 1001 1317 1039 insidiae
1342 1014 1410 1050 per

74 1066 236 1103 eosdem
271 1064 453 1103 homines
483 1072 769 1114 comparantur.
830 1065 945 1113 Quae
979 1077 1039 1103 res
1073 1064 1212 1114 primo,
1246 1064 1406 1111 iudices,

16 1142 52 1173 15
73 1129 253 1180 pertenui
288 1129 403 1167 nobis
437 1137 669 1179 argumento
704 1128 932 1179 indicioque
966 1130 1162 1179 patefacta
1194 1137 1278 1168 est:
1321 1137 1409 1179 post

72 1203 208 1245 aperto
229 1194 464 1245 suspicionis
485 1194 645 1233 introitu
666 1196 717 1233 ad
738 1195 872 1233 onmia
896 1194 1035 1233 intima
1060 1194 1222 1234 istorum
1246 1195 1409 1233 consilia

72 1259 157 1298 sine
178 1261 258 1297 ullo
278 1272 407 1298 errore
428 1259 688 1309 pervenimus.

127 1326 231 1363 Nam
264 1331 307 1362 ut
341 1324 581 1363 Hortensius
615 1325 754 1363 consul
786 1323 1014 1374 designatus
1049 1325 1214 1363 domum
1249 1326 1407 1363 reduce-

73 1390 188 1428 batur
213 1403 236 1428 e
264 1402 407 1440 campo
434 1402 525 1428 cum
553 1389 723 1427 maxima
749 1389 969 1439 frequentia
996 1402 1041 1427 ac
1073 1389 1339 1437 multitudine,
1366 1390 1409 1427 fit

16 1470 56 1493 20
75 1454 234 1493 obviam
264 1467 357 1493 casu
387 1454 422 1493 ei
453 1454 695 1493 multitudini
727 1454 772 1494 C.
796 1454 928 1501 Curio,
952 1467 1070 1504 quem
1101 1468 1175 1504 ego
1204 1455 1409 1493 hominem

73 1519 233 1558 honoris
262 1519 394 1570 potius
424 1533 543 1570 quam
573 1519 838 1558 contumeliae
868 1533 985 1558 causa
1015 1520 1263 1558 nominatum
1295 1522 1384 1558 volo
1400 1535 1409 1567 3

74 1584 219 1623 etenim
250 1598 295 1623 ea
325 1584 455 1623 dicam
477 1597 579 1634 quae
608 1584 684 1631 ille,
707 1584 738 1623 si
769 1584 1071 1623 commemorari
1102 1585 1303 1632 noluisset,
1328 1598 1408 1623 non

74 1656 184 1687 tanto
221 1648 262 1687 in
301 1656 500 1687 conventu
539 1657 619 1687 tam
658 1658 791 1699 aperte
831 1651 1041 1699 palamque
1081 1649 1267 1697 dixisset3
1308 1663 1409 1699 quae

74 1721 207 1752 tamen
235 1727 259 1752 a
287 1727 351 1752 me
379 1714 664 1764 pedetemptim
695 1723 889 1764 cauteque
919 1714 1109 1761 dicentur,
1141 1723 1182 1752 ut
1212 1723 1249 1753 et
1279 1714 1410 1752 amici-

15 1788 55 1821 25
75 1777 150 1817 tiae
171 1785 326 1818 nostrae
347 1786 385 1817 et
406 1778 606 1829 dignitatis
633 1778 735 1817 illius
763 1779 898 1817 habita
923 1779 1022 1817 ratio
1043 1793 1127 1818 esse
1149 1779 1405 1829 intellegatur.

74 1842 195 1882 Videt
232 1844 283 1882 ad
322 1843 451 1893 ipsum
490 1843 681 1882 fornicem
722 1843 942 1882 Fabianum
982 1843 1021 1881 in
1064 1844 1178 1882 turba
1216 1845 1468 1893 Verrem319

73 1909 245 1958 appellat
289 1908 492 1947 hominem
531 1916 570 1947 et
609 1908 644 1947 ei
687 1922 784 1948 voce
831 1909 1000 1947 maxima
1047 1911 1259 1959 gratulatur
1273 1924 1284 1957 ,-
1335 1909 1407 1959 ipsi

76 1971 305 2017 Hortensio,
338 1972 406 2022 qui
439 1974 579 2011 consul
613 1981 694 2011 erat
728 1975 864 2020 factus,
898 1973 1130 2023 propinquis
1165 1974 1409 2012 necessariis-

74 2049 151 2086 que
172 2035 266 2083 eius,
289 2036 357 2086 qui
387 2044 470 2074 tum
494 2038 668 2084 aderant,
690 2038 854 2075 verbum
882 2039 1034 2075 nullum
1062 2038 1179 2085 facit3
1213 2051 1302 2076 cum
1331 2039 1408 2077 hoc

1428 1308 1450 1345 7

1432 1360 1468 1390 18

118 2148 138 2178 5
163 2139 318 2170 condicio
347 2138 439 2174 Asc„
465 2138 561 2170 eden:
595 2140 744 2170 conditio
771 2140 823 2171 Z:
858 2141 947 2172 dicio
975 2141 1040 2180 Gl:
1076 2141 1248 2173 conclusio
1278 2141 1406 2181 G2LK:

75 2183 252 2213 conductio
264 2188 289 2223 p
305 2182 394 2223 vulg.
412 2194 419 2213 ε
443 2183 603 2214 condutio
621 2188 657 2214 ut
673 2183 800 2214 videtur
813 2183 848 2214 D
950 2185 988 2214 18
1012 2191 1046 2214 ut
1064 2195 1129 2215 om.
1144 2191 1169 2225 p
1257 2185 1406 2217 Horten-

74 2225 143 2256 sius
171 2226 257 2256 codd.
279 2238 286 2257 :
310 2226 351 2265 Q.
384 2226 484 2257 Hort.
514 2226 621 2258 Sclzol.
653 2227 806 2266 Gronov„
824 2227 936 2259 Muell.
967 2228 1064 2267 (Am.
1079 2228 1116 2266 J.
1135 2229 1197 2259 Ph.
1217 2230 1308 2260 xxvi.
1329 2230 1407 2270 412)

76 2278 114 2298 21
141 2269 253 2308 potius
269 2279 367 2309 quam
385 2275 471 2301 cont.
490 2270 558 2301 secl.
576 2269 679 2310 Kays.
784 2281 825 2301 22
850 2281 1114 2303 commemorare
1132 2272 1221 2302 codd.
1244 2273 1333 2312 (Act.
1350 2273 1406 2303 Pr.

78 2314 94 2348 ξ
113 2320 164 2385 Ξ4,
190 2313 200 2343 i
220 2315 235 2351 ξ
253 2324 273 2352 4
292 2324 299 2344 :
323 2313 346 2345 ii
366 2317 380 2352 ξ
399 2315 420 2344 6
437 2325 444 2344 z
468 2314 502 2344 iii
522 2316 537 2351 ς
556 2315 615 2354 41)
725 2324 765 2354 27
792 2315 978 2354 gratulatur
1005 2315 1070 2345 ΒΨ
1087 2328 1093 2346 :
1118 2317 1291 2347 victoriam
1320 2322 1406 2356 grat.

70 2359 116 2395 pr
