1600 2704
61 157 116 205 46
138 157 198 190 118
502 135 559 173 M.
591 125 759 169 TVLLI
790 112 1097 162 CICERONIS

139 274 219 300 non
252 257 302 296 de
335 249 545 292 mulierum
573 233 869 281 hereditatibus.
942 228 1047 265 Nam
1068 222 1109 260 in
1134 226 1304 266 utroque
1323 221 1465 262 genere

142 327 260 365 video
280 332 362 359 non
382 314 505 355 modo
521 316 687 351 ceterOS,
712 300 784 340 sed
812 303 850 335 te
877 293 1008 343 ipsum
1027 285 1194 326 totidem
1214 277 1343 318 verbis
1364 273 1469 314 edix-

146 393 152 398 '
249 392 346 437 quot
374 377 503 421 verbis
532 370 633 413 edici
663 370 818 406 Romae
847 359 957 398 solet.
1017 354 1132 401 Quae
1153 349 1309 386 Romae
1328 350 1472 389 magna

775 425 964 467 edixeras,
979 431 1027 457 ea
1047 416 1129 454 sola
1152 419 1204 459 te,
1225 421 1277 447 ne
1296 403 1413 456 gratis
1433 401 1473 439 in

150 513 350 571 provincia
370 509 471 548 male
491 501 659 546 audires,
682 508 729 534 ex
749 490 881 531 edicto
911 478 1104 524 Siciliensi
1124 472 1327 516 sustulisse
1347 467 1475 507 video.
1497 477 1515 509 5

73 598 134 632 119
207 584 259 621 Et
279 590 370 618 cum
399 571 573 612 edictum
603 570 731 602 totum
757 565 893 596 eorum
927 547 1127 591 arbitratu,
1152 551 1274 591 quam
1305 534 1375 574 diu
1408 530 1481 571 fuit

154 645 391 695 designatus,
407 633 663 682 componeret
684 621 751 674 qui
777 619 829 658 ab
857 617 933 655 isto
959 613 1019 651 ius
1051 609 1103 647 ad
1131 603 1341 644 utilitatem
1371 608 1481 636 suam

157 707 479 751 nundinarentur,
505 705 589 735 tum
613 703 705 730 vero
735 687 776 725 in
803 680 1030 732 magistratu
1055 678 1194 712 contra
1226 665 1325 706 illud
1354 663 1485 713 ipsum

159 775 334 816 edictum
373 778 487 807 suum
518 761 601 800 sine
625 757 704 796 ulla
737 748 926 799 religione
957 737 1209 782 decernebat.
1269 733 1412 778 Itaque
1441 726 1486 763 L.

163 840 254 880 Piso
285 835 431 875 multos
457 826 615 868 codices
647 814 824 869 implevit
855 821 988 851 earum
1022 815 1151 844 rerum
1189 799 1232 838 in
1264 794 1409 846 quibus
1438 789 1493 828 ita
1512 801 1555 823 10

164 899 393 945 intercessit,
429 893 539 945 quod
571 889 644 927 iste
670 883 779 924 aliter
805 885 925 927 atque
958 880 1001 911 ut
1029 868 1202 909 edixerat
1231 856 1470 902 decrevisset
1486 868 1494 900 3

167 969 277 1020 quod
296 977 366 1004 vos
386 959 530 1000 oblitos
546 966 631 994 esse
652 962 734 988 non
754 943 928 987 arbitror,
947 948 1049 988 quae
1068 928 1293 973 multitudo,
1311 921 1379 974 qui
1399 920 1498 960 ordo

169 1035 221 1074 ad
251 1027 405 1070 Pisonis
426 1024 561 1063 sellam
584 1018 660 1056 isto
686 1018 864 1064 praetore
891 1003 1028 1044 solitus
1049 998 1098 1037 sit
1114 990 1350 1036 convenire3
1379 996 1499 1036 quem

172 1100 245 1138 iste
279 1093 485 1141 conlegam
515 1082 590 1122 nisi
619 1076 832 1120 habuisset,
858 1067 1057 1120 lapidibus
1087 1064 1296 1110 coopertus
1330 1057 1433 1092 esset
1461 1047 1502 1086 in

176 1165 272 1202 foro.
306 1157 386 1198 Sed
406 1166 454 1193 eo
474 1148 638 1189 leviores
659 1141 769 1181 istius
789 1133 953 1176 iniuriae
973 1127 1209 1169 videbantur
1230 1119 1341 1171 quod
1361 1121 1442 1155 erat
1462 1111 1503 1150 in
1528 1126 1565 1158 15

1056 1202 1164 1230 mum
1178 1182 1414 1238 perfugium,
1427 1188 1507 1228 quo

178 1223 377 1275 aequitate
397 1211 684 1268 prudentiaque
700 1201 855 1243 Pisonis
875 1192 1052 1250 paratissi

299 1287 430 1329 abore,
460 1279 543 1318 sine
571 1270 761 1316 molestia,
779 1266 863 1306 sine
883 1263 1074 1312 impensa,
1093 1254 1213 1294 etiarn
1238 1250 1323 1289 sine
1342 1252 1511 1297 patrono

349 1362 365 1387 s
404 1348 613 1384 uterentur.
693 1336 809 1379 Nam,
836 1338 998 1379 quaeso,
1031 1319 1156 1360 redite
1194 1317 1235 1355 in
1266 1307 1510 1352 memoriam,

185 1416 346 1461 iudices,
362 1422 463 1462 quae
474 1405 599 1445 libido
619 1400 729 1440 istius
749 1397 789 1435 in
802 1395 884 1433 iure
904 1387 1080 1430 dicundo
1095 1381 1337 1429 fuerit‚quae
1349 1372 1515 1413 varietas

188 1485 447 1523 decretorum,
474 1482 575 1522 quae
607 1459 854 1505 nundinatio,
884 1466 1006 1505 quam
1040 1450 1177 1488 inanes
1207 1445 1350 1482 domus
1379 1447 1517 1476 eorum
1537 1446 1581 1470 20

190 1544 370 1588 omniurn
391 1537 459 1589 qui
472 1537 522 1575 de
550 1533 633 1571 iure
653 1526 757 1567 civili
783 1519 936 1562 consuli
957 1517 1097 1561 solent,
1123 1521 1245 1561 quam
1264 1507 1382 1557 plena
1400 1514 1447 1540 ac
1465 1511 1521 1538 re-

193 1614 291 1652 ferta
310 1599 543 1647 Chelidonis
561 1612 571 1646 3
599 1610 623 1635 a
643 1606 721 1645 qua
736 1587 898 1629 muliere
913 1595 1004 1623 cum
1018 1585 1099 1619 erat
1119 1576 1170 1615 ad
1191 1585 1282 1612 eum
1302 1574 1465 1608 ventum
1484 1570 1524 1603 et

196 1678 236 1716 in
270 1683 404 1713 aurem
433 1666 516 1706 eius
540 1663 835 1701 insusurratum,
861 1650 956 1691 alias
980 1642 1190 1685 revocabat
1214 1649 1282 1677 eos
1306 1634 1406 1672 inter
1425 1640 1526 1680 quos

199 1742 277 1780 iarn
309 1737 546 1777 decreverat,
576 1728 859 1769 decretumque
890 1711 1079 1755 mutabat,
1113 1705 1208 1745 alias
1246 1701 1347 1740 inter
1374 1695 1528 1744 aliquos

202 1800 440 1845 contrarium
461 1796 544 1834 sine
564 1793 643 1831 ulla
659 1786 845 1836 religione
866 1774 1105 1820 decernebat
1125 1783 1171 1809 ac
1191 1761 1391 1818 proxumis
1410 1758 1530 1810 paulo
1551 1768 1591 1802 ²5

609 1854 718 1893 Hinc
737 1849 793 1889 illi
820 1843 1003 1885 homines
1023 1843 1132 1877 erant
1153 1831 1222 1883 qui
1242 1829 1360 1869 etiam
1379 1820 1534 1863 ridiculi

1010 1903 1062 1951 lii,
1084 1901 1126 1939 id
1150 1895 1260 1948 quod
1286 1902 1403 1941 saepe
1429 1884 1536 1926 audi-

181 1291 265 1330 sine
284 1289 296 1326 l

106 1379 164 1403 120
183 1352 345 1394 homine

126 1892 137 1913 1
147 1890 162 1913 2
171 1889 182 1911 1
203 1876 295 1909 ante
315 1866 548 1905 decreverat.

264 2237 278 2257 1
305 2227 339 2256 in
358 2230 501 2262 utroque
520 2218 638 2251 Lamb.
658 2214 727 2247 edd.
749 2213 786 2253 (i,
810 2214 825 2249 ξ
846 2208 921 2256 15)]
953 2208 1094 2240 utroque
1111 2194 1198 2228 codd.
1292 2233 1303 2263 l
1348 2232 1353 2237 .
1376 2197 1396 2226 3
1419 2182 1544 2235 ςμιοάἠρ

1304 2257 1311 2263 .
1340 2241 1375 2262 m
1398 2238 1465 2269 mg.
1486 2231 1546 2266 p·:

219 2269 341 2310 edicip
358 2267 421 2298 rell.
440 2278 446 2296 :
472 2275 537 2296 om.
559 2274 598 2303 qr
705 2259 726 2288 6
749 2263 849 2295 quam
875 2252 933 2281 d1u
957 2247 1019 2278 suit
1047 2241 1178 2279 design.
1205 2239 1289 2275 supp

219 2324 286 2345 om.
306 2323 325 2342 ν
393 2319 431 2348 13
455 2317 529 2339 esse
544 2305 663 2336 solitus
682 2302 725 2332 sit
745 2296 835 2330 codd.
927 2301 966 2331 19
989 2285 1134 2320 dicundo
1157 2279 1294 2311 VPrt‘sc.
1313 2287 1318 2306 :
1344 2270 1491 2305 dicendo
1508 2266 1550 2296 πῖ)

223 2367 264 2396 23
287 2358 385 2394 vosp
474 2360 515 2388 24
541 2348 673 2386 aliquos
696 2343 741 2372 l':
766 2341 850 2372 alios
864 2334 964 2378 prell.
