1600 2704
81 86 134 123 62
160 90 220 130 ¹38
522 82 578 119 M.
610 82 778 119 TVLLI
810 81 1116 120 CICERONIS

76 852 131 885 139

76 1780 129 1830 63

72 1850 130 1879 ¹40

156 204 347 230 cusanum
369 192 534 230 moleste
554 190 798 241 graviterque
819 191 916 228 ferre
937 190 1044 239 quod
1066 201 1149 239 ego,
1173 202 1263 227 cum
1288 189 1328 227 in
1348 189 1487 229 ceteris

155 256 311 295 Siciliae
331 255 554 295 civitatibus
577 262 756 294 senatum
786 256 1058 305 populumque
1079 253 1303 293 docuissem
1325 253 1421 304 quid
1441 254 1487 293 iis

157 321 343 368 utilitatis,
362 320 458 370 quid
475 319 609 359 salutis
630 321 834 367 adferrem,
853 327 890 358 et
908 332 997 357 cum
1014 319 1064 356 ab
1082 318 1266 357 omnibus
1288 319 1484 366 mandata,

157 387 316 436 legatos,
347 385 493 424 litteras
524 384 827 434 testimoniaque
862 383 1127 433 sumpsissem,
1166 382 1205 420 in
1240 382 1306 421 illa
1331 382 1487 422 civitate

155 450 252 488 nihil
274 450 356 489 eius
377 450 485 488 modi
508 450 687 488 facerem.
750 447 955 498 Respondi
987 460 1116 497 neque
1146 449 1300 486 Romae
1328 447 1368 485 in
1398 459 1488 485 con-

156 522 274 553 ventu
308 513 538 560 Siculorum,
576 526 667 551 cum
699 526 722 551 a
753 526 816 551 me
850 512 1036 550 auxilium
1070 512 1273 551 communi
1308 511 1487 550 omnium

155 579 397 629 legationum
429 577 595 616 consilio
629 578 834 628 petebatur
872 589 1069 626 causaque
1107 576 1225 615 totius
1264 575 1488 626 provinciae

154 645 205 682 ad
236 656 299 681 me
330 642 588 689 deferebatur,
611 643 759 692 legatos
788 643 1119 691 Syracusanorum
1147 642 1330 688 adfuisse,
1357 654 1488 691 neque

156 721 218 746 me
248 708 446 757 postulare
475 714 518 745 ut
548 706 761 757 quicquam
791 714 927 745 contra
955 708 1000 746 C.
1022 708 1185 745 Verrem
1214 707 1488 746 decerneretur

155 774 193 810 in
223 785 268 811 ea
303 771 409 811 curia
442 772 482 810 in
514 785 592 822 qua
626 771 843 810 inauratam
870 772 913 811 C.
944 771 1075 810 Verris
1103 778 1271 810 statuam
1299 770 1484 810 viderem.

155 837 276 884 Quod
306 844 564 887 posteaquam
595 836 686 884 dixi,
716 844 847 875 tantus
882 844 939 876 est
968 836 1135 887 gemitus
1170 837 1295 875 factus
1326 844 1488 887 aspectu

155 909 305 940 statuae
327 909 364 940 et
385 900 762 940 commemoratione
783 909 825 939 ut
854 901 951 940 illud
972 900 1012 939 in
1033 901 1139 940 curia
1159 901 1331 951 positum
1353 915 1490 941 monu-

156 974 332 1006 mentum
367 969 557 1005 scelerum
587 980 668 1005 non
704 967 985 1005 beneficiorum
1017 967 1222 1005 videretur.
1282 968 1388 1004 Turn
1418 979 1489 1017 pro

155 1045 195 1070 se
226 1031 402 1081 quisque,
437 1038 629 1081 quantum
659 1032 831 1069 dicendo
861 1030 1025 1080 adsequi
1056 1038 1220 1080 poterat,
1251 1031 1394 1070 docere
1424 1043 1488 1070 me

155 1095 285 1146 coepit
307 1109 351 1134 ea
372 1109 473 1145 quae
499 1097 618 1146 paulo
646 1103 737 1134 ante
761 1094 1079 1142 commemoravi,
1107 1094 1313 1144 spoliatam
1335 1095 1484 1142 urbem,

155 1163 243 1199 fana
265 1161 426 1211 direpta,
451 1162 502 1199 de
532 1159 693 1198 Heracli
724 1159 952 1206 hereditate,
985 1172 1104 1208 quam
1135 1158 1366 1209 palaestritis
1397 1172 1488 1198 con-

154 1225 345 1272 cessisset,
370 1226 494 1263 multo
525 1224 734 1262 maximam
765 1231 914 1274 partem
937 1223 1065 1273 ipsum
1094 1223 1301 1263 abstulisse
1318 1238 1327 1270 3
1358 1235 1488 1273 neque

155 1290 436 1339 postulandum
466 1288 585 1327 fuisse
614 1296 655 1326 ut
684 1288 748 1326 ille
778 1287 1018 1337 palaestritas
1051 1287 1237 1338 diligeret,
1270 1287 1337 1337 qui
1370 1287 1487 1327 etiam

154 1355 399 1393 inventorem
421 1353 497 1392 olei
517 1355 637 1392 deum
658 1352 876 1391 sustulisset
894 1367 904 1400 ,-
935 1366 1063 1402 neque
1085 1352 1189 1390 illam
1213 1359 1381 1390 statuam
1402 1365 1488 1391 esse

153 1433 199 1458 ex
220 1418 387 1469 pecunia
407 1417 566 1468 publica
592 1430 722 1468 neque
748 1417 906 1468 publice
935 1418 1077 1464 datam,
1103 1418 1172 1455 sed
1201 1430 1267 1455 eos
1296 1416 1363 1467 qui
1382 1417 1489 1455 here-
1508 1434 1521 1455 2

152 1483 283 1521 ditatis
324 1483 567 1533 diripiendae
605 1482 813 1533 participes
853 1482 1017 1520 fuissent
1058 1481 1280 1520 faciendam
1320 1489 1489 1520 statuen-

152 1549 325 1598 damque
365 1561 546 1595 curasse3
594 1548 755 1586 eosdem
808 1548 962 1585 Romae
1011 1546 1129 1585 fuisse
1178 1547 1338 1596 legatos,
1386 1546 1488 1585 illius

150 1613 349 1651 adiutores
370 1611 642 1662 improbitatis,
659 1611 786 1650 socios
805 1613 1007 1660 furtorum,
1026 1610 1207 1650 conscios
1229 1609 1462 1661 flagitiorum
1479 1626 1488 1660 3

152 1689 199 1715 eo
235 1676 364 1715 minus
397 1676 525 1714 mirari
561 1689 624 1715 me
656 1684 835 1726 oportere
870 1676 900 1714 si
941 1676 995 1714 illi
1036 1675 1238 1714 communi
1270 1677 1486 1726 legatorum

153 1741 345 1779 voluntati
366 1749 404 1780 et
425 1741 539 1780 saluti
561 1740 716 1780 Siciliae
737 1741 963 1780 defuissent.

208 1806 287 1844 Vbi
327 1819 462 1844 eorum
502 1807 679 1845 dolorem
722 1819 767 1844 ex
807 1805 909 1844 illius
949 1805 1098 1845 iniuriis
1137 1819 1217 1846 non
1251 1808 1372 1846 modo
1405 1820 1485 1846 non

153 1870 346 1910 minorem
377 1873 447 1910 sed
482 1884 604 1922 prope
642 1870 829 1910 maiorem
861 1884 979 1921 quarn
1013 1871 1233 1910 Siculorum
1267 1879 1488 1912 ceterorum

152 1948 236 1974 esse
257 1936 436 1986 cognovi,
462 1944 545 1974 tum
577 1948 709 1974 meum
740 1935 915 1974 animum
946 1935 986 1974 in
1017 1935 1114 1984 illos,
1137 1943 1220 1974 tum
1251 1936 1328 1975 mei
1349 1936 1488 1976 consili

152 2001 364 2052 negotique
403 2001 522 2040 totius
564 2000 734 2052 suscepti
780 2014 938 2040 causam
978 2001 1248 2051 rationemque
1287 2000 1484 2052 proposui,

1510 788 1549 811 10

153 2075 235 2104 tum
269 2080 336 2105 eos
369 2068 546 2106 hortatus
585 2079 672 2105 sum
711 2073 754 2104 ut
792 2079 933 2104 causae
972 2065 1174 2104 communi
1209 2065 1403 2116 salutique
1436 2077 1486 2104 ne
1506 2077 1546 2110 30
1593 2089 1600 2119 3¹

154 2132 350 2179 deessent,
372 2139 413 2169 ut
435 2131 541 2169 illam
562 2129 842 2177 laudationem,
868 2143 985 2179 quarn
1008 2142 1048 2168 se
1068 2129 1104 2167 vi
1132 2142 1177 2168 ac
1199 2137 1305 2168 metu
1327 2137 1485 2168 coactos

201 2244 216 2272 7
243 2235 282 2264 ad
302 2243 355 2264 me
381 2233 572 2272 provinciae
590 2245 610 2262 π
752 2234 794 2263 26
818 2232 906 2262 illius
932 2230 994 2262 RS
1013 2242 1019 2261 z
1049 2231 1144 2262 istius
1161 2242 1182 2260 π
1200 2242 1206 2260 :
1236 2241 1299 2261 om.
1320 2231 1336 2260 δ
1353 2230 1387 2272 (ξ
1408 2230 1483 2270 146)

156 2278 196 2306 28
223 2284 289 2307 tum
310 2286 372 2314 ego
390 2287 499 2307 meum
517 2277 637 2308 Lamb.
754 2281 823 2306 tum
842 2285 906 2314 ego
925 2276 1075 2314 (egomet
1092 2275 1126 2314 q)
1148 2274 1212 2306 mei
1228 2280 1273 2315 pq
1290 2273 1331 2305 al.
1443 2284 1486 2314 29

157 2320 283 2359 negotii
303 2320 504 2358 consiliique
522 2319 590 2349 KZ
