1600 2704
1385 65 1434 79 ἰ

53 117 318 157 ACTIONIS
341 117 403 155 IN
425 117 469 156 C,
492 117 733 154 VERREM
756 117 1056 157 SECVNDAE
1080 121 1182 158 LIB.
1209 122 1274 159 111
1338 132 1381 170 51
1405 100 1467 161 222,

49 238 217 269 aratores
238 229 291 267 ita
311 228 428 267 video
449 227 623 267 deiectos
645 236 686 266 ut
708 228 753 266 iis
774 242 823 267 ne
851 229 983 267 vicarii
1005 230 1167 280 quidem
1185 244 1381 272 successe-

48 294 133 332 rint.
194 295 303 343 Quot
319 301 488 331 aratores
508 292 744 331 adveniente
765 300 803 332 te
823 293 979 332 fuerunt
1000 294 1080 344 agri
1105 295 1381 344 Mutycensis?

47 358 263 397 Videamus
302 371 349 396 ex
382 357 516 395 litteris
551 356 729 407 publicis.
798 368 1012 396 chxxvn.
1086 359 1225 407 Quid?
1273 372 1380 399 anno

46 422 190 462 tertio?
246 433 416 460 Lxxxvr.
477 421 648 461 Centum
688 429 726 460 et
765 434 888 459 unum
928 430 1098 461 aratores
1139 436 1242 462 unus
1290 437 1381 475 ager

7 486 154 528 sistius
194 486 333 525 iniuria
371 485 578 532 desiderat,
619 494 738 536 atque
777 487 879 525 adeo
917 494 1050 526 nostra
1098 500 1158 527 res
1207 489 1377 539 publica,

45 551 232 601 quoniam
280 551 346 589 illa
391 550 527 602 populi
569 550 742 589 Romani
780 551 983 601 vectigalia
1022 560 1123 599 sunt,
1167 553 1273 592 hunc
1322 562 1380 593 tot

44 624 196 666 patrum
236 615 401 654 familias
440 628 648 654 numerum
688 615 884 654 desiderat
930 624 968 655 et
1015 617 1194 667 reposcit.
1274 621 1379 669 Ager

46 679 294 719 Herbitensis
324 679 452 730 primo
480 693 586 719 anno
616 680 753 719 habuit
783 689 953 720 aratores
981 693 1102 729 CCL11‚
1127 682 1241 721 tertio
1266 695 1377 723 cxx:

43 744 136 784 hinc
170 756 317 784 cxxxn
353 753 481 797 patres
520 745 686 784 familias
722 753 892 785 extorres
927 748 1192 797 profugerunt.
1243 749 1379 799 Agyri-

5 810 174 849 onensis
206 823 520 860 ager—quorum
551 811 768 857 hominum,
802 824 920 861 quam
955 812 1223 860 honestorum,
1257 827 1376 864 quam

43 875 298 925 locupletium
316 879 456 914 I—CCL
492 884 662 915 aratores
701 876 839 915 habuit
873 876 1000 926 primo
1038 890 1144 917 anno
1174 887 1377 929 praeturae

43 948 141 979 tuae.
194 941 333 990 Quid?
363 941 476 980 tertio
497 942 635 980 anno?
679 952 806 988 LXXX,
829 954 947 991 quem
969 943 1020 981 ad
1042 944 1205 981 modum
1228 944 1376 994 legatos

42 1006 295 1056 Agyrinensis
330 1006 491 1045 recitare
526 1020 573 1045 ex
605 1006 773 1057 publicis
813 1005 949 1044 litteris
979 1006 1154 1045 audistis.
1224 1009 1301 1047 Pro
1335 1009 1455 1063 di121

41 1070 305 1110 immortales!
345 1071 376 1110 si
407 1085 453 1110 ex
482 1071 682 1122 provincia
717 1078 799 1109 tota
830 1082 941 1109 eLxx
974 1079 1145 1110 aratores
1179 1071 1372 1120 eiecisses‚

3 1149 20 1181 5
41 1149 229 1186 possesne
260 1136 402 1175 severis
424 1136 621 1175 iudicibus
650 1137 778 1174 salvus
804 1137 922 1174 esse?
991 1137 1105 1175 Vnus
1131 1149 1222 1187 ager
1241 1138 1375 1188 Agyri-

41 1201 172 1240 nensis
206 1212 317 1240 CLxx
352 1200 570 1239 aratoribus
603 1200 757 1239 inanior
792 1214 883 1239 cum
914 1199 973 1248 sit,
1005 1213 1074 1240 vos
1105 1201 1373 1242 coniecturam

40 1265 157 1305 totius
182 1265 406 1316 provinciae
430 1279 563 1304 nonne
587 1265 765 1305 facietis?
831 1268 964 1316 Atque
1004 1267 1081 1305 hoc
1107 1279 1303 1318 peraeque
1334 1268 1373 1307 in

40 1331 147 1370 omni
162 1344 256 1382 agro
273 1333 499 1371 decumano
517 1331 716 1381 reperietis
733 1346 741 1379 3
762 1331 907 1381 quibus
923 1331 1072 1381 aliquid
1090 1340 1220 1371 tamen
1236 1333 1373 1383 reliqui

39 1397 152 1435 fuerit
174 1411 221 1436 ex
241 1410 387 1448 magno
408 1397 655 1447 patrimonio,
672 1409 740 1436 eos
762 1396 800 1434 in
814 1396 914 1447 agris
931 1396 1082 1435 minore
1099 1397 1372 1446 instrumento,

2 1476 21 1498 0
39 1461 168 1500 minus
200 1462 333 1501 multis
363 1462 461 1513 iugis
492 1461 736 1508 remansisse,
765 1463 874 1511 quod
901 1462 1142 1509 metuebant,
1175 1461 1205 1501 si
1233 1462 1374 1502 disces-

39 1526 191 1575 sissent,
230 1540 281 1566 ne
329 1527 497 1578 reliquas
546 1528 720 1566 fortunas
765 1526 894 1565 omnis
932 1525 1184 1575 amitterent3
1230 1527 1374 1578 quibus

37 1599 168 1630 autem
200 1592 272 1631 iste
302 1592 400 1631 nihil
430 1592 567 1643 reliqui
599 1594 707 1643 quod
739 1593 947 1642 perderent
977 1592 1131 1638 fecerat,
1161 1604 1228 1630 eos
1258 1593 1374 1642 plane

38 1669 117 1695 non
148 1659 276 1696 solum
307 1671 354 1698 ex
383 1658 493 1709 agris,
528 1671 664 1697 verum
695 1658 812 1696 etiam
843 1670 889 1695 ex
919 1656 1142 1695 civitatibus
1172 1656 1251 1694 suis
1290 1670 1375 1707 pro-

37 1722 190 1772 fugisse.
234 1722 296 1761 Illi
317 1722 391 1774 ipsi
412 1724 479 1774 qui
494 1731 771 1771 remanserant,
792 1722 854 1761 vix
872 1723 1039 1761 decuma
1060 1734 1148 1772 pars
1163 1729 1372 1770 aratorum,

2 1798 19 1832 5
37 1787 205 1826 relicturi
226 1800 338 1838 agros
360 1801 498 1828 omnes
529 1796 648 1835 erant,
673 1788 746 1827 nisi
779 1789 831 1827 ad
860 1800 928 1827 eos
957 1787 1144 1826 Metellus
1167 1787 1297 1824 Roma
1318 1786 1375 1825 lit-

37 1859 135 1891 teras
158 1851 325 1892 misisset
339 1865 380 1892 se
401 1855 589 1893 decumas
612 1856 696 1905 lege
720 1853 938 1893 Hieronica
958 1852 1222 1898 venditurum,
1241 1859 1278 1890 et
1300 1851 1373 1890 nisi

35 1917 85 1956 ab
107 1917 151 1956 iis
173 1919 249 1956 hoc
270 1917 480 1968 petivisset,
505 1926 547 1958 ut
569 1927 739 1958 sererent
762 1932 882 1969 quam
912 1917 1124 1970 plurimum
1142 1931 1152 1965 3
1180 1917 1289 1966 quod
1319 1916 1373 1954 illi

37 1994 189 2031 semper
210 1981 269 2020 sui
290 1995 408 2022 causa
428 1984 610 2030 fecerant,
635 1996 725 2022 cum
748 1996 816 2022 eos
837 1996 957 2022 nemo
978 1989 1140 2033 rogaret,
1165 1993 1283 2030 quam
1304 1980 1373 2019 diu

36 2044 315 2097 intellegebant
351 2060 435 2087 sese
469 2047 543 2086 sibi
583 2056 620 2087 et
659 2050 808 2099 populo
843 2049 1039 2094 Romano,
1072 2059 1152 2085 non
1188 2044 1299 2084 Verri
1333 2052 1372 2084 et

0 2121 20 2144 0
37 2110 213 2161 Apronio
243 2123 380 2158 serere,
407 2111 647 2162 impendere,
674 2113 860 2151 laborare.

81 2225 94 2245 1
121 2215 173 2246 his
189 2213 278 2246 codd.
302 2216 391 2254 (item
412 2215 431 2248 l.
453 2215 510 2255 27)
617 2226 635 2255 5
662 2221 777 2248 nostra
790 2227 854 2248 om.
879 2215 909 2247 O
1025 2226 1063 2256 13
1087 2215 1209 2247 litteris
1227 2215 1370 2256 publicis

38 2257 68 2288 O
87 2259 118 2294 (ξ
138 2257 218 2297 225)
368 2270 405 2298 14
431 2265 583 2291 aratores
603 2259 633 2290 O
652 2272 658 2290 z
683 2270 747 2292 om.
763 2265 788 2300 p
805 2261 869 2292 rell.
1018 2271 1061 2291 20
1086 2260 1173 2299 iugis
1189 2259 1237 2291 cO
1255 2271 1261 2290 ε
1287 2260 1369 2291 locis

30 2305 54 2340 p
72 2301 128 2331 rell
257 2302 495 2334 discessissent
515 2303 545 2334 O
563 2315 568 2332 1
595 2313 719 2335 recess.
734 2309 760 2343 p
777 2304 841 2335 rell.
863 2316 868 2333 z
895 2304 1022 2336 decess.
1045 2303 1156 2335 Muell.
1326 2313 1368 2343 23

37 2345 134 2374 etiam
155 2343 207 2375 O:
234 2355 298 2377 om.
314 2350 338 2385 p
355 2345 420 2376 rell.
546 2348 588 2377 26
611 2357 648 2378 se
669 2346 716 2378 cO
733 2358 738 2377 :
763 2357 827 2378 om.
844 2352 868 2387 p
885 2346 949 2378 rell.
1073 2347 1114 2377 28
1139 2347 1191 2378 sui
1208 2346 1257 2378 cO
1274 2358 1281 2377 t
1307 2357 1367 2378 sua

31 2390 56 2425 p
74 2388 206 2427 (erravit
221 2388 363 2429 Zumpt)
381 2389 444 2421 rell.
468 2388 560 2430 (Div.
582 2393 596 2428 ξ
616 2391 673 2430 21)
