1600 2704
65 151 112 190 27
133 148 172 187 65
500 131 556 170 M.
588 124 756 166 TVLLI
787 114 1095 162 CICERONIS

134 255 284 298 flentes,
308 250 479 286 Romam
505 252 662 280 mecum
688 234 880 276 decedere
908 227 1151 277 cupiverunt.
1211 217 1333 268 Quod
1353 220 1461 254 erant

136 316 284 369 oppida
320 310 416 351 mihi
449 307 653 356 complura
685 300 804 340 etiam
838 294 987 344 reliqua
1024 301 1125 340 quae
1163 284 1271 324 adire
1309 281 1464 325 vellem,

138 378 323 421 constitui
353 388 444 414 cum
473 367 703 410 hominibus
733 375 812 413 quo
842 359 906 399 die
936 355 1033 395 mihi
1063 354 1275 391 Messanae
1308 349 1465 396 praesto

139 452 279 486 essent.
340 443 401 480 Eo
428 436 523 476 mihi
550 431 733 473 nuntium
757 427 947 466 miserunt
975 434 1016 460 se
1037 432 1061 459 a
1090 421 1268 466 praetore
1297 405 1465 448 retineri.

143 511 298 561 Quibus
328 519 401 556 ego
430 497 699 541 testimonium
726 487 967 532 denuntiavi,
990 493 1159 534 quorum
1179 475 1287 517 edidi
1308 471 1470 512 nomina
1489 485 1507 518 5

144 575 321 619 Metello,
361 562 606 618 cupidissimi
651 554 850 601 veniendi,
888 547 1068 590 maximis
1115 541 1265 583 iniuriis
1313 535 1472 582 adfecti,-

144 641 275 680 adhuc
295 647 375 674 non
395 634 597 670 venerunt.
657 624 751 661 Hoc
770 619 853 658 iure
872 622 963 655 sunt
977 611 1073 651 socii
1086 617 1129 649 ut
1144 608 1190 646 iis
1206 619 1256 644 ne
1269 603 1473 654 deplorare

145 704 308 755 quidem
328 700 378 738 de
399 696 478 735 suis
498 685 763 731 incommodis
782 684 908 722 liceat.

85 777 128 809 66
203 770 289 806 Iam
325 758 499 802 Heraclii
541 749 800 802 Centuripini,
831 744 972 797 optimi
1001 736 1316 785 nobilissimique
1345 732 1477 771 adule-

149 831 305 877 scentis,
334 822 604 866 testimonium
636 814 800 856 audistis
819 827 829 860 3
861 825 884 849 a
911 821 992 860 quo
1013 807 1085 844 HS
1106 807 1129 842 ὃ
1149 815 1219 853 per
1238 795 1478 838 calumniam
1499 806 1537 829 ιο

150 896 420 943 malitiamque
462 886 585 939 petita
629 889 730 922 sunt.
808 879 889 916 Iste
928 871 1067 924 poenis
1105 862 1480 917 compromissisque

151 957 390 1011 interpositis
411 955 484 993 HS
504 948 606 990 ἴὸἓῖ
626 942 897 994 extorquenda
910 935 1068 982 curavit,
1085 932 1273 984 quodque
1288 925 1480 966 iudicium

152 1026 372 1067 secundum
407 1015 640 1058 Heraclium
675 1012 725 1050 de
756 1002 1044 1056 compromisso
1074 1000 1224 1037 factum
1261 999 1354 1038 erat,
1389 1001 1481 1028 cum

154 1091 248 1131 civis
273 1082 555 1133 Centuripinus
581 1078 682 1116 inter
708 1076 809 1113 duos
836 1069 931 1109 civis
959 1063 1225 1106 diiudicasset,
1252 1058 1294 1096 id
1323 1054 1482 1094 inritum

155 1154 265 1195 iussit
294 1165 379 1191 esse
409 1157 580 1195 eumque
610 1140 781 1180 iudicem
813 1136 956 1174 falsum
986 1128 1180 1168 iudicasse
1200 1119 1414 1167 iudicavit,
1442 1118 1484 1156 in
1505 1132 1543 1164 15

157 1227 295 1261 senatu
325 1228 420 1260 esse,
444 1210 540 1250 locis
571 1202 872 1251 commodisque
899 1193 1068 1247 publicis
1089 1191 1146 1230 uti
1166 1187 1289 1228 vetuit
1307 1200 1317 1234 3
1346 1184 1377 1223 si
1398 1182 1486 1233 quis

158 1298 247 1325 eum
269 1283 473 1333 pulsasset,
496 1272 617 1314 edixit
638 1282 723 1308 sese
736 1264 927 1305 iudicium
943 1257 1170 1299 iniuriarum
1184 1265 1265 1291 non
1279 1251 1463 1289 daturum
1478 1261 1489 1294 3

160 1346 351 1401 quicquid
381 1344 431 1381 ab
458 1354 507 1379 eo
526 1341 732 1389 peteretur,
755 1329 926 1369 iudicem
948 1325 999 1364 de
1019 1334 1090 1361 sua
1108 1320 1272 1358 cohorte
1290 1315 1487 1357 daturum,

103 1427 144 1469 67
163 1414 237 1465 ipsi
265 1419 397 1450 autem
427 1404 572 1445 nullius
601 1399 799 1439 actionem
827 1392 882 1431 rei
911 1403 953 1429 se
981 1389 1176 1428 daturum.
1235 1382 1352 1430 Quae
1379 1375 1491 1416 istius

163 1475 374 1519 auctoritas
400 1478 554 1511 tantum
581 1463 701 1505 valuit
730 1468 771 1499 ut
796 1469 926 1507 neque
946 1454 1057 1492 illum
1077 1451 1249 1500 pulsaret
1268 1443 1489 1495 quisquam,
1512 1454 1553 1477 20

165 1556 255 1584 cum
271 1547 426 1592 praetor
445 1536 485 1573 in
506 1528 707 1585 provincia
723 1538 794 1564 sua
805 1522 926 1561 verbo
942 1516 1193 1570 permitteret,
1209 1524 1250 1550 re
1262 1511 1492 1552 hortaretur,

166 1619 296 1657 neque
317 1602 526 1654 quisquam
547 1597 598 1636 ab
619 1607 666 1633 eo
680 1591 892 1642 quicquam
907 1589 1067 1636 peteret,
1083 1592 1174 1618 cum
1188 1577 1260 1615 iste
1276 1570 1502 1613 calumniae

166 1670 366 1712 licentiam
394 1679 463 1704 sua
491 1659 722 1702 auctoritate
750 1650 1014 1694 ostendisset;
1043 1641 1260 1695 ignominia
1279 1645 1412 1678 autem
1433 1635 1499 1673 illa

169 1735 293 1788 gravis
314 1742 393 1771 tam
415 1729 483 1769 diu
504 1728 543 1765 in
565 1725 632 1763 illo
653 1719 815 1760 homine
836 1715 918 1760 suit,
937 1724 1056 1762 quam
1070 1708 1139 1747 diu
1155 1707 1228 1745 iste
1240 1705 1280 1742 in
1297 1699 1499 1753 provincia

171 1799 324 1841 mansit.
384 1798 478 1834 Hoc
517 1790 662 1830 iniecto
702 1791 810 1823 metu
849 1777 1046 1818 iudicibus
1084 1784 1190 1811 novo
1228 1782 1348 1814 more,
1389 1767 1499 1804 nullo
1518 1774 1558 1806 25

173 1866 364 1914 exemplo,
387 1870 554 1909 ecquam
584 1866 666 1893 rem
693 1847 838 1901 putatis
866 1856 950 1883 esse
975 1841 1015 1878 in
1043 1836 1175 1878 Sicilia
1193 1833 1267 1873 nisi
1288 1834 1341 1871 ad
1360 1837 1501 1870 nutum

174 1930 285 1970 istius
322 1921 568 1965 iudicatam?
623 1919 767 1955 Vtrum
807 1911 848 1949 id
886 1908 1016 1946 solum
1047 1902 1201 1942 videtur
1232 1910 1318 1937 esse
1354 1902 1501 1940 aetum,

224 2043 236 2063 1
264 2039 393 2062 mecum
423 2025 589 2057 decedere
611 2018 692 2051 VO:
727 2017 800 2047 dec.
829 2020 961 2043 mecum
982 2013 1007 2048 p
1025 2005 1102 2043 rell„
1121 2001 1213 2044 quod
1235 1999 1331 2031 malit
1350 1995 1510 2029 Zielinski

180 2089 197 2108 2
220 2075 345 2115 oppida
361 2071 442 2102 mihi
465 2068 545 2099 VO:
571 2064 652 2095 mihi
669 2060 831 2100 oppidap
847 2055 912 2087 rell.
1015 2062 1034 2089 4
1059 2049 1220 2080 adessent
1241 2044 1272 2074 V
1369 2051 1389 2081 5
1413 2039 1506 2071 edidi

181 2119 315 2151 nomina
336 2114 413 2145 VO:
440 2122 528 2143 nom.
550 2109 602 2140 ed.
619 2112 642 2148 p
659 2105 722 2136 rell.
931 2098 952 2127 6
975 2091 1136 2125 veniundi
1156 2089 1186 2119 V
1374 2094 1409 2114 11
1437 2083 1506 2113 Iste

180 2163 220 2193 ad
239 2168 401 2201 praesens
423 2157 453 2185 V
612 2160 650 2189 13
674 2157 746 2178 cum
769 2143 850 2174 VO:
875 2140 963 2181 quod
980 2146 1055 2168 cum
1072 2136 1111 2165 b:
1134 2132 1223 2172 quod
1242 2129 1305 2160 rell.
1467 2136 1507 2164 14

182 2207 267 2236 duos
294 2202 378 2241 ch:
410 2200 475 2229 duo
501 2197 531 2228 O
646 2190 859 2223 diiudicasset
874 2184 943 2215 cO:
971 2181 1154 2211 iudicasset
1187 2173 1255 2204 Vb:
1288 2170 1507 2202 iudicavisset

178 2254 222 2289 pq
241 2246 303 2277 rell.
460 2242 498 2271 16
521 2248 596 2270 esse
612 2235 670 2267 cOl
689 2246 695 2264 ε
719 2243 762 2263 ne
779 2239 856 2261 esse
878 2226 923 2256 V:
948 2234 990 2255 ne
1006 2226 1098 2253 esset
1115 2218 1179 2250 rell.
1338 2224 1377 2253 19
1399 2223 1436 2244 se
1458 2210 1509 2241 V:

183 2300 260 2322 sese
272 2293 295 2327 p
312 2287 376 2317 rell.
547 2291 588 2319 23
613 2276 816 2310 ostendisset
837 2269 921 2302 ῙῙεΟ1
939 2280 945 2298 :
970 2264 1213 2306 possedissetp
1230 2258 1297 2290 rell.
1468 2264 1509 2292 24

185 2332 317 2365 homine
336 2330 398 2359 suit
416 2325 505 2365 V<ut
520 2322 660 2361 videtur)
675 2319 718 2360 pl>
735 2322 764 2348 et
774 2316 853 2357 pler.
872 2325 879 2344 :
903 2311 962 2343 fuit
979 2320 1045 2339 om.
1067 2306 1097 2336 O
1115 2318 1122 2336 ε
1147 2302 1267 2335 Lamb.
1288 2300 1368 2332 com'.
1388 2297 1511 2329 mansit

187 2387 226 2416 25
251 2373 376 2406 mansit
389 2371 451 2412 pbr
465 2367 535 2400 edd.
551 2378 558 2397 :
582 2366 642 2396 fuit
659 2361 781 2394 mansit
800 2359 851 2397 Oq
939 2362 1024 2384 novo
1044 2351 1115 2380 iure
1138 2348 1169 2377 V
