1600 2704
114 110 170 147 39
196 115 253 137 102
558 100 613 137 Μ.
646 99 813 137 TVLLI
845 99 1153 138 CICERONIS

108 548 164 579 103

108 994 165 1032 40

106 1387 165 1419 ¹04

189 222 274 248 esse
296 211 476 249 facturos.
523 211 603 249 Iste
624 223 703 248 non
726 208 992 259 procrastinat,
1009 209 1176 246 advocat
1192 208 1340 246 amicos
1360 206 1489 246 statim
1506 221 1516 255 3

188 275 339 324 quaerit
361 288 407 313 ex
428 275 472 313 iis
493 275 718 325 singillatim
740 281 837 324 quot
853 272 1020 323 quisque
1034 279 1172 310 nautas
1193 271 1383 310 habuerit.
1441 273 1515 310 Re-

188 341 358 389 spondet
379 352 479 378 unus
501 339 667 389 quisque
688 347 730 377 ut
750 346 831 377 erat
859 344 1122 388 praeceptum.
1183 337 1264 374 Iste
1292 336 1333 374 in
1363 336 1515 374 tabulas

188 405 326 451 refert3
355 404 536 453 obsignat
557 403 674 454 signis
695 403 910 441 amicorum
933 401 1142 452 providens
1163 401 1296 448 homo,
1318 408 1360 439 ut
1381 407 1516 439 contra

188 469 263 506 lioc
284 468 443 515 crimen,
465 468 495 506 si
517 469 677 518 quando
698 481 797 517 opus
819 475 930 514 esset,
949 468 1021 504 hac
1038 465 1221 504 videlicet
1242 465 1516 505 testificatione
1535 483 1553 514 5

187 540 370 571 uteretur.
431 532 614 571 Derisum
648 545 732 570 esse
766 533 885 570 credo
919 530 1120 569 hominem
1146 538 1345 568 amentem
1379 543 1401 568 a
1435 530 1515 568 suis

187 596 416 635 consiliariis
446 603 485 635 et
513 596 761 635 admonitum
785 597 902 633 hasce
933 594 968 633 ei
989 595 1142 633 tabulas
1163 594 1259 632 nihil
1281 595 1512 643 profuturas,

187 661 304 698 etiam
335 662 422 710 plus
452 674 498 698 ex
527 660 647 698 nimia
678 660 865 710 praetoris
897 658 1098 709 diligentia
1128 658 1362 708 suspicionis
1397 658 1437 696 in
1467 672 1515 697 eo

186 724 349 763 crimine
383 726 568 762 futurum.
644 726 728 762 Iam
763 724 835 762 iste
874 731 955 762 erat
994 724 1067 760 hae
1108 722 1270 760 stultitia
1303 722 1436 760 multis
1474 722 1513 760 in

186 790 302 828 rebus
318 802 410 827 usus
427 796 468 827 ut
489 788 646 839 publice
667 802 827 838 quoque
844 801 945 838 quae
961 789 1075 826 vellet
1096 787 1135 825 in
1157 786 1292 825 litteris
1312 786 1513 825 civitatum
1539 801 1576 824 ιο

186 853 269 892 tolli
303 862 341 892 et
375 853 504 892 referri
537 853 712 897 iuberet;
757 867 858 903 quae
899 852 1031 891 omnia
1070 865 1176 890 nunc
1217 851 1406 901 intellegit
1440 851 1514 889 sibi

187 917 284 956 nihil
314 919 514 968 prodesse,
545 925 803 967 posteaquam
839 917 953 955 certis
986 916 1121 955 litteris
1157 916 1322 955 testibus
1350 915 1515 954 auctori-

187 982 412 1032 tatibusque
425 981 679 1020 convincitur.
723 981 801 1020 Vbi
816 983 891 1019 hoc
906 981 1022 1027 videt,
1038 981 1192 1019 illorum
1210 979 1512 1026 confessionem,

186 1047 502 1086 testificationem
524 1060 645 1094 suam,
670 1047 832 1084 tabellas
862 1045 935 1083 sibi
964 1047 1072 1084 nullo
1102 1044 1333 1083 adiumento
1353 1045 1512 1090 futuras,

187 1112 258 1151 init
273 1111 482 1151 consilium
504 1125 584 1150 non
606 1111 775 1161 improbi
798 1110 1144 1161 praetoris,-nam
1166 1109 1207 1148 id
1228 1109 1391 1159 quidem
1412 1116 1515 1147 esset
1538 1123 1571 1155 15

186 1178 533 1223 ferendum‚——sed
568 1176 780 1226 importuni
807 1184 926 1225 atque
955 1175 1122 1213 amentis
1157 1174 1336 1224 tyranni:
1367 1174 1512 1221 statuit,

186 1244 216 1281 si
238 1244 315 1281 hoc
335 1242 484 1280 crimen
500 1242 698 1280 extenuari
714 1243 990 1287 vellet‚——nam
1012 1240 1176 1278 omnino
1196 1239 1279 1278 tolli
1295 1253 1411 1290 posse
1433 1253 1513 1277 non

185 1307 734 1354 arbitrabatur‚—nauarchos
764 1306 903 1353 omnis,
928 1305 1035 1343 testis
1058 1305 1116 1343 sui
1139 1305 1304 1351 sceleris,
1328 1304 1407 1342 vita
1428 1317 1513 1343 esse

185 1371 411 1422 privandos.
469 1371 712 1410 Occurrebat
746 1370 810 1408 illa
849 1370 969 1409 ratio:
1003 1370 1134 1418 ‘Quid
1169 1370 1385 1408 Cleomene
1417 1369 1514 1407 fiet?

185 1444 376 1486 poterone
394 1434 571 1474 animum
593 1436 793 1473 advertere
814 1434 852 1472 in
874 1448 941 1473 eos
962 1447 1061 1484 quos
1082 1433 1189 1472 dicto
1209 1433 1405 1472 audientis
1427 1446 1512 1472 esse
1534 1449 1574 1471 20

185 1500 289 1547 iussi,
314 1499 477 1538 missum
498 1501 624 1538 facere
648 1513 738 1538 eum
767 1499 829 1537 cui
858 1506 1091 1549 potestatem
1123 1498 1411 1548 imperiumque
1431 1511 1512 1548 per-

186 1564 305 1604 misi?
333 1572 524 1615 poterone
545 1578 612 1603 eos
631 1565 800 1602 adficere
821 1563 1014 1613 supplicio
1036 1563 1102 1612 qui
1125 1564 1369 1602 Cleomenen
1390 1563 1513 1600 secuti

184 1637 285 1676 sunt,
309 1629 511 1679 ignoscere
532 1628 738 1668 Cleomeni
766 1628 831 1678 qui
859 1641 993 1667 secum
1024 1629 1155 1678 fugere
1185 1636 1223 1666 et
1253 1641 1294 1666 se
1323 1627 1512 1677 consequi

184 1694 327 1732 iussit?
356 1702 545 1743 poterone
566 1706 651 1731 esse
679 1692 717 1730 in
742 1706 809 1730 eos
830 1694 1043 1731 vehemens
1071 1692 1137 1742 qui
1159 1691 1267 1730 navis
1289 1705 1369 1730 non
1390 1693 1513 1730 modo

184 1758 310 1796 inanis
338 1758 560 1796 habuerunt
585 1759 654 1796 sed
685 1757 801 1796 etiam
831 1765 994 1807 apertas,
1018 1757 1057 1794 in
1085 1770 1175 1795 eum
1206 1756 1419 1795 dissolutus
1444 1755 1512 1806 qui
1533 1769 1570 1801 25

184 1825 290 1861 solus
329 1822 509 1861 habuerit
547 1830 783 1861 constratam
823 1835 963 1860 navem
1002 1829 1040 1860 et
1079 1821 1208 1859 minus
1243 1820 1513 1859 exinanitam?

187 1890 322 1926 Pereat
345 1889 581 1927 Cleomenes
604 1901 681 1925 una
698 1889 727 1925 5'
784 1887 861 1925 Vbi
893 1888 1002 1933 fides,
1026 1886 1093 1925 ubi
1125 1886 1419 1933 exsecrationes,
1443 1886 1512 1924 ubi

184 1955 366 1991 dexterae
395 1954 715 2002 complexusque,
748 1952 814 1990 ubi
846 1952 942 1990 illud
972 1950 1276 1990 contubernium
1311 1950 1511 1989 muliebris

185 2017 344 2055 militiae
385 2017 423 2054 in
462 2017 529 2055 illo
569 2017 850 2056 delicatissimo
890 2016 1029 2054 litore?
1102 2015 1202 2054 Fieri
1242 2016 1351 2053 nullo
1390 2016 1511 2054 modo

227 2130 246 2150 2
272 2120 311 2151 iis
327 2121 343 2149 δ
361 2132 367 2150 :
392 2120 444 2150 his
463 2119 527 2151 RS
542 2123 570 2150 et
585 2119 690 2160 suppl.
705 2125 730 2159 p
748 2132 754 2150 :
781 2119 846 2150 illis
863 2118 1055 2160 Stephanus
1191 2119 1375 2158 respondet
1393 2118 1510 2150 SDW:

184 2163 357 2202 respondit
377 2164 470 2203 (corr.
490 2164 523 2193 R
539 2174 578 2193 ex
594 2163 786 2202 respondis*
806 2163 900 2203 Rpka
918 2163 965 2203 (ii,
986 2162 1017 2200 ii,
1040 2165 1055 2200 ξ
1074 2162 1131 2202 98)
1269 2173 1307 2192 10
1332 2162 1452 2193 litteris
1470 2163 1510 2191 πδ

185 2207 234 2245 (ii,
255 2207 274 2239 i.
297 2210 311 2243 §
331 2217 394 2246 57;
420 2208 461 2245 iv,
484 2210 498 2244 ξ
518 2210 575 2245 31)
593 2218 599 2237 :
625 2207 753 2237 litteras
772 2206 803 2236 R
821 2206 885 2236 rell.
979 2215 1014 2237 11
1042 2205 1113 2236 tolli
1131 2209 1164 2236 et
1176 2204 1262 2235 RS:
1286 2205 1354 2235 secl.
1369 2206 1505 2245 Zumpt,

184 2248 295 2280 Muell.
313 2261 320 2279 z
345 2256 378 2280 et
395 2249 467 2280 tolli
486 2255 518 2280 et
536 2251 552 2279 δ
677 2260 714 2279 12
738 2250 998 2288 auctoribusque
1016 2248 1048 2278 R
1163 2258 1201 2287 19
1224 2248 1409 2279 Cleomene
1425 2247 1509 2278 RS:

183 2292 357 2323 Cleomeni
373 2295 414 2332 pb
430 2304 437 2323 :
463 2293 503 2323 de
522 2292 707 2323 Cleomene
727 2293 769 2333 63
938 2302 979 2323 22
1003 2291 1212 2323 Cleomenen
1231 2291 1263 2321 R
1279 2303 1285 2321 ι
1311 2302 1377 2322 -em
1395 2289 1425 2321 S
1440 2290 1506 2322 rell.

185 2335 221 2375 (l.
244 2345 256 2366 1
276 2336 364 2374 infra
384 2345 441 2365 -en
459 2335 492 2365 R
510 2347 516 2366 ε
542 2346 608 2365 -em
631 2335 688 2365 VS
704 2336 786 2366 rell&
