1600 2704
89 95 142 134 54
168 101 228 123 120
530 88 586 124 M.
619 88 787 125 TVLLI
820 88 1125 128 crcssRoms

84 665 140 687 121

90 1529 147 1550 122

164 197 296 236 sertim
336 197 497 247 periculi
537 196 634 235 nihil
673 198 955 242 ostenderetur,
994 198 1125 235 delere
1163 205 1201 235 et
1235 197 1490 247 exstinguere.

165 264 306 312 Itaque
335 261 524 301 aedificiis
555 261 751 309 omnibus,
775 262 942 312 publicis
970 262 1138 312 privatis,
1162 262 1279 300 sacris
1306 263 1490 312 profanis,

163 327 219 365 sic
258 327 432 377 pepercit
471 328 582 376 quasi
620 328 671 366 ad
703 340 749 365 ea
783 327 1036 366 defendenda
1074 340 1165 365 cum
1196 327 1378 374 exercitu,
1415 341 1495 366 non

164 392 432 441 oppugnanda
466 391 647 429 venisset.
726 392 774 429 In
813 399 952 430 ornatu
992 391 1097 429 urbis
1136 391 1273 429 habuit
1312 391 1496 430 victoriae

165 455 368 502 rationem,
391 454 528 493 habuit
550 454 804 493 humanitatis
823 469 831 501 ;
861 455 1045 494 victoriae
1065 456 1229 505 putabat
1258 468 1344 494 esse
1374 457 1496 494 multa
1517 469 1533 500 ξ

166 521 336 559 Romam
386 520 593 569 deportare
641 532 742 568 quae
791 527 1024 558 ornamento
1063 519 1149 557 urbi
1197 532 1282 558 esse
1321 527 1493 569 possent,

164 583 419 623 humanitatis
450 596 531 621 non
561 584 678 633 plane
702 583 917 633 exspoliare
949 584 1097 630 urbem,
1120 583 1347 634 praesertim
1375 597 1494 633 quam

165 660 396 687 conservare
425 646 623 686 voluisset.
685 648 733 685 In
764 649 837 686 hac
867 647 1076 698 partitione
1106 655 1265 686 ornatus
1295 661 1377 686 non
1407 649 1494 698 plus

165 711 327 751 victoria
349 711 527 750 Marcelli
549 712 699 762 populo
721 713 908 750 Romano
928 711 1118 762 adpetivit
1139 724 1260 761 quam
1273 712 1496 750 humanitas

166 775 418 827 Syracusanis
452 776 671 815 reservavit.
733 778 906 815 Romam
938 789 1040 826 quae
1071 777 1278 826 adportata
1312 784 1414 822 sunt,
1446 777 1497 814 ad

165 843 306 881 aedem
338 840 516 879 Honoris
546 848 584 879 et
604 840 769 879 Virtutis
799 840 974 890 itemque
1004 840 1088 879 aliis
1119 840 1159 878 in
1187 840 1282 879 locis
1303 840 1493 879 videmus.

167 907 276 946 Nihil
298 906 339 944 in
359 905 535 951 aedibus,
559 905 656 943 nihil
678 905 717 943 in
738 904 859 944 hortis
885 904 1026 955 posuit,
1049 904 1147 942 nihil
1176 904 1215 942 in
1245 904 1473 943 suburbano
1492 918 1500 950 ;

167 971 329 1022 putavit,
352 970 384 1009 si
413 969 519 1009 urbis
549 978 781 1009 ornamenta
810 970 977 1008 domum
1007 982 1118 1007 suam
1149 981 1229 1007 non
1256 967 1496 1014 contulisset,

167 1037 334 1075 domum
366 1048 478 1073 suam
508 1041 742 1073 ornamento
774 1033 860 1072 urbi
895 1034 1075 1072 futuram.
1135 1033 1332 1083 Syracusis
1365 1041 1498 1072 autem

168 1101 362 1151 permulta
385 1107 504 1149 atque
520 1098 673 1149 egregia
689 1098 844 1148 reliquit
861 1113 870 1146 ;
900 1099 1020 1137 deum
1042 1111 1134 1137 vero
1154 1099 1306 1136 nullum
1327 1097 1496 1145 violavit,
1522 1115 1532 1136 ι
1557 1115 1560 1119 ’

169 1166 321 1203 nullum
356 1163 491 1214 attigit.
553 1164 740 1203 Conferte
775 1163 953 1210 Verrem,
984 1176 1065 1200 non
1098 1170 1139 1200 ut
1169 1162 1374 1201 hominem
1408 1175 1499 1200 cum

170 1229 334 1268 homine
355 1227 602 1277 comparetis,
627 1241 676 1266 ne
698 1240 776 1277 qua
797 1227 863 1265 tali
883 1226 965 1265 viro
994 1234 1150 1264 mortuo
1171 1227 1237 1265 fiat
1257 1225 1407 1273 iniuria,
1430 1227 1500 1266 sed

170 1301 212 1331 ut
234 1306 373 1343 pacem
395 1305 485 1330 cum
506 1292 622 1338 bello,
646 1293 750 1341 leges
779 1305 870 1330 curn
891 1291 939 1339 vi,
962 1292 1090 1329 forum
1111 1298 1149 1330 et
1170 1290 1260 1329 iuris
1282 1291 1500 1330 dictionem

170 1371 261 1396 cum
282 1359 383 1396 ferro
413 1364 451 1395 et
480 1356 608 1403 armis,
631 1357 846 1395 adventum
877 1363 915 1395 et
944 1354 1177 1394 comitatum
1206 1368 1298 1394 cum
1328 1355 1499 1394 exercitu

170 1430 208 1461 et
228 1421 391 1460 victoria
410 1420 629 1460 conferatis.

99 1468 150 1507 55
225 1487 348 1526 Aedis
380 1486 583 1525 Minervae
613 1493 672 1524 est
701 1486 741 1524 in
773 1486 917 1531 Insula,
942 1486 992 1524 de
1022 1497 1100 1535 qua
1129 1492 1220 1524 ante
1244 1484 1352 1532 dixi3
1380 1497 1501 1534 quam

171 1552 384 1590 Marcellus
406 1563 486 1589 non
507 1549 643 1600 attigit,
666 1563 785 1600 quam
807 1551 965 1600 plenam
985 1557 1104 1600 atque
1124 1557 1302 1588 ornatam
1323 1548 1477 1599 reliquit
1492 1564 1501 1595 3

170 1630 272 1666 quae
292 1616 343 1654 ab
363 1615 438 1654 isto
469 1614 524 1653 sic
555 1615 720 1666 spoliata
749 1623 868 1664 atque
898 1614 1049 1665 direpta
1074 1622 1132 1653 est
1153 1628 1233 1653 non
1254 1622 1295 1653 ut
1316 1614 1366 1653 ab
1387 1615 1501 1653 hoste

170 1680 314 1730 aliquo,
338 1679 405 1729 qui
426 1686 558 1717 tamen
580 1680 619 1716 in
640 1679 745 1717 bello
774 1678 1003 1728 religionem
1031 1686 1069 1717 et
1100 1677 1397 1717 consuetudinis
1419 1677 1501 1715 iura

170 1744 363 1790 retineret,
388 1744 457 1782 sed
479 1751 520 1782 ut
540 1756 563 1781 a
583 1743 756 1782 barbaris
773 1743 1038 1794 praedonibus
1056 1751 1193 1782 vexata
1208 1756 1293 1782 esse
1309 1743 1495 1782 videatur.

171 1810 308 1859 Pugna
337 1816 418 1847 erat
448 1808 639 1858 equestris
660 1807 870 1859 Agathocli
900 1808 998 1858 regis
1029 1809 1067 1846 in
1098 1807 1240 1847 tabulis
1271 1809 1374 1858 picta
1394 1820 1500 1857 prae-

170 1874 272 1912 clare
289 1888 299 1921 3
329 1872 374 1911 iis
404 1879 537 1911 autem
572 1872 716 1911 tabulis
751 1873 952 1912 interiores
993 1873 1129 1924 templi
1164 1872 1329 1924 parietes
1363 1873 1500 1911 vestie-

170 1938 323 1976 bantur.
383 1937 493 1976 Nihil
514 1945 595 1976 erat
616 1951 662 1977 ea
682 1937 833 1988 pictura
854 1937 1037 1985 nobilius,
1062 1937 1158 1975 nihil
1179 1936 1376 1987 Syracusis
1391 1938 1499 1987 quod

171 2002 292 2052 magis
313 2001 521 2042 visendum
542 2010 753 2052 putaretur.
817 2004 904 2042 Has
925 2004 1077 2042 tabulas
1092 2004 1149 2040 M.
1169 2003 1391 2048 Marcellus,
1408 2015 1497 2040 curn

213 2115 232 2134 2
258 2105 331 2136 aed.
363 2105 505 2144 publicis
533 2105 687 2136 omnibus
718 2104 813 2136 st
947 2117 965 2144 4
989 2106 1216 2145 oppugnanda
1244 2103 1361 2136 SDW:
1396 2115 1501 2144 exop-
1563 2111 1568 2128 ¹-

169 2149 350 2186 pugnanda
368 2148 421 2178 R:
446 2149 669 2187 expugnanda
683 2150 726 2188 ῥδ
823 2150 844 2179 6
870 2149 941 2179 urbi
958 2149 1159 2189 Naugert'us.
1180 2148 1248 2179 edd.
1268 2160 1273 2177 :
1303 2148 1394 2178 urbis
1410 2148 1498 2179 codd.

171 2200 187 2228 7
216 2192 415 2229 praesertim
440 2192 506 2222 secl.
524 2191 661 2225 Richter,
683 2191 796 2223 Eberlz.
936 2203 975 2223 10
999 2193 1174 2231 adportata
1197 2193 1287 2232 (app.
1311 2191 1355 2232 R)
1379 2191 1497 2222 RSD:

169 2239 342 2272 asportata
354 2236 396 2273 p&
529 2245 567 2265 21
596 2235 701 2265 Aedis
720 2234 840 2266 RSH:
871 2236 970 2266 aedes
989 2237 1005 2265 δ
1138 2246 1178 2273 24
1205 2234 1404 2273 religionem
1423 2234 1494 2266 RS.

172 2275 293 2305 Gellius
311 2288 317 2306 τ
343 2276 541 2315 religionum
561 2279 577 2307 δ
711 2288 750 2317 25
778 2279 942 2309 retineret
959 2284 994 2318 p,
1015 2278 1132 2309 Gellius
1149 2290 1155 2309 z
1190 2279 1380 2309 contineret
1396 2277 1502 2307 RSH
1565 2284 1567 2289 ·

170 2321 211 2349 26
237 2320 409 2359 praeclare
427 2320 555 2359 Eheu-12„
575 2319 732 2352 Zielinski
750 2322 793 2362 f.
819 2332 877 2361 197
909 2333 914 2351 :
948 2322 1132 2362 praeclaris
1143 2322 1207 2361 pB:
1233 2331 1297 2352 om.
1317 2319 1404 2351 codd.
1418 2320 1496 2360 pler.
