1600 2704
63 107 333 147 ACTIONIS
363 107 422 144 IN
455 105 498 144 C.
522 105 764 142 VERREM
796 104 1093 142 SECVNDAE
1124 104 1227 140 LIB.
1251 104 1288 139 V
1362 105 1391 143 6
1413 118 1452 149 ¹4

60 217 150 267 quis
171 230 212 255 se
233 228 482 255 commovere
497 216 669 261 auderet,
689 221 881 263 quantum
903 213 1056 252 terroris
1077 213 1209 251 iniecit
1227 217 1233 251 1
1278 215 1394 254 Com-

63 281 201 332 prendi
231 280 368 327 iussit3
409 279 496 329 quis
526 292 607 317 non
643 277 927 328 pertimescat?
983 290 1142 315 causam
1163 278 1294 317 dicere
1328 280 1395 317 do-

63 347 216 393 minos3
255 346 351 395 quid
386 357 496 383 servo
536 351 615 382 tam
656 342 988 381 formidolosum?
1046 342 1218 379 FEclsSE
1248 354 1393 380 vaRr

62 409 316 459 pronuntiat,-
364 416 536 447 exortam
576 407 729 446 videtur
768 407 968 444 flammam
1010 418 1227 454 paucorum
1258 407 1395 445 dolore

21 487 107 520 5ac
147 483 272 513 morte
310 473 543 512 restinxisse.
616 472 723 518 Quid
765 472 911 510 deinde
959 470 1166 520 sequitur?
1221 472 1395 509 Verbera

60 546 180 588 atque
217 539 325 589 ignes
365 546 403 576 et
442 538 506 575 illa
545 545 718 575 extrema
749 538 798 575 ad
835 534 1073 586 supplicium
1102 536 1391 582 damnatorum,

62 612 210 643 metum
241 612 471 649 ceterorum,
495 602 691 641 cruciatus
723 610 759 640 et
790 615 893 639 crux.
955 600 1079 638 Hisce
1100 600 1287 639 omnibus
1309 614 1395 650 sup-

61 669 186 720 pliciis
216 677 306 708 sunt
340 668 501 708 liberati.
562 668 662 715 Quis
695 667 849 706 dubitet
882 665 976 716 quin
1011 678 1209 703 servorum
1241 665 1395 704 animos

61 748 215 773 summa
253 734 463 773 formidine
503 733 749 784 oppresserit,
790 745 880 770 cum
918 731 1096 769 viderent
1130 744 1176 769 ea
1210 730 1395 770 facilitate

3 814 43 836 10
61 807 282 849 praetorem
323 806 365 837 ut
405 800 455 837 ab
495 811 543 836 eo
591 811 790 836 servorum
838 796 994 835 sceleris
1033 794 1395 845 coniurationisque

61 865 338 902 damnatorum
359 863 437 901 vita
455 865 515 902 vel
534 863 620 913 ipso
641 862 823 901 carnifice
845 860 1086 900 internuntio
1109 860 1395 899 redimeretur?

116 928 254 975 Quid?
283 930 360 967 hoc
381 928 420 966 in
442 927 715 978 Apolloniensi
734 927 998 971 Aristodamo,
1021 924 1150 975 quid?
1179 925 1219 962 in
1242 926 1394 964 Leonte
1414 912 1437 952 7

61 993 329 1032 Imacharensi
362 1005 443 1031 non
476 992 582 1031 idem
616 992 771 1030 fecisti?
828 991 968 1037 Quid?
1010 990 1082 1028 iste
1118 996 1248 1028 motus
1281 990 1394 1028 servi·
1419 973 1456 1004 ¹⁵

60 1056 202 1095 tiorum
217 1056 390 1108 bellique
407 1056 536 1095 subita
553 1056 724 1106 suspicio
741 1064 868 1093 utrum
887 1054 957 1093 tibi
975 1055 1135 1093 tandem
1150 1053 1393 1104 diligentiam

4 1136 40 1170 ¹5
59 1121 345 1161 custodiendae
374 1120 600 1171 provinciae
629 1134 679 1158 an
710 1133 852 1158 novam
887 1118 1078 1157 rationem
1114 1117 1393 1168 improbissimi

59 1195 245 1237 quaestus
265 1186 425 1225 attulit?
483 1185 734 1235 Halicyensis
764 1184 1022 1230 Eumenidae,
1047 1182 1190 1222 nobilis
1221 1182 1394 1222 hominis

59 1260 97 1290 et
127 1251 293 1299 honesti,
326 1265 491 1302 magnae
521 1251 713 1301 pecuniae
748 1250 884 1289 vilicus
916 1262 1007 1288 cum
1040 1249 1211 1298 impulsu
1242 1256 1311 1287 tuo
1340 1248 1394 1285 in-

59 1315 262 1354 simulatus
295 1324 407 1363 esset,
444 1316 514 1354 HS
547 1316 603 1353 i}
635 1329 657 1353 a
688 1315 853 1354 domino
884 1313 1081 1364 accepisti,
1123 1314 1231 1362 quod
1269 1326 1394 1363 nuper

58 1380 142 1430 ipse
180 1380 326 1419 iuratus
365 1380 501 1419 docuit
537 1393 655 1430 quem
688 1381 738 1418 ad
774 1380 938 1418 modum
970 1386 1123 1428 gestum
1157 1384 1269 1415 esset.
1328 1377 1394 1415 Ab

0 1462 41 1485 20
59 1444 190 1494 equite
222 1446 407 1483 Romano
429 1446 472 1484 C.
499 1444 687 1483 Matrinio
716 1444 891 1490 absente,
923 1456 1014 1480 cum
1045 1442 1076 1480 is
1101 1449 1202 1480 esset
1225 1442 1391 1488 Romae,

59 1510 167 1559 quod
197 1508 280 1547 eius
310 1508 445 1547 vilicos
475 1516 730 1559 pastoresque
760 1507 830 1546 tibi
866 1507 905 1544 in
941 1506 1206 1557 suspicionem
1240 1506 1394 1544 venisse

57 1573 220 1620 dixeras,
254 1574 324 1612 HS
355 1574 409 1613 fif:
437 1573 642 1613 abstulisti.
704 1573 812 1611 Dixit
841 1574 917 1611 hoc
949 1574 990 1610 L.
1025 1571 1191 1618 Flavius,
1224 1571 1290 1621 qui
1321 1571 1393 1610 tibi

58 1651 144 1676 eam
175 1638 384 1688 pecuniam
413 1638 643 1684 numeravit,
667 1645 894 1687 procurator
925 1637 968 1676 C.
996 1635 1168 1682 Matrini,
1192 1634 1289 1673 dixit
1310 1635 1393 1685 ipse

61 1703 281 1751 Matrinius,
313 1702 408 1741 dicit
438 1703 494 1741 vir
528 1702 776 1749 clarissimus,
814 1703 886 1741 Cn.
921 1702 1112 1739 Lentulus
1144 1712 1295 1746 censor,
1325 1699 1392 1749 qui

0 1785 39 1818 25
60 1767 221 1806 Matrini
248 1767 409 1806 honoris
443 1781 561 1806 causa
590 1766 736 1806 recenti
767 1765 925 1816 negotio
954 1766 1004 1804 ad
1040 1773 1078 1803 te
1107 1764 1251 1803 litteras
1288 1763 1392 1802 misit

59 1832 351 1882 mittendasque
375 1833 533 1870 curavit.

113 1896 255 1943 Quid?
302 1898 353 1935 de
393 1896 620 1947 Apollonio,
660 1895 790 1934 Diocli
830 1894 921 1941 filio,
965 1894 1286 1938 Panhormitano,
1328 1892 1392 1930 cui
1417 1899 1453 1930 16

60 1961 232 2000 Gemino
253 1973 475 2011 cognomen
497 1969 564 2008 est,
589 1960 785 2011 praeteriri
815 1961 976 2009 potest?
1034 1958 1191 2008 Ecquid
1212 1959 1288 1995 hoc
1310 1964 1393 1995 tota

59 2025 189 2064 Sicilia
209 2025 359 2073 clarius,
384 2026 527 2076 ecquid
552 2024 765 2076 indignius,
786 2024 928 2074 ecquid
955 2023 1199 2062 manifestius
1230 2023 1392 2072 proferri

0 2109 42 2141 30
59 2091 221 2141 potest?
278 2090 421 2139 Quem,
453 2099 496 2129 ut
526 2092 794 2129 Panhormum
824 2089 940 2135 venit,
972 2090 1023 2127 ad
1054 2101 1094 2127 se
1123 2088 1253 2126 vocari
1283 2095 1321 2126 et
1342 2089 1392 2127 de

60 2155 243 2193 tribunali
279 2155 386 2194 citari
422 2156 532 2195 iussit
566 2168 759 2195 concursu
792 2167 936 2204 magno
971 2153 1270 2204 frequentiaque
1301 2167 1392 2192 con-

61 2227 210 2259 ventus.
258 2220 456 2260 Homines
478 2220 608 2259 statim
629 2218 737 2269 loqui
754 2231 761 2254 :
795 2223 803 2238 ‘
822 2219 995 2257 Mirabar
1015 2220 1123 2268 quod
1141 2219 1388 2268 Apollonius,

109 2325 120 2344 1
150 2314 343 2354 comprendi
366 2313 431 2346 RS
446 2326 452 2345 ε
487 2313 734 2354 comprehendi
754 2316 780 2351 p
807 2311 895 2352 vulg.
1037 2322 1054 2350 7
1080 2313 1247 2344 cruciatus
1265 2315 1330 2353 p6:
1358 2321 1391 2346 et

61 2367 151 2389 cruc.
170 2357 263 2389 RSW
418 2368 456 2398 13
481 2356 709 2389 Imacharensi
727 2355 826 2386 Prisc.
843 2366 848 2386 :
875 2355 1083 2386 macharensi
1101 2356 1190 2387 codd.
1351 2369 1392 2388 22

64 2410 106 2431 Dc
127 2402 198 2432 sine
219 2401 336 2433 lineola
359 2400 447 2433 RS:
472 2402 601 2433 centies
618 2402 634 2431 δ
795 2409 835 2436 24
861 2399 941 2429 dicit
961 2408 980 2437 q
998 2410 1003 2428 :
1037 2398 1127 2430 dicet
1141 2401 1206 2439 pb:
1239 2410 1304 2431 om.
1329 2400 1392 2432 RS

62 2453 102 2483 27
129 2444 311 2485 Dioclipbz
338 2445 468 2476 Dioclis
485 2445 578 2477 st
