1600 2704
145 105 194 144 35
213 105 251 136 81
581 100 638 137 M.
668 99 837 136 TVLLI
868 97 1174 138 CICERONIS

150 608 190 639 82

134 1216 189 1261 36

149 1277 189 1314 83

211 208 329 248 etiam
368 216 527 260 propter
565 208 758 247 maiorum
798 208 1144 247 incommodorum
1183 215 1221 246 et
1269 207 1536 246 calamitatum

211 282 359 313 metum
390 274 549 324 publica
577 273 808 313 auctoritate
835 272 1108 312 defendimus:
1138 285 1261 310 unum
1291 274 1367 311 hoc
1386 272 1538 322 aliquot

211 346 369 378 senatus
390 338 579 377 consultis
604 339 894 388 reprehensum,
925 338 1208 387 decretumque
1232 343 1290 375 est
1317 344 1369 383 ut,
1393 336 1537 387 quibus

210 403 274 442 ille
295 405 345 442 de
366 403 494 453 capite
514 402 759 452 dempsisset,
783 402 808 440 ii
836 401 1023 452 pecunias
1050 402 1090 439 in
1117 401 1308 440 aerarium
1339 402 1534 440 referrent.

212 468 353 506 Statuit
385 475 543 506 senatus
577 468 654 505 hoc
688 480 738 505 ne
769 466 823 504 illi
858 466 1019 516 quidem
1051 479 1136 505 esse
1167 465 1317 504 licitum
1349 465 1412 504 cui
1447 478 1537 504 con-

211 540 380 572 cesserat
409 532 553 578 omnia,
585 545 608 569 a
637 532 785 581 populo
815 532 1004 569 factarum
1034 530 1378 581 quaesitarumque
1408 543 1536 568 rerum

212 610 385 635 summas
433 595 677 634 imminuere.
756 597 873 633 Illum
918 595 1008 633 viris
1056 595 1275 633 fortissimis
1315 594 1538 634 iudicarunt

211 670 338 712 patres
378 660 589 710 conscripti
628 659 823 698 remittere
862 661 912 698 de
951 672 1105 697 summa
1148 672 1230 697 non
1268 659 1468 709 potuisse:
1500 666 1538 697 te

211 725 361 764 mulieri
393 724 626 763 deterrimae
658 730 762 762 recte
800 723 995 763 remisisse
1035 730 1235 762 senatores
1275 722 1538 762 iudicabunt?

211 791 294 836 Ille,
328 790 378 828 de
417 802 497 838 quo
531 790 657 838 legem
690 789 860 838 populus
900 790 1106 826 Romanus
1141 787 1304 826 iusserat
1338 794 1381 825 ut
1414 787 1536 837 ipsius

209 856 390 892 voluntas
420 853 455 891 ei
485 860 618 903 posset
649 865 734 891 esse
764 865 834 902 pro
863 854 958 902 lege,
982 859 1114 890 tamen
1135 851 1175 890 in
1196 853 1272 890 hoc
1293 864 1374 890 uno
1394 864 1537 901 genere

208 927 383 958 veterum
416 918 603 968 religione
636 919 767 967 legum
807 917 1128 968 reprehenditur:
1162 924 1215 965 tu,
1248 916 1315 967 qui
1349 916 1535 955 omnibus

1557 481 1574 513 5

1559 802 1596 824 10

208 983 360 1033 legibus
390 982 615 1032 implicatus
646 982 842 1029 tenebam,
870 981 1075 1020 libidinem
1107 980 1179 1020 tibi
1213 988 1322 1020 tuam
1354 994 1424 1031 pro
1451 982 1536 1030 lege
1564 1036 1566 1039 Υ

209 1061 293 1086 esse
322 1046 512 1086 voluisti?
570 1048 618 1084 In
648 1045 715 1086 illo
745 1046 1051 1096 reprehenditur,
1076 1047 1184 1096 quod
1215 1059 1261 1084 ex
1291 1059 1336 1085 ea
1368 1046 1536 1096 pecunia
1562 1045 1565 1054 ⁴

208 1111 399 1151 remiserit
437 1125 556 1162 quam
596 1112 679 1163 ipse
717 1112 961 1162 quaesierat:
991 1111 1062 1151 tibi
1096 1113 1347 1160 concedetur,
1382 1112 1450 1163 qui
1486 1113 1536 1151 de

208 1178 335 1228 capite
355 1177 603 1227 vectigalium
625 1177 761 1228 populi
783 1177 954 1215 Romani
975 1176 1188 1216 remisisti?

263 1245 396 1292 Atque
426 1241 465 1279 in
497 1243 573 1280 hoc
603 1255 745 1291 genere
765 1241 954 1280 audaciae
974 1242 1100 1280 multo
1124 1241 1242 1280 etiam
1264 1240 1536 1291 impudentius

208 1307 248 1344 in
269 1306 448 1345 decumis
470 1306 747 1345 Acestensium
768 1313 941 1345 versatus
962 1313 1020 1345 est
1037 1321 1047 1354 3
1078 1318 1175 1356 quas
1205 1319 1294 1344 cum
1322 1306 1536 1345 addixisset

206 1371 336 1410 eidem
372 1370 426 1408 illi
460 1370 642 1417 Docimo,
674 1371 751 1409 hoc
786 1378 844 1409 est
872 1370 1041 1417 Tertiae,
1072 1369 1188 1408 tritici
1219 1369 1398 1409 modium
1429 1374 1465 1417 ῦ,
1497 1378 1535 1409 et

205 1434 474 1474 accessionem
487 1434 728 1484 ascripsisset
746 1436 816 1473 HS
839 1447 913 1481 MD,
931 1434 1059 1485 coegit
1079 1434 1305 1473 Acestensis
1323 1448 1346 1473 a
1362 1435 1533 1474 Docimo

206 1501 441 1539 tantundem
472 1499 631 1549 publice
660 1498 862 1550 accipere3
892 1499 932 1538 id
962 1500 1071 1549 quod
1092 1512 1139 1538 ex
1159 1500 1435 1538 Acestensium
1465 1513 1531 1551 pu-

207 1564 312 1604 blico
350 1563 578 1602 testimonio
616 1563 853 1614 cognoscite.
923 1563 1073 1602 Recita.
1145 1574 1448 1601 TESTIMONIVM
1469 1576 1533 1601 PV-

207 1639 376 1666 BLICVM.
440 1627 617 1666 Audistis
658 1627 794 1677 quanti
834 1629 1022 1667 decumas
1069 1627 1263 1678 acceperit
1301 1641 1324 1666 a
1363 1626 1533 1665 Docimo

207 1690 354 1737 civitas,
375 1691 491 1729 tritici
522 1691 700 1731 modium
733 1697 757 1729 57
786 1699 825 1730 et
853 1691 1144 1730 accessionem:
1175 1691 1400 1742 cognoscite
1427 1704 1533 1730 nunc

207 1756 342 1805 quanti
372 1769 414 1794 se
440 1756 665 1796 vendidisse
700 1756 898 1795 rettulerit.
959 1758 1049 1794 LEX
1078 1768 1261 1795 DECVMIS
1291 1767 1532 1794 VENDVNDIS

207 1819 254 1859 C.
275 1821 427 1858 VERRE
455 1832 517 1859 PR.
578 1822 671 1859 Hoc
703 1820 864 1860 nomine
886 1820 1025 1860 videtis
1046 1821 1161 1860 tritici
1182 1820 1360 1860 modium
1381 1832 1447 1860 clo
1466 1832 1532 1860 clo

206 1896 271 1922 cio
301 1885 351 1923 de
380 1885 508 1935 capite
539 1899 624 1924 esse
660 1887 832 1937 dempta,
866 1899 968 1936 quae
998 1900 1088 1925 cum
1118 1888 1168 1925 de
1198 1886 1334 1937 populi
1360 1886 1532 1925 Romani

205 1949 320 1996 victu,
344 1950 394 1988 de
414 1949 661 2000 vectigalium
684 1951 822 1998 nervis,
845 1952 896 1990 de
930 1951 1118 2001 sanguine
1142 1950 1370 1990 detraxisset
1397 1950 1528 1998 aerari,

206 2014 361 2053 Tertiae
382 2014 525 2053 mimae
549 2015 801 2055 condonavit.
862 2017 1003 2054 Vtrum
1034 2015 1301 2066 impudentius
1334 2015 1386 2054 ab
1415 2015 1530 2054 sociis

250 2127 269 2156 3
294 2118 456 2150 consultis
473 2124 607 2151 senatus
627 2119 658 2151 O
877 2129 896 2159 5
921 2120 995 2160 hoc,
1017 2131 1060 2151 ne
1078 2119 1123 2150 illi
1141 2119 1210 2151 edd.
1228 2119 1304 2160 pler.
1327 2118 1448 2160 (sedes.
1469 2129 1527 2159 eg.

209 2163 224 2196 ξ
247 2161 306 2199 169
324 2162 428 2201 susm)
576 2165 597 2192 6
621 2174 639 2194 a
657 2174 721 2194 om.
736 2168 762 2203 p
861 2164 902 2194 ab
921 2164 994 2203 ipso
1013 2164 1089 2195 fact.
1111 2164 1188 2194 coni.
1208 2163 1344 2194 Hotom.
1493 2173 1531 2192 ro

207 2203 315 2242 legem
334 2204 381 2235 cO
397 2216 402 2235 :
428 2205 502 2244 lege
516 2211 540 2245 p
558 2206 621 2238 rell.
747 2215 784 2245 13
808 2211 898 2237 tuam
917 2207 973 2237 tibi
995 2206 1025 2237 Ο
1149 2216 1188 2245 19
1211 2206 1347 2237 Tertiae
1365 2205 1412 2236 cO
1430 2217 1436 2235 z
1461 2216 1527 2237 om.

201 2250 226 2284 p
243 2246 307 2277 rell.
433 2258 473 2277 22
501 2249 583 2280 Rec.
604 2254 680 2280 test.
703 2250 778 2288 pub.
796 2254 821 2289 p
839 2251 946 2290 (man.
969 2260 1023 2280 rec.
1045 2250 1079 2280 z'n
1095 2249 1214 2280 lacuna
1234 2254 1271 2279 ut
1289 2253 1303 2286 ξ
1325 2250 1384 2280 168
1401 2249 1503 2289 infra)
1523 2259 1530 2279 τ

206 2298 271 2319 om.
294 2289 357 2320 rell.
472 2293 513 2321 26
537 2293 660 2323 videtis
676 2292 724 2324 cO
742 2303 749 2322 :
773 2292 939 2332 vidistisp
956 2292 1021 2324 rell.
1115 2292 1200 2323 mod.
1218 2302 1298 2322 vuu
1317 2292 1348 2323 Ο
1366 2303 1373 2322 :
1399 2292 1531 2323 modios

207 2341 236 2361 00
265 2342 295 2362 00
323 2343 352 2363 00
381 2333 508 2374 miliap

1559 1124 1594 1158 ¹5

1554 1447 1592 1470 20
