1600 2704
76 1248 136 1280 125

72 1663 81 1684 1

88 94 142 142 56
166 107 227 139 124
531 93 588 131 M.
619 94 788 131 TVLLI
820 94 1126 133 CICERONIS

85 1602 133 1642 57

92 1654 132 1685 26

161 216 256 242 auro
276 210 396 255 atque
411 203 530 242 ebore
551 202 812 253 perfectiores,
830 205 956 242 nullas
977 215 1166 253 umquam
1183 205 1264 243 ullo
1284 203 1324 243 in
1345 207 1495 255 templo

161 268 290 307 fuisse.
352 267 590 308 Incredibile
611 267 719 306 dictu
744 275 802 306 est
831 281 950 318 quam
980 267 1093 307 multi
1124 268 1263 308 Graeci
1284 270 1335 308 de
1355 271 1494 309 harum

161 334 360 372 valvarum
414 331 708 382 pulchritudine
756 331 945 383 scriptum
999 332 1235 382 reliquerint.
1314 334 1493 373 Nimium

162 398 322 437 forsitan
362 399 460 436 haec
498 396 551 435 illi
593 396 781 435 mirentur
817 405 936 448 atque
975 399 1161 446 efferant3
1203 405 1289 438 esto
1306 413 1316 447 3
1358 412 1492 438 verum

162 470 294 501 tamen
324 461 528 500 honestius
558 468 617 500 est
646 461 700 499 rei
730 461 913 512 publicae
943 469 1109 510 nostrae,
1133 462 1296 511 iudices,
1320 476 1366 502 ea
1393 477 1494 513 quae
1516 478 1532 509 5

161 526 235 564 illis
264 526 429 576 pulchra
458 538 544 564 esse
574 525 781 564 videantur
810 526 1086 577 imperatorem
1113 534 1290 567 nostrum
1316 528 1356 566 in
1388 528 1494 567 bello

159 590 363 640 reliquisse
398 602 516 639 quam
552 597 772 639 praetorem
807 589 847 628 in
879 604 976 641 pace
1005 591 1224 631 abstulisse.
1286 594 1345 631 Ex
1375 592 1494 631 ebore

159 654 459 705 diligentissime
480 655 653 704 perfecta
679 662 911 704 argumenta
936 664 1044 694 erant
1065 655 1104 694 in
1124 656 1245 695 valvis
1263 671 1273 705 3
1303 670 1348 696 ea
1369 658 1493 696 detra-

158 720 292 758 henda
312 718 461 758 curavit
482 718 626 757 omnia.
688 718 885 769 Gorgonis
914 732 959 758 os
989 720 1296 770 pulcherrimum
1317 721 1491 759 cinctum
1580 754 1584 782 l

157 783 353 834 anguibus
382 782 532 821 revellit
561 790 680 832 atque
709 783 881 831 abstulit,
913 790 951 822 et
981 791 1113 823 tamen
1140 784 1328 824 indicavit
1349 798 1390 824 se
1411 798 1491 823 non
1515 799 1552 822 10
1579 789 1583 832 ξ

159 851 287 887 solum
321 847 486 887 artificio
525 848 596 887 sed
634 847 753 886 etiam
785 847 911 898 pretio
949 857 1197 899 quaestuque
1235 849 1356 892 duci;
1399 862 1491 887 nam
1579 837 1581 844 Α

1578 857 1582 876 l

159 914 286 952 bullas
323 925 459 951 aureas
499 911 629 951 omnis
661 925 707 951 ex
738 912 784 951 iis
815 912 947 960 valvis,
984 926 1086 963 quae
1119 921 1229 953 erant
1269 916 1416 953 multae
1454 921 1492 953 et
1578 878 1582 906 3

157 991 304 1029 graves,
345 991 426 1016 non
470 977 665 1017 dubitavit
712 979 863 1017 auferre
880 992 890 1026 3
938 990 1104 1029 quarum
1144 978 1216 1017 iste
1254 992 1335 1018 non
1373 991 1492 1028 opere
1576 962 1581 1035 Ῐ

158 1042 428 1082 delectabatur
449 1042 519 1081 sed
541 1043 727 1092 pondere.
790 1044 930 1092 Itaque
950 1042 1033 1081 eius
1055 1042 1163 1082 modi
1184 1044 1314 1081 valvas
1337 1041 1491 1092 reliquit

157 1114 199 1146 ut
229 1119 331 1157 quae
361 1106 455 1144 olim
485 1107 536 1145 ad
567 1108 790 1145 ornandum
820 1109 1013 1158 templum
1044 1116 1153 1147 erant
1187 1109 1356 1146 maxime
1384 1120 1490 1146 nunc
1514 1120 1548 1151 15

156 1178 310 1210 tantum
331 1172 382 1209 ad
403 1171 670 1209 claudendum
692 1172 818 1210 factae
837 1184 922 1210 esse
944 1172 1159 1211 videantur.

212 1235 396 1274 Etiamne
415 1235 634 1285 gramineas
656 1235 923 1275 hastas—vidi
945 1235 1049 1275 enirn
1066 1249 1136 1275 vos
1157 1236 1196 1274 in
1217 1237 1294 1276 hoc
1315 1236 1488 1282 nomine,

157 1314 248 1339 cum
291 1300 401 1339 testis
448 1299 607 1347 diceret,
656 1300 921 1339 commoveri:
976 1302 1085 1350 quod
1130 1308 1210 1339 erat
1254 1302 1336 1339 eius
1380 1300 1489 1340 modi

156 1373 199 1405 ut
246 1366 368 1403 semel
409 1365 553 1403 vidisse
602 1364 694 1403 satis
742 1364 953 1412 esset,—-in
1003 1364 1146 1415 quibus
1196 1377 1325 1415 neque
1368 1378 1489 1404 manu

155 1431 303 1469 factum
333 1429 547 1480 quicquam
578 1442 708 1480 neque
738 1430 991 1480 pulchritudo
1022 1438 1102 1468 erat
1131 1431 1221 1477 ulla,
1244 1431 1313 1469 sed
1334 1436 1488 1468 tantum
1509 1441 1548 1464 20
1571 1438 1574 1448 ¹
1596 1461 1600 1480 Ι.

154 1494 388 1545 magnitudo
409 1494 649 1534 incredibilis
672 1495 722 1533 de
743 1507 821 1544 qua
838 1496 899 1533 vel
921 1494 1056 1533 audire
1077 1494 1169 1533 satis
1192 1501 1304 1542 esset,
1322 1493 1487 1533 nimium
1539 1510 1542 1513 ·
1570 1483 1573 1490 ’

153 1560 285 1600 videre
306 1562 394 1611 plus
415 1572 535 1610 quarn
556 1559 864 1606 semel‚—etiam
886 1559 926 1599 id
948 1559 1201 1610 concupisti?

208 1626 313 1663 Nam
352 1625 514 1675 Sappho
553 1637 654 1674 quae
702 1624 857 1662 sublata
895 1624 946 1662 de
994 1623 1174 1674 prytanio
1213 1630 1271 1662 est
1310 1624 1378 1663 dat
1417 1622 1487 1662 tibi

152 1690 294 1728 iustam
328 1689 635 1737 excusationem,
666 1701 789 1740 prope
823 1695 866 1727 ut
897 1689 1200 1727 concedendum
1232 1696 1350 1738 atque
1381 1687 1487 1738 igno-

152 1755 345 1793 scendum
367 1767 452 1793 esse
467 1753 655 1792 videatur.
703 1752 914 1792 Silanionis
930 1766 1029 1803 opus
1052 1761 1130 1791 tam
1153 1753 1381 1803 perfectum,
1405 1760 1485 1791 tam
1507 1764 1544 1796 25
1565 1749 1569 1804 J
1591 1782 1600 1803 ,2

152 1821 320 1869 elegans,
344 1826 425 1856 tarn
446 1818 691 1856 elaboratum
719 1817 929 1868 quisquam
960 1830 1042 1856 non
1071 1818 1192 1856 modo
1216 1816 1387 1867 privatus
1416 1818 1487 1856 sed
1596 1805 1600 1813 „

152 1884 322 1933 populus
356 1882 487 1933 potius
523 1882 685 1921 haberet
720 1895 839 1932 quam
870 1882 992 1920 homo
1027 1880 1338 1932 elegantissimus
1368 1888 1487 1931 atque

152 1947 451 1994 eruditissimus,
482 1948 657 1986 Verres?
713 1945 912 1985 Nimirum
942 1953 1079 1985 contra
1108 1945 1186 1985 dici
1217 1944 1313 1983 nihil
1343 1952 1482 1995 potest.

153 2014 343 2052 Nostrum
365 2011 471 2051 enim
492 2025 594 2051 unus
622 2011 801 2062 quisque,
833 2009 902 2060 qui
932 2018 1011 2049 tam
1042 2009 1145 2049 beati
1177 2022 1296 2059 quam
1326 2008 1398 2048 iste
1427 2016 1485 2048 est

152 2091 233 2116 non
272 2091 419 2125 sumus,
443 2085 522 2116 tam
557 2076 714 2117 delicati
754 2089 839 2115 esse
878 2088 958 2113 non
998 2087 1218 2124 possumus,
1256 2073 1287 2112 si
1323 2074 1484 2123 quando
1504 2040 1583 2117 goii

153 2142 303 2193 aliquid
324 2142 433 2181 istius
454 2141 564 2182 modi
582 2141 715 2181 videre
735 2142 851 2187 volet,
875 2147 937 2178 eat
957 2141 1008 2179 ad
1027 2140 1167 2179 aedem
1190 2137 1413 2185 Felicitatis,
1433 2138 1484 2176 ad
1562 2159 1582 2185 μ

203 2257 215 2276 1
245 2245 311 2276 ullo
335 2245 365 2275 in
392 2244 518 2284 templo
537 2249 583 2284 pq
607 2243 673 2275 cod.
698 2243 768 2275 Vrs.
791 2243 872 2283 (ullo
889 2242 964 2274 add.
985 2253 1011 2273 s.
1032 2241 1053 2273 l.
1063 2241 1137 2282 p²):
1175 2241 1229 2273 illo
1245 2242 1368 2280 templo
1385 2240 1484 2272 RSD

157 2290 206 2330 (in
222 2299 288 2329 mg.
309 2299 337 2319 v.
359 2288 377 2319 l.
399 2288 483 2325 ullo)
500 2299 507 2317 ι
532 2287 599 2319 ullo
616 2287 742 2327 templo
759 2286 813 2317 H²
831 2287 927 2327 (corr.
946 2297 985 2317 ex
1002 2285 1075 2326 illo)
1091 2285 1121 2316 Ζ
1136 2297 1142 2316 :
1169 2284 1235 2316 ullo
1253 2286 1285 2315 in
1304 2290 1453 2324 tempore
1466 2285 1483 2314 δ

160 2334 199 2363 16
222 2332 425 2362 cludendum
443 2330 506 2362 RS
654 2331 693 2362 18
716 2335 789 2362 erat
805 2330 939 2370 scripsi:
963 2334 1060 2361 erant
1076 2327 1164 2360 codd.
1183 2340 1189 2359 :
1213 2329 1300 2367 quod
1318 2350 1326 2359 .
1345 2353 1351 2359 .
1372 2352 1379 2360 .
1399 2327 1482 2359 satis

157 2380 248 2406 esset
264 2374 321 2406 del.
346 2373 394 2404 W.
417 2373 525 2413 quer
747 2384 789 2404 22
812 2374 959 2404 etiamne
971 2373 1017 2413 p&
1219 2381 1261 2412 25
1285 2380 1361 2402 esse
1378 2381 1442 2402 om.
1461 2381 1481 2400 π

157 2420 198 2449 28
222 2418 267 2449 nil
284 2417 446 2456 Zielinski,
459 2422 494 2458 p.
512 2417 572 2457 178
705 2427 748 2457 29
771 2422 823 2448 est
840 2427 904 2448 om.
918 2421 965 2457 pq
