1600 2704
118 131 387 170 ACTIONIS
418 132 479 170 IN
510 131 556 172 C,
577 131 819 167 VERREM
850 131 1147 170 SECVNDAE
1178 132 1282 168 LIB.
1305 133 1341 167 V
1388 139 1440 178 70
1463 137 1528 168 180

115 242 167 279 ad
193 254 389 279 summam
418 247 663 279 senectutem
692 253 846 278 summa
877 254 967 279 cum
993 241 1115 291 gloria
1138 242 1240 280 vixit.
1301 244 1442 281 Postea

116 306 165 353 Q.
212 305 437 355 Pompeius,
477 304 617 343 humili
650 311 769 354 atque
809 305 977 343 obscuro
1016 307 1105 344 loco
1145 313 1269 352 natus,
1311 320 1443 345 nonne

115 369 292 419 plurimis
326 368 538 407 inimicitiis
566 368 823 418 maximisque
853 369 931 407 suis
960 369 1141 419 periculis
1170 383 1217 408 ac
1243 370 1442 409 laboribus

115 433 378 483 amplissimos
417 435 588 471 honores
622 440 680 471 est
719 434 916 483 adeptus?
973 435 1101 473 Modo
1132 435 1177 474 C.
1215 435 1440 481 Fimbriam,

76 512 94 543 5
115 498 160 537 C.
196 498 379 545 Marium,
413 499 457 537 C.
492 497 672 537 Caelium
706 497 875 537 vidimus
906 512 987 537 non
1019 500 1284 538 mediocribus
1319 499 1444 537 inimi-

113 562 214 601 citiis
234 576 280 602 ac
306 562 507 601 laboribus
531 563 772 601 contendere
799 570 841 601 ut
867 564 918 601 ad
948 563 1042 601 istos
1073 565 1243 602 honores
1270 564 1443 613 perveni-

113 634 197 665 rent
217 628 268 665 ad
289 640 390 676 quos
410 641 478 666 vos
500 641 569 677 per
588 628 726 665 ludum
747 634 785 665 et
805 640 873 676 per
893 628 1178 677 neglegentiam
1199 628 1440 678 pervenistis.

113 693 228 729 Haec
263 693 404 730 eadem
435 699 493 730 est
524 698 679 731 nostrae
709 691 868 730 rationis
898 692 1002 742 regio
1032 700 1069 731 et
1098 693 1170 739 via,
1202 694 1342 731 horum
1370 706 1441 732 nos

1466 250 1524 280 181

113 755 322 794 hominum
353 764 500 794 sectam
535 764 655 806 atque
694 756 870 796 instituta
904 757 1183 807 persequimur.
1248 757 1441 796 Videmus
1461 767 1502 806 71

54 837 96 862 ιο
113 828 260 869 quanta
299 820 347 858 sit
385 820 426 858 in
464 820 611 859 invidia
649 829 878 871 quantoque
910 822 949 860 in
981 822 1075 860 odio
1106 823 1212 872 apud
1247 824 1440 871 quosdam

112 884 256 922 nobilis
284 884 464 923 homines
492 898 688 927 vnovorum
717 886 923 926 hominum
950 886 1069 924 virtus
1099 894 1137 925 et
1166 886 1356 925 industria
1371 901 1381 933 ,-
1410 887 1441 924 si

113 950 308 989 tantulum
325 951 461 987 oculos
482 949 752 997 deiecerimus‚
770 958 925 1000 praesto
946 964 1031 989 esse
1052 950 1211 989 insidias
1231 966 1241 998 3
1270 951 1300 989 si
1318 952 1441 989 ullum

113 1014 244 1051 locum
282 1013 550 1064 aperuerimus
589 1014 803 1064 suspicioni
847 1022 914 1052 aut
954 1014 1117 1061 crimini,
1164 1015 1440 1065 accipiendum

112 1077 243 1116 statim
286 1079 428 1116 vulnus
475 1091 590 1125 esse3
635 1092 789 1128 semper
832 1079 946 1117 nobis
985 1079 1237 1129 vigilandum,
1287 1092 1441 1129 semper

53 1158 90 1190 15
111 1142 374 1181 laborandum
393 1142 583 1181 videmus.
645 1142 880 1181 Inimicitiae
914 1151 1015 1190 sunt,
1049 1144 1288 1190 subeantur;
1318 1144 1437 1189 labor,

112 1207 345 1258 suscipiatur
360 1222 372 1255 ,-
411 1207 558 1246 etenim
593 1207 734 1246 tacitae
768 1208 890 1257 magis
929 1215 966 1246 et
1001 1209 1179 1247 occultae
1213 1207 1440 1246 inimicitiae

112 1272 312 1310 timendae
343 1279 434 1310 sunt
472 1285 592 1322 quarn
631 1271 803 1311 indictae
837 1280 955 1322 atque
989 1280 1155 1322 apertae.
1214 1272 1439 1312 Hominum

111 1335 305 1375 nobilium
326 1350 407 1374 non
427 1337 506 1375 fere
527 1335 735 1386 quisquam
757 1344 912 1375 nostrae
933 1336 1145 1375 industriae
1166 1338 1268 1375 favet
1284 1352 1294 1384 ,-
1324 1337 1439 1375 nullis

112 1401 254 1440 nostris
285 1401 422 1440 officiis
462 1401 771 1439 benivolentiam
810 1401 966 1439 illorum
997 1401 1164 1439 adlicere
1204 1414 1441 1450 possumus,

53 1483 94 1505 20
111 1465 225 1516 quasi
258 1473 396 1504 natura
425 1473 463 1504 et
491 1478 634 1515 genere
664 1465 829 1503 diiuncti
859 1465 949 1512 sint,
976 1465 1028 1503 ita
1057 1465 1249 1503 dissident
1277 1478 1300 1503 a
1325 1465 1439 1504 nobis

110 1530 246 1568 animo
265 1543 311 1568 ac
331 1531 544 1568 voluntate.
605 1531 737 1578 Quare
758 1529 855 1579 quid
876 1530 1024 1568 habent
1049 1542 1183 1567 eorum
1212 1528 1440 1568 inimicitiae

111 1594 285 1644 periculi,
318 1607 487 1644 quorum
526 1594 680 1633 animos
715 1593 792 1632 iam
831 1602 923 1633 ante
962 1593 1144 1632 habueris
1183 1593 1363 1632 inimicos
1402 1601 1441 1632 et

111 1658 266 1698 invidos
295 1672 415 1709 quam
445 1660 543 1697 ullas
573 1658 797 1698 inimicitias
828 1659 1073 1709 susceperis?

165 1725 298 1772 Quam
325 1724 378 1762 ob
412 1737 494 1762 rem
527 1723 636 1772 mihi,
666 1724 828 1771 iudices,
857 1732 1036 1774 optatum
1066 1724 1162 1762 illud
1192 1731 1261 1770 est,
1293 1723 1333 1761 in
1363 1725 1440 1762 hoc

53 1804 90 1836 ²5
111 1801 179 1826 reo
210 1789 331 1826 finem
360 1787 575 1827 accusandi
606 1789 742 1835 facere,
770 1801 860 1826 cum
889 1796 926 1827 et
953 1789 1102 1839 populo
1133 1789 1318 1826 Romano
1348 1788 1439 1826 satis

111 1854 258 1890 factum
289 1859 327 1890 et
354 1859 555 1901 receptum
584 1852 758 1890 officium
788 1852 939 1900 Siculis,
972 1851 1198 1891 necessariis
1229 1851 1336 1898 meis,
1369 1853 1439 1890 erit

111 1918 353 1967 persolutum
371 1930 382 1963 3
410 1915 669 1954 deliberatum
689 1924 822 1954 autem
843 1925 912 1963 est,
931 1916 962 1954 si
983 1930 1042 1955 res
1058 1916 1287 1965 opinionem
1310 1929 1438 1954 meam

111 1994 230 2031 quam
251 1982 301 2019 de
321 1979 433 2019 vobis
460 1979 589 2018 habeo
617 1980 805 2027 fefellerit,
829 1993 909 2018 non
938 1982 1059 2018 modo
1086 1993 1154 2018 eos
1176 1980 1357 2029 persequi
1388 1982 1439 2018 ad

111 2058 210 2096 quos
232 2044 401 2083 maxime
420 2045 536 2094 culpa
559 2044 731 2095 corrupti
757 2044 889 2091 iudici,
912 2045 982 2083 sed
1010 2044 1127 2083 etiam
1148 2043 1234 2082 illos
1263 2044 1314 2082 ad
1339 2057 1439 2094 quos

157 2159 170 2178 1
198 2151 324 2180 senect.
343 2157 472 2178 summa
490 2157 556 2178 om.
578 2146 677 2179 RSD
782 2156 802 2185 5
827 2147 864 2178 C.
884 2151 958 2178 ante
977 2147 1118 2178 Marium
1136 2157 1198 2177 om.
1221 2145 1314 2178 RSqt
1420 2157 1437 2184 7

110 2201 172 2231 per
192 2194 281 2229 (ante
297 2191 446 2230 negleg.)
466 2201 531 2221 om.
552 2203 572 2220 π
660 2201 680 2229 9
703 2191 877 2221 videamus
894 2189 987 2221 st
1080 2200 1118 2220 10
1143 2191 1177 2220 in
1193 2191 1282 2230 (ante
1298 2189 1438 2227 invidia)

109 2245 175 2265 om.
195 2234 284 2265 codd.
298 2234 378 2274 pler.
530 2244 568 2264 12
592 2239 719 2264 tantum
737 2234 868 2264 oculum
885 2233 978 2265 st
1125 2243 1162 2272 15
1186 2233 1318 2263 labores
1334 2232 1437 2262 susci-

110 2278 244 2317 piantur
254 2279 298 2317 p&
429 2287 468 2307 21
495 2287 532 2307 ac
550 2277 583 2307 R
602 2289 608 2308 :
631 2282 664 2308 et
681 2276 739 2308 Sw
873 2287 913 2315 24
939 2277 1018 2307 mihi
1035 2278 1102 2307 iud.
1117 2281 1269 2316 optatum
1287 2276 1367 2305 illud
1385 2280 1437 2306 est

109 2320 230 2351 RSD:
262 2320 446 2360 optandum
464 2320 544 2350 mihi
561 2321 628 2352 iud.
648 2320 730 2351 illud
748 2325 798 2351 est
818 2320 899 2361 (iud.
919 2330 984 2350 om.
1003 2323 1033 2360 q*
1049 2320 1116 2360 qu
1133 2332 1139 2350 :
1164 2320 1230 2351 iud.
1252 2320 1436 2358 optandum

110 2369 163 2396 est
179 2364 260 2394 illud
278 2365 294 2393 δ

1464 1153 1520 1184 182

1464 1728 1524 1767 183
