1600 2704
65 104 334 144 ACTIONIS
364 105 425 143 IN
456 104 500 143 C.
524 105 765 143 VERREM
796 105 1093 144 SECVNDAE
1125 107 1228 144 LIB.
1252 107 1288 141 V
1371 115 1395 142 2
1415 120 1434 151 5

65 215 122 252 M.
147 215 291 254 Crasso
319 221 386 252 aut
416 214 489 254 Cn.
514 214 706 264 Pompeio
735 214 1068 253 communicatam
1099 218 1245 265 putas?
1302 217 1394 254 Non

61 279 227 317 arbitror
256 280 332 318 hoc
360 278 478 318 etiam
508 287 598 318 tuae
629 280 766 318 deesse
796 279 1075 329 impudentiae,
1107 288 1148 318 ut
1183 280 1395 330 quicquam

61 344 145 383 eius
175 343 284 383 modi
313 343 444 383 dicere
471 344 629 382 audeas.
689 343 887 383 Obstitisti
915 344 1097 383 videlicet
1125 358 1175 382 ne
1205 358 1251 382 ex
1285 345 1396 382 Italia

60 408 224 448 transire
238 409 278 447 in
295 407 466 447 Siciliam
483 407 734 459 fugitivorum
749 408 888 459 copiae
909 417 1080 459 possent.
1114 408 1203 455 Vbi,
1220 410 1387 458 quando1

24 486 139 523 5qua
173 486 220 513 ex
254 475 395 524 parte?
437 486 528 512 cum
563 480 631 511 aut
663 473 811 512 ratibus
850 481 917 512 aut
955 473 1119 513 navibus
1159 482 1395 512 conarentur

59 539 278 578 accedere?
330 539 415 577 Nos
435 538 541 577 enim
563 538 659 576 nihil
681 552 869 588 umquam
891 551 1047 589 prorsus
1067 538 1301 585 audivimus,
1324 540 1394 578 sed

60 604 157 642 illud
172 603 405 649 audivimus,
426 605 482 641 M.
500 603 642 650 Crassi,
665 604 864 642 fortissimi
886 604 965 650 viri,
988 604 1128 642 virtute
1149 604 1394 654 consilioque

60 669 207 707 factum
239 682 290 707 ne
321 668 468 707 ratibus
507 668 728 707 coniunctis
769 670 866 708 freto
906 669 1054 719 fugitivi
1083 670 1135 708 ad
1166 670 1394 707 Messanam

61 733 222 772 transire
271 741 446 783 possent,
492 746 514 772 a
561 747 642 784 quo
691 733 743 772 illi
792 742 937 773 conatu
989 747 1069 772 non
1119 741 1228 773 tanto
1276 747 1395 784 opere

3 813 42 835 10
60 799 299 849 prohibendi
328 799 502 846 fuissent,
532 798 563 837 si
591 800 668 837 ulla
700 799 739 837 in
771 799 902 838 Sicilia
932 799 1123 850 praesidia
1154 800 1206 838 ad
1240 799 1393 838 illorum

58 863 274 902 adventum
296 864 477 914 opposita
498 871 735 914 putarentur.

114 931 167 967 At
185 941 274 967 cum
297 935 399 967 esset
430 928 469 967 in
499 929 612 967 Italia
639 929 787 968 bellum
810 937 888 968 tam
911 944 1032 980 prope
1052 944 1075 968 a
1096 929 1237 977 Sicilia,
1262 938 1394 969 tamen
1414 942 1433 974 6

60 992 100 1031 in
122 993 252 1032 Sicilia
274 1007 355 1032 non
376 993 460 1032 fuit.
510 994 619 1040 Quid
641 994 816 1032 mirum?
845 1008 894 1033 ne
915 1008 1006 1033 cum
1028 995 1067 1032 in
1088 993 1218 1034 Sicilia
1231 995 1393 1045 quidem

59 1057 132 1096 fuit
154 1059 298 1097 eodem
319 1059 533 1105 intervallo,
557 1071 644 1108 pars
659 1058 741 1097 eius
764 1059 855 1097 belli
877 1059 916 1097 in
940 1060 1095 1098 Italiam
1117 1061 1195 1098 ulla
1213 1060 1390 1110 pervasit.

3 1133 41 1165 15
62 1122 221 1161 Etenim
251 1122 522 1173 propinquitas
558 1124 733 1162 locorum
768 1125 819 1163 ad
854 1131 979 1162 utram
1014 1132 1163 1174 partem
1196 1126 1272 1163 hoc
1304 1126 1393 1164 loco
1412 1132 1437 1170 3

60 1188 284 1237 profertur?
314 1194 444 1225 utrum
471 1186 622 1225 aditum
651 1188 805 1226 facilem
835 1189 1014 1228 hostibus
1044 1203 1094 1228 an
1115 1189 1393 1240 contagionem

61 1251 242 1291 imitandi
264 1251 357 1291 belli
378 1251 638 1302 periculosam
661 1253 809 1292 fuisse?
851 1254 993 1293 Aditus
1014 1255 1143 1293 omnis
1164 1255 1394 1294 hominibus

60 1317 144 1356 sine
166 1319 243 1356 ulla
273 1318 457 1356 facultate
487 1317 645 1355 navium
677 1332 757 1356 non
788 1321 910 1359 modo
932 1320 1151 1359 disiunctus
1176 1322 1246 1359 sed
1274 1320 1392 1359 etiam

59 1384 216 1421 clausus
237 1390 306 1429 est,
330 1390 372 1421 ut
393 1382 467 1420 illis
495 1382 639 1432 quibus
667 1383 837 1422 Siciliam
868 1385 1131 1435 propinquam
1155 1385 1272 1423 fuisse
1293 1385 1394 1424 dicis

0 1461 40 1483 20
59 1448 210 1487 facilius
240 1449 354 1487 fuerit
383 1448 435 1486 ad
465 1447 672 1486 Oceanum
705 1449 906 1499 pervenire
937 1463 1057 1500 quam
1087 1451 1137 1489 ad
1169 1450 1392 1489 Peloridem

58 1515 257 1553 accedere.
319 1512 515 1562 Contagio
554 1521 685 1551 autem
728 1515 800 1552 ista
839 1515 985 1553 servilis
1026 1515 1117 1554 belli
1149 1528 1217 1553 cur
1247 1516 1318 1553 abs
1353 1522 1391 1554 te
1413 1530 1431 1563 7

57 1578 188 1629 potius
210 1591 329 1629 quam
350 1579 400 1618 ab
422 1579 467 1618 iis
488 1578 674 1619 omnibus
695 1579 762 1628 qui
792 1587 940 1619 ceteras
969 1580 1187 1630 provincias
1213 1580 1392 1619 obtinue-

56 1651 146 1681 runt
166 1644 446 1694 praedicatur?
475 1647 540 1683 An
562 1645 671 1694 quod
693 1645 732 1682 in
762 1644 891 1683 Sicilia
922 1645 998 1683 iam
1028 1652 1144 1683 antea
1175 1645 1276 1683 bella
1297 1644 1392 1695 fugi-

58 1709 225 1748 tivorum
261 1711 450 1748 fuerunt?
478 1717 517 1748 at
550 1722 595 1748 ea
630 1709 713 1759 ipsa
745 1722 862 1748 causa
894 1718 952 1749 est
987 1723 1054 1748 cur
1086 1710 1158 1748 ista
1191 1709 1391 1759 provincia

0 1786 36 1819 ²5
59 1773 223 1813 minimo
253 1775 293 1812 in
322 1774 496 1824 periculo
526 1776 574 1813 sit
603 1781 640 1812 et
669 1775 792 1813 fuerit.
852 1776 956 1814 Nam
992 1783 1248 1826 posteaquam
1284 1775 1391 1813 illinc

59 1839 126 1877 M'.
149 1838 332 1888 Aquilius
362 1839 540 1885 decessit,
565 1839 743 1877 omnium
774 1840 950 1878 instituta
979 1848 1097 1890 atque
1126 1841 1256 1878 edicta
1285 1853 1390 1889 prae-

56 1910 184 1942 torum
215 1905 371 1943 fuerunt
401 1904 484 1942 eius
515 1904 624 1943 modi
654 1912 695 1942 ut
725 1917 775 1943 ne
796 1906 882 1954 quis
904 1918 994 1943 curn
1020 1906 1099 1943 telo
1121 1917 1252 1943 servus
1274 1911 1385 1942 esset.

55 1969 179 2007 Vetus
219 1976 277 2007 est
315 1970 424 2019 quod
463 1969 604 2015 dicam,
645 1977 683 2007 et
723 1977 881 2020 propter
925 1969 1172 2008 severitatem
1219 1969 1387 2020 exempli

55 2032 203 2072 nemini
223 2034 386 2073 fortasse
406 2041 577 2072 vestrum
598 2033 831 2081 inauditum,
855 2036 897 2073 L.
925 2034 1145 2074 Domitium
1167 2041 1386 2084 praetorem

0 2109 37 2141 30
54 2096 94 2136 in
114 2095 254 2146 Sicilia,
276 2112 367 2137 cum
387 2111 480 2148 aper
500 2099 637 2148 ingens
655 2100 706 2137 ad
728 2112 819 2138 eum
839 2101 992 2139 adlatus
1014 2108 1126 2146 esset,
1147 2098 1386 2138 admiratum

54 2163 261 2213 requisisse
295 2165 382 2214 quis
415 2177 506 2202 eum
540 2163 819 2213 percussisset3
857 2178 948 2204 cum
981 2166 1154 2205 audisset
1187 2172 1384 2215 pastorem

95 2278 114 2306 4
138 2273 203 2307 quo
220 2266 302 2308 DG2
321 2266 429 2307 (salsa
454 2267 583 2306 interpr.
604 2271 668 2306 qno
686 2266 728 2306 δ’)
751 2279 757 2297 z
791 2270 957 2308 quomodo
977 2270 1017 2311 Gl
1035 2270 1064 2301 L
1077 2271 1120 2301 al.
1277 2269 1298 2299 6
1323 2270 1384 2300 sed

50 2309 157 2340 Halm
175 2322 180 2340 :
206 2316 239 2341 et
256 2310 344 2341 codd.
475 2311 513 2341 18
539 2311 724 2341 disiunctus
743 2310 826 2351 RSp
843 2313 900 2352 (iv,
916 2316 931 2350 §
949 2315 1022 2353 103)
1043 2325 1050 2344 ε
1075 2314 1245 2344 diiunctus
1262 2312 1385 2350 Halm,

51 2352 119 2383 edd.
253 2364 293 2384 22
319 2355 359 2385 iis
376 2353 446 2385 edd.
463 2365 470 2384 ι
495 2354 581 2394 hisp
598 2365 603 2383 :
633 2354 705 2385 istis
724 2354 756 2385 R
776 2366 782 2385 z
809 2356 904 2388 histis
922 2355 952 2387 S

93 2417 155 2440 cxc.
177 2418 255 2440 van.
1256 2413 1296 2441 25
