1600 2704
74 136 129 183 36
150 144 190 181 δι)
517 127 575 165 Μ.
606 122 775 162 TVLLI
807 115 1114 160 CICERONIS

148 254 268 296 atque
292 243 476 282 incensus
507 236 720 288 hospitium
751 233 786 272 ei
816 229 1022 275 renuntiat,
1049 228 1172 266 domo
1202 223 1284 263 eius
1315 221 1478 271 emigrat

149 319 268 361 atque
301 309 404 348 adeo
434 304 536 351 exit3
575 315 667 340 nam
698 299 776 338 iam
808 304 898 336 ante
932 293 1148 343 emigrarat.
1208 290 1313 327 Eum
1346 294 1480 325 autem

151 375 281 415 statim
299 368 557 411 inimicissimi
577 364 715 406 Stheni
731 365 895 403 domum
917 371 1027 398 suam
1048 355 1224 401 invitant,
1243 360 1285 391 ut
1303 351 1481 390 animum

153 440 236 480 eius
257 439 296 477 in
318 435 525 476 Sthenium
546 432 834 470 inflammarent
855 423 1110 464 ementiendo
1129 418 1279 469 aliquid
1300 424 1339 456 et
1359 414 1483 454 erimi-

155 505 299 542 nando.
362 500 417 538 Hi
446 505 578 537 autem
609 501 718 533 erant
745 489 892 530 inimici
918 485 1150 538 Agathinus,
1179 484 1302 521 homo
1326 478 1483 525 nobilis,
1504 485 1521 518 5

156 577 194 608 et
234 566 471 608 Dorotheus,
513 560 581 610 qui
620 557 792 597 habebat
835 555 875 593 in
915 549 1165 591 matrimonio
1210 545 1483 589 Callidamam,

157 630 344 682 Agathini
387 628 470 667 eius
514 624 658 669 filiam;
705 623 756 660 de
797 632 876 670 qua
914 617 985 656 iste
1028 613 1217 660 audierat,
1256 610 1389 659 itaque
1435 608 1486 646 ad

157 708 345 748 generum
372 689 557 743 Agathini
585 689 748 738 migrare
779 682 925 723 maluit.
984 682 1074 717 Vna
1108 690 1186 716 nox
1218 675 1487 713 intercesserat

159 775 249 800 cum
282 760 354 797 iste
390 756 638 794 Dorotheum
669 751 724 789 sic
753 748 941 799 diligebat
970 752 1012 783 ut
1041 742 1192 782 diceres
1226 738 1360 778 onmia
1389 737 1488 774 inter

160 839 227 866 eos
257 838 342 862 esse
367 818 605 864 communia,
638 814 880 866 Agathinum
908 811 960 849 ita
987 807 1221 848 observabat
1248 812 1291 843 ut
1317 802 1489 852 aliquem
1511 810 1551 833 10

160 891 333 929 adfinem
376 895 495 936 atque
538 881 830 933 propinquum;
878 882 1132 915 contemnere
1175 869 1292 909 etiam
1336 867 1490 916 signum

162 957 258 995 illud
302 953 492 992 Himerae
540 949 617 987 iam
661 945 880 989 videbatur,
918 940 1027 990 quod
1067 950 1157 976 eurn
1201 934 1326 972 multo
1370 929 1492 979 magis

93 1010 143 1049 37
165 1023 286 1071 figura
316 1026 353 1057 et
383 1016 613 1055 liniamenta
647 1009 825 1059 hospitae
855 1004 1116 1045 delectabant.
1178 1000 1318 1047 Itaque
1349 993 1493 1032 hortari

104 1071 145 1103 9⁰
166 1084 347 1124 homines
377 1079 507 1129 coepit
538 1085 579 1116 ut
608 1074 758 1124 aliquid
787 1069 952 1110 Sthenio
981 1064 1143 1118 periculi
1170 1067 1345 1102 crearent
1371 1057 1496 1097 crimi-

167 1150 307 1199 nisque
341 1146 622 1194 confingerent.
684 1137 881 1177 Dicebant
917 1147 957 1172 se
995 1131 1049 1169 illi
1082 1128 1179 1167 nihil
1211 1126 1355 1165 habere
1388 1122 1497 1172 quod
1520 1132 1556 1163 15

167 1215 353 1254 dicerent.
412 1211 518 1248 Tum
550 1207 621 1245 iste
654 1204 698 1243 iis
724 1209 858 1252 aperte
887 1196 1060 1238 ostendit
1090 1202 1128 1233 et
1155 1188 1401 1231 confirmavit
1431 1199 1498 1225 eos

169 1280 208 1317 in
230 1276 437 1317 Sthenium
458 1270 654 1323 quidquid
669 1269 828 1313 vellent,
849 1264 963 1302 simul
984 1269 1101 1310 atque
1122 1259 1172 1297 ad
1193 1270 1234 1295 se
1255 1253 1497 1296 detulissent,

170 1343 413 1394 probaturos.
473 1339 616 1386 Itaque
638 1333 691 1372 illi
716 1345 796 1370 non
818 1326 1114 1380 procrastinant,
1138 1320 1345 1361 Sthenium
1370 1316 1501 1355 statim

171 1410 356 1451 educunt,
402 1403 511 1442 aiunt
552 1401 602 1439 ab
650 1411 698 1436 eo
741 1396 887 1434 litteras
928 1389 1106 1442 publicas
1154 1399 1239 1425 esse
1287 1388 1499 1430 corruptas.

172 1470 357 1512 Sthenius
385 1468 557 1519 postulat
583 1471 635 1510 ut,
659 1474 750 1501 curn
781 1471 915 1498 secum
941 1454 1001 1493 sui
1025 1453 1129 1492 cives
1156 1456 1273 1500 agant
1293 1448 1343 1486 de
1368 1444 1503 1484 litteris
1525 1458 1566 1480 20

174 1535 342 1588 publicis
367 1531 570 1582 corruptis,
594 1528 757 1576 eiusque
782 1523 836 1562 rei
856 1521 1008 1571 legibus
1029 1515 1377 1556 Thermitanorum
1401 1508 1504 1548 actio

175 1602 233 1649 sit,
272 1607 510 1647 senatusque
550 1602 588 1633 et
627 1591 797 1643 populus
838 1588 1043 1625 Romanus
1079 1576 1356 1623 Thermitanis,
1397 1574 1506 1624 quod

176 1679 330 1715 semper
382 1663 421 1700 in
471 1657 644 1699 amicitia
695 1655 853 1703 fideque
904 1647 1150 1691 mansissent,
1206 1643 1344 1682 urbem
1396 1651 1507 1689 agros

178 1734 362 1781 legesque
384 1740 473 1766 suas
494 1722 731 1763 reddidisset
762 1715 1005 1763 Publiusque
1034 1709 1217 1760 Rupilius
1239 1714 1375 1758 postea
1405 1705 1509 1753 leges

180 1796 232 1834 ita
267 1792 407 1832 Siculis
440 1805 486 1829 ex
518 1795 676 1828 senatus
712 1783 894 1823 consulto
924 1780 973 1817 de
1008 1788 1035 1814 Χ
1065 1777 1280 1825 legatorum
1316 1767 1510 1808 sententia
1533 1779 1569 1811 25

181 1859 356 1899 dedisset
385 1864 427 1895 ut
457 1855 561 1893 cives
592 1852 691 1889 inter
719 1861 803 1887 sese
833 1843 984 1894 legibus
1014 1840 1093 1878 suis
1123 1843 1292 1888 agerent,
1325 1834 1511 1881 idemque

183 1927 259 1963 hoc
297 1923 460 1960 haberet
498 1920 640 1956 Verres
680 1914 762 1964 ipse
801 1911 840 1948 in
879 1907 1034 1947 edicto:
1074 1912 1115 1942 ut
1154 1904 1204 1941 de
1236 1900 1295 1938 his
1327 1897 1512 1937 omnibus

123 2006 160 2038 91
184 1988 311 2027 causis
350 2000 391 2024 se
428 1985 479 2023 ad
517 1984 622 2031 leges
654 1980 825 2018 reiceret.
886 1974 966 2011 Iste
1000 1971 1121 2008 homo
1152 1966 1331 2005 omnium
1364 1961 1513 2012 aequis·
1598 1962 1600 1974 ²

186 2054 306 2092 simus
331 2059 450 2101 atque
477 2062 499 2087 a
525 2045 741 2096 cupiditate
769 2036 1052 2079 remotissimus
1078 2047 1118 2072 se
1149 2030 1397 2081 cogniturum
1428 2040 1512 2065 esse
1596 1975 1600 2052 l

187 2119 417 2162 confirmat3
447 2120 624 2165 paratum
649 2110 700 2148 ad
721 2117 880 2147 causam
905 2101 1116 2141 dicendam
1137 2095 1268 2135 venire
1290 2095 1385 2132 hora
1410 2104 1513 2130 nona
1535 2103 1577 2135 30

236 2229 247 2248 1
274 2224 374 2257 atque
392 2229 427 2248 c:
452 2222 485 2247 et
505 2213 598 2255 Oqu
616 2214 648 2251 (ξ
668 2220 710 2251 95
728 2208 830 2249 infra}
848 2218 855 2237 z
879 2216 942 2235 om.
963 2203 1000 2232 ὂδ
1166 2208 1186 2237 3
1210 2197 1322 2228 statim
1334 2197 1410 2236 post
1424 2202 1516 2225 suam
1594 2168 1600 2237 l

190 2263 306 2293 habent
321 2262 367 2296 116,
387 2260 457 2291 edd.
620 2257 659 2286 16
684 2255 710 2285 is
722 2259 746 2293 p
763 2263 769 2282 :
793 2252 845 2281 his
862 2248 948 2286 vulg.
971 2245 1038 2285 (his
1056 2244 1120 2274 iste
1138 2241 1169 2279 b)
1326 2249 1363 2278 17
1390 2237 1517 2268 vellent
1596 2240 1600 2261 ῑ

191 2307 341 2337 dicerent
355 2310 378 2344 p
394 2308 422 2334 et
438 2301 524 2333 codd.
542 2300 619 2340 pler.
726 2306 767 2326 20
791 2303 864 2325 curn
882 2290 929 2322 cO
946 2301 952 2320 :
976 2298 1040 2318 om.
1054 2291 1078 2327 p
1097 2285 1161 2316 rell.
1182 2284 1227 2323 (v.
1249 2286 1264 2321 ξ
1288 2293 1298 2312 1
1310 2283 1359 2313 16?
1476 2281 1517 2310 26

192 2359 228 2379 se
249 2349 298 2380 Ob
449 2356 488 2384 27
515 2344 654 2374 haberet
674 2339 726 2370 0:
751 2335 941 2374 habueritp
958 2331 1022 2362 rell.
1180 2337 1223 2365 29
1248 2325 1427 2365 cupiditate
1449 2323 1495 2355 cO
1507 2324 1515 2352 ':

1593 2282 1598 2314 l

194 2392 302 2431 cupid.
323 2390 451 2429 omnip
469 2387 531 2418 rell.
1592 2316 1600 2438 l

1593 2430 1600 2477 J}

1590 2482 1596 2522 ³
