1600 2704
111 149 170 187 90
197 155 256 177 211
559 142 615 178 M.
646 141 815 179 TVLLI
847 140 1154 180 CICERONIS

193 265 309 290 avum
341 253 389 301 Q.
414 253 632 299 Metellum,
656 250 912 289 clarissimum
943 250 1157 297 hominem,
1183 251 1309 288 facere
1338 250 1522 289 vidisset:

195 318 238 356 C.
262 319 403 356 Verres
430 316 642 366 reperietur
663 316 741 366 qui,
765 315 953 366 quicquid
975 315 1167 366 expediat,
1190 314 1231 353 id
1250 314 1366 353 licere
1387 315 1524 354 dicat?

194 383 303 431 quod
334 394 454 420 nemo
485 381 558 419 nisi
594 381 797 431 improbus
832 380 975 428 fecerit,
1006 380 1045 419 id
1076 379 1240 418 aliorum
1269 381 1450 430 exemplo
1482 393 1523 418 se

194 446 334 485 fecisse
355 447 572 485 defendat?
901 446 905 448 ’

130 521 177 559 91
250 513 303 549 At
342 510 381 549 in
421 510 550 550 Sicilia
589 510 807 549 factitatum
846 518 914 548 est.
980 510 1094 558 Quae
1133 518 1190 548 est
1230 509 1302 548 ista
1340 509 1524 548 condicio
1545 521 1563 553 5

197 575 379 615 Siciliae?
411 589 479 614 cur
509 588 610 625 quae
640 575 791 625 optimo
822 574 904 613 iure
938 582 1096 625 propter
1125 582 1370 621 vetustatem,
1403 573 1526 612 fideli-

194 647 325 687 tatem,
345 639 678 690 propinquitatem
695 652 780 677 esse
800 640 930 685 debet,
947 639 1038 677 huic
1058 638 1268 690 praecipua
1284 640 1345 678 lex
1360 637 1525 677 iniuriae

113 719 171 740 212
193 704 411 743 definitur?
467 705 545 743 Sed
566 703 605 742 in
627 703 699 742 ista
720 703 804 754 ipsa
824 704 954 743 Sicilia
982 717 1062 742 non
1083 717 1268 754 quaeram
1299 705 1523 754 exemplum

194 768 312 807 foris:
351 770 428 807 hoc
458 768 544 819 ipso
574 782 621 807 ex
654 768 820 807 consilio
859 777 944 806 utar
983 768 1180 819 exemplis.
1241 769 1288 808 C.
1322 769 1522 814 Marcelle,

194 842 232 873 te
269 835 437 884 appello.
516 833 671 873 Siciliae
705 833 940 884 provinciae,
975 847 1066 872 curn
1098 847 1203 872 esses
1242 847 1313 884 pro
1347 834 1524 880 consule,
1548 845 1587 866 10

194 898 394 948 praefuisti
414 914 421 937 :
452 912 547 937 num
565 912 666 949 quae
687 898 726 937 in
747 906 816 937 tuo
837 896 1001 949 imperio
1019 898 1210 949 pecuniae
1225 900 1346 938 cellae
1362 897 1525 937 nomine

194 971 355 1002 coactae
386 965 505 1002 sunt?
563 965 706 1014 Neque
737 976 810 1014 ego
846 965 922 1002 hoc
957 963 996 1001 in
1031 971 1098 1002 tua
1127 965 1244 1002 laude
1276 976 1409 1013 pono:
1451 962 1525 1001 alia

194 1036 285 1066 sunt
317 1036 383 1067 tua
415 1030 517 1067 sacta
545 1036 664 1078 atque
695 1027 859 1067 consilia
885 1041 1040 1066 summa
1071 1029 1187 1066 laude
1217 1028 1346 1078 digna,
1381 1027 1524 1077 quibus

194 1094 301 1132 illam
322 1100 363 1131 tu
385 1092 628 1143 provinciam
649 1092 849 1131 adflictam
871 1100 908 1131 et
930 1092 1123 1143 perditam
1147 1092 1299 1131 erexisti
1321 1100 1440 1142 atque
1471 1105 1525 1130 re-

194 1157 361 1206 creasti3
390 1171 482 1196 nam
513 1159 589 1196 hoc
616 1159 666 1196 de
691 1159 788 1196 cella
815 1171 865 1196 ne
893 1158 1068 1208 Lepidus
1099 1157 1261 1208 quidem
1282 1159 1437 1204 fecerat,
1461 1156 1525 1194 cui
1549 1171 1584 1202 15

194 1230 236 1261 tu
269 1222 502 1261 successisti.
578 1224 692 1271 Quae
724 1230 814 1260 sunt
849 1221 919 1260 tibi
955 1222 1069 1272 igitur
1103 1223 1282 1272 exempla
1322 1221 1361 1259 in
1394 1220 1525 1260 Sicilia

194 1289 326 1335 cellae,
363 1287 396 1326 si
425 1289 501 1326 hoc
536 1287 684 1325 crimen
723 1300 805 1326 non
844 1288 966 1326 modo
1007 1286 1186 1325 Marcelli
1221 1288 1336 1334 facto,
1370 1287 1440 1325 sed
1474 1300 1525 1325 ne

113 1366 171 1398 ²13
195 1351 335 1401 Lepidi
366 1351 527 1401 quidem
559 1359 671 1402 potes
703 1352 947 1390 defendere?
1016 1353 1082 1389 An
1114 1365 1177 1390 me
1206 1353 1257 1390 ad
1293 1352 1349 1389 M.
1373 1351 1525 1389 Antoni

193 1416 509 1455 aestimationem
549 1415 734 1454 frumenti
772 1414 1100 1466 exactionemque
1140 1415 1332 1466 pecuniae
1371 1428 1526 1454 revoca-

194 1488 301 1519 turus
341 1482 414 1519 es?
484 1484 492 1500 ‘
510 1482 594 1527 Ita‚'
630 1479 768 1530 inquit,
813 1481 886 1519 ‘ad
927 1479 1076 1519 Antoni
1094 1480 1103 1528 ἶ
1117 1494 1128 1528 3
1167 1481 1244 1519 hoc
1283 1479 1388 1519 enim
1429 1479 1525 1517 mihi
1548 1494 1586 1516 20

194 1546 434 1596 significasse
464 1553 502 1585 et
530 1545 717 1585 adnuisse
746 1545 850 1584 visus
881 1554 948 1584 est.
1010 1547 1069 1584 Ex
1099 1546 1284 1584 omnibus
1314 1543 1429 1595 igitur
1459 1558 1524 1595 po-

193 1610 274 1661 puli
297 1611 471 1650 Romani
497 1610 754 1661 praetoribus,
777 1610 1017 1658 consulibus,
1042 1610 1342 1661 imperatoribus
1366 1612 1422 1648 M.
1446 1612 1526 1648 An-

193 1675 347 1714 tonium
387 1675 575 1726 delegisti,
617 1683 655 1714 et
694 1675 776 1714 eius
820 1689 943 1714 unum
982 1675 1319 1726 improbissimum
1361 1676 1521 1722 factum,
1597 1699 1600 1734 ἔ

193 1742 302 1790 quod
324 1740 543 1780 imitarerel
602 1742 653 1779 Et
680 1740 744 1779 hic
771 1748 901 1779 utrum
923 1740 1020 1779 mihi
1041 1740 1199 1780 difficile
1229 1749 1287 1780 est
1314 1741 1445 1780 dicere
1472 1755 1522 1779 an
1595 1741 1600 1794 l

192 1805 252 1843 his
283 1805 503 1844 existimare
533 1804 585 1843 ita
612 1818 653 1844 se
679 1805 719 1843 in
746 1805 821 1844 isto
848 1804 1003 1844 infinito
1024 1804 1190 1855 imperio
1221 1806 1277 1843 M.
1301 1807 1522 1845 Antonium
1547 1799 1600 1866 ²5i

192 1869 357 1919 gessisse
378 1878 420 1909 ut
446 1871 571 1909 multo
591 1869 654 1909 isti
675 1869 931 1920 perniciosius
959 1870 1007 1909 sit
1027 1870 1158 1910 dicere
1185 1883 1226 1909 se
1250 1870 1291 1909 in
1317 1885 1357 1910 re
1383 1871 1525 1922 impro-
1595 1880 1600 1918 J

192 1934 355 1973 bissima
374 1934 544 1974 voluisse
560 1934 781 1973 Antonium
803 1934 943 1973 imitari
965 1948 1083 1985 quam
1105 1935 1136 1974 si
1157 1943 1289 1985 posset
1310 1936 1524 1975 defendere
1593 1931 1598 2002 Ξ

192 1999 289 2037 nihil
324 1999 363 2038 in
394 1999 474 2038 vita
511 2012 552 2038 se
596 2002 650 2038 M.
679 2000 829 2039 Antoni
870 1999 995 2040 simile
1029 1999 1197 2040 fecisse?
1255 2001 1453 2040 Homines
1484 2000 1522 2039 in
1592 2005 1600 2056 ᾗ

239 2102 251 2121 1
279 2091 360 2123 clar.
379 2092 468 2123 hom.
487 2091 537 2123 cO
553 2104 560 2123 t
585 2102 649 2123 om.
667 2097 692 2132 p
706 2092 769 2124 rell.
861 2102 880 2122 2
898 2093 1057 2132 quicquid
1074 2092 1104 2123 O
1122 2104 1128 2123 ε
1151 2094 1241 2132 quod
1253 2097 1277 2133 p
1295 2094 1358 2124 rell.
1449 2104 1468 2133 3
1486 2104 1523 2124 se
1592 2057 1600 2086 '¹'

191 2146 258 2166 om.
273 2135 303 2165 O
317 2137 364 2176 (v,
378 2138 393 2172 ξ
406 2135 465 2175 85)
543 2146 560 2175 7
578 2136 936 2176 propinquitatemque
952 2136 982 2166 Ο
1045 2136 1223 2176 praecipue
1236 2136 1387 2174 Hotom.>
1400 2136 1518 2168 Lamb.

191 2179 212 2208 8
236 2179 309 2217 ipsa
328 2179 391 2209 ista
411 2179 441 2210 O
461 2179 509 2218 (ii,
527 2179 561 2218 ii,
582 2182 598 2217 §
620 2179 694 2219 170)
803 2189 838 2210 11
867 2179 900 2209 in
919 2190 984 2210 om.
1006 2179 1036 2210 O
1144 2191 1181 2219 15
1207 2190 1250 2210 ne
1269 2180 1415 2219 Lepidus
1438 2180 1498 2211 VO
1515 2191 1521 2211 :

191 2226 269 2251 ante
289 2222 368 2260 Lep.
384 2228 407 2262 p
425 2221 487 2253 rell.
587 2225 625 2254 16
650 2223 684 2253 in
704 2222 852 2262 Siciliap
869 2234 876 2254 z
901 2233 944 2253 ex
963 2222 1077 2254 Sicilia
1094 2223 1141 2254 V:
1167 2223 1281 2254 Sicilie
1299 2223 1348 2254 O:
1373 2234 1437 2254 om.
1454 2224 1517 2255 rell.

196 2265 233 2294 18
254 2265 295 2294 ad
310 2265 435 2295 Antoni
453 2265 499 2295 V:
525 2267 566 2296 ad
583 2266 793 2297 Anthonium
810 2266 840 2297 O
858 2278 864 2296 :
889 2267 930 2297 ad
953 2266 996 2298 M.
1011 2265 1154 2297 Antonii
1166 2272 1190 2306 p
1208 2266 1276 2298 edd.
1349 2277 1386 2297 21
1415 2268 1521 2298 omni-

193 2308 256 2338 bus
278 2307 337 2338 VO
354 2319 360 2338 z
386 2309 586 2340 omnibusne
599 2315 623 2349 p
641 2309 706 2340 rell.
730 2309 774 2349 (v,
798 2313 813 2347 ξ
835 2311 910 2347 126)
1011 2310 1127 2349 populi
1147 2310 1289 2341 Romani
1309 2311 1521 2350 praetoribus

188 2355 213 2390 p
230 2349 297 2381 edd.
317 2362 323 2381 ε
350 2361 390 2390 -p-
405 2362 429 2381 r·
450 2351 479 2382 O
499 2363 504 2382 :
530 2358 635 2392 praet.
660 2353 692 2383 V
787 2363 826 2391 27
853 2353 896 2384 M.
915 2353 1099 2384 Antonium
1121 2354 1168 2384 V:
1194 2354 1316 2384 imitari
1333 2354 1520 2390 Antonium

196 2393 246 2424 O:
273 2394 309 2432 cf.
334 2396 349 2431 ξ
366 2395 406 2432 78
423 2400 526 2434 supra
626 2401 744 2435 posset
765 2395 840 2427 VcO
858 2408 865 2427 :
890 2396 996 2436 possit
1010 2403 1032 2436 p
1050 2397 1111 2428 rell.
1256 2398 1297 2428 28
1321 2397 1447 2428 Antoni
1470 2398 1519 2428 V:

193 2436 345 2468 Antonio
357 2443 381 2477 p
399 2438 441 2469 al.
