1600 2704
106 108 164 143 60
193 120 250 153 137
553 107 610 143 M.
641 106 809 143 TVLLI
840 105 1146 143 CICERONIS

112 881 145 910 ¹3

189 219 248 265 sit,
272 232 390 268 quem
411 220 463 258 ad
483 219 647 257 modum
669 216 875 254 hominum
898 215 1173 254 existimationi
1201 223 1239 253 te
1259 224 1377 265 atque
1408 215 1516 253 inno-

189 283 356 321 centiam
379 291 486 321 tuam
503 281 658 333 probari
672 281 776 319 velis.
830 281 909 319 Hic
930 290 970 318 tu
992 280 1190 319 medicum
1211 287 1249 318 et
1270 279 1516 329 haruspicem

189 357 227 385 et
259 361 492 397 praeconem
533 356 644 385 tuum
679 354 969 396 recuperatores
1008 344 1121 384 dabis
1153 353 1221 383 aut
1252 344 1370 383 etiam
1408 344 1517 382 illum

188 413 317 461 ipsum
339 426 455 462 quem
478 421 519 450 tu
540 412 579 449 in
601 413 762 449 cohorte
782 419 849 448 tua
871 410 1103 449 Cassianum
1130 409 1301 448 iudicem
1330 409 1515 455 habebas,

189 477 217 514 si
253 491 330 527 qua
361 490 420 515 res
456 476 578 514 maior
616 483 729 521 esset,
768 475 965 524 Papirium
1006 477 1278 522 Potamonem,
1314 473 1516 523 hominem

189 555 368 580 severum
411 555 458 580 ex
496 549 625 579 vetere
670 540 735 578 illa
773 539 943 589 equestri
982 539 1221 590 disciplina?
1296 538 1516 578 Scandilius

189 608 386 656 postulare
416 607 466 644 de
497 614 697 643 conventu
720 612 1021 654 recuperatores
1095 606 1199 642 Tum
1227 604 1299 642 iste
1329 612 1445 653 negat
1477 617 1517 641 56

190 672 239 709 de
269 669 557 708 existimatione
578 682 646 707 sua
668 668 851 718 cuiquam
874 668 948 706 nisi
969 668 1048 707 suis
1069 668 1382 708 commissurum.
1443 669 1518 705 Ne-

188 735 398 785 gotiatores
434 734 509 772 sibi
548 742 687 784 putant
726 747 811 772 esse
843 741 954 784 turpe
984 733 1025 772 id
1063 735 1189 772 forum
1222 733 1296 771 sibi
1338 733 1516 782 iniquum

190 800 333 838 eierare
354 799 422 837 ubi
438 798 687 849 negotientur
702 813 711 846 3
746 806 899 847 praetor
919 798 1159 848 provinciam
1176 812 1287 836 suam
1304 798 1378 836 sibi
1393 805 1516 836 totam

189 865 363 914 iniquam
380 864 508 902 eierat.
562 862 857 913 Impudentiam
874 863 1107 912 singularem
1129 867 1135 900 l
1184 863 1265 902 Hic
1285 864 1457 914 postulat
1478 876 1518 900 se

194 931 345 967 Romae
379 928 530 966 absolvi
566 927 632 978 qui
664 927 705 965 in
736 941 806 966 sua
836 927 1037 977 provincia
1075 927 1254 966 iudicarit
1292 927 1443 966 absolvi
1478 941 1518 965 se

191 996 299 1032 nullo
321 995 442 1032 modo
464 1007 589 1043 posse,
613 992 680 1042 qui
707 994 795 1042 plus
816 992 1010 1031 existimet
1030 994 1136 1043 apud
1157 992 1389 1032 lectissimos
1410 1006 1518 1031 sena-

191 1068 292 1097 tores
317 1058 525 1108 pecuniam
548 1071 665 1107 quam
687 1058 793 1107 apud
815 1057 881 1095 tris
902 1057 1164 1108 negotiatores
1195 1066 1345 1097 metum
1366 1060 1492 1096 valere
1510 1060 1516 1094 ἶ

191 1123 411 1162 Scandilius
440 1137 531 1161 vero
563 1131 679 1173 negat
713 1136 799 1160 sese
836 1124 943 1172 apud
982 1123 1277 1161 Artemidorum
1317 1136 1516 1172 recupera-

191 1197 314 1227 torem
340 1189 503 1226 verbum
532 1201 616 1225 esse
646 1188 850 1233 facturum,
875 1195 912 1225 et
942 1196 1074 1226 tamen
1101 1195 1216 1237 auget
1242 1195 1360 1237 atque
1381 1194 1516 1225 onerat

191 1262 228 1291 te
248 1254 362 1291 bonis
384 1252 702 1299 condicionibus,
718 1252 747 1290 si
771 1260 811 1290 tu
834 1252 888 1290 uti
902 1253 996 1290 velis
1014 1267 1024 1300 3
1053 1251 1085 1290 si
1105 1266 1151 1290 ex
1171 1252 1372 1302 provincia
1388 1251 1517 1290 Sicilia

191 1325 271 1356 tota
285 1325 430 1355 statuas
444 1317 633 1354 idoneum
647 1316 819 1355 iudicem
832 1324 899 1355 aut
913 1325 1224 1367 recuperatorem
1237 1318 1389 1355 nullum
1403 1330 1518 1366 posse

109 1399 168 1431 139
189 1382 355 1432 reperiri,
380 1383 551 1431 postulat
570 1382 641 1419 abs
669 1389 706 1419 te
726 1389 769 1419 ut
791 1383 961 1419 Romam
989 1395 1070 1420 rem
1101 1381 1246 1420 reicias.
1307 1381 1387 1419 Hic
1411 1380 1516 1419 enim

189 1462 281 1486 vero
308 1456 348 1485 tu
374 1449 567 1485 exclamas
598 1446 801 1484 hominem
829 1446 1066 1496 improbum,
1094 1447 1161 1496 qui
1190 1448 1361 1496 postulet
1388 1445 1441 1484 ibi
1467 1447 1517 1484 de

190 1524 256 1552 tua
294 1512 581 1552 existimatione
623 1511 813 1550 iudicium
857 1512 937 1550 fieri
977 1511 1044 1550 ubi
1080 1520 1118 1551 te
1156 1512 1394 1551 invidiosum
1433 1525 1517 1550 esse

190 1580 408 1628 intellegat:
442 1591 561 1627 negas
576 1584 614 1615 te
636 1578 808 1615 Romam
828 1576 1074 1624 reiecturum,
1097 1591 1216 1627 negas
1243 1579 1293 1616 de
1320 1585 1516 1615 conventu

190 1650 479 1693 recuperatores
511 1643 705 1688 daturum,
740 1643 944 1680 cohortem
984 1650 1091 1680 tuam
1131 1641 1328 1692 proponis.
1403 1644 1518 1681 Scan-

191 1708 306 1747 dilius
338 1721 419 1746 rem
454 1721 495 1745 se
527 1714 649 1745 totam
682 1706 905 1744 relicturum
936 1706 1031 1745 dicit
1061 1714 1099 1744 et
1128 1720 1200 1744 suo
1227 1714 1403 1756 tempore
1432 1721 1517 1745 esse

190 1772 416 1812 rediturum.
477 1772 584 1820 Quid
623 1780 664 1810 tu
703 1771 756 1809 ibi
795 1774 908 1810 tum?
951 1772 1046 1821 quid
1085 1771 1211 1810 facis?
1273 1772 1515 1810 Scandilium
1559 1786 1574 1816 ,-

191 1837 482 1887 cogis—quid?
517 1837 771 1887 sponsionem
806 1846 1008 1887 acceptam
1044 1838 1202 1875 facere?
1260 1838 1518 1887 Impudenter

192 1903 293 1940 tollis
320 1909 587 1952 exspectatum
618 1902 914 1940 existimationis
940 1910 1028 1940 tuae
1059 1901 1273 1940 iudicium:
1303 1915 1383 1940 non
1411 1901 1515 1940 facis.

111 1985 171 2016 140
193 1968 301 2016 Quid
337 1969 459 2017 ergo?
532 1967 708 2016 Apronio
735 1967 926 2016 permittis
954 1976 995 2005 ut
1034 1980 1133 2017 quos
1158 1966 1249 2005 velit
1277 1968 1327 2006 de
1357 1968 1518 2006 cohorte

238 2082 249 2100 1
277 2076 377 2110 atquc
395 2072 598 2109 elegantiam
619 2071 649 2101 Ο
740 2080 759 2109 3
784 2070 876 2101 illum
896 2072 997 2102 etiam
1017 2071 1048 2102 O
1067 2072 1100 2112 (ᾗ
1122 2070 1196 2110 144)
1302 2082 1324 2110 9
1347 2072 1409 2102 sibi
1429 2074 1519 2112 (ante

192 2116 323 2153 putant)
343 2115 373 2144 O
391 2126 398 2144 ε
423 2126 486 2145 om.
501 2120 525 2153 p
547 2114 610 2144 rell.
687 2124 721 2143 11
749 2114 855 2145 eierat
871 2114 919 2144 V:
944 2114 1050 2146 eiurat
1066 2116 1110 2155 (et
1123 2114 1317 2154 l.10)prell.
1334 2115 1403 2146 cdd.
1453 2115 1516 2146 Im-

194 2158 389 2195 pudentiam
415 2158 474 2187 VO
492 2169 497 2187 :
526 2158 556 2188 O
576 2158 702 2198 impud.
719 2162 744 2197 p
761 2158 827 2188 rell.
850 2158 909 2198 (iv,
932 2160 947 2194 ξ
966 2159 1001 2194 8)
1139 2169 1177 2188 12
1201 2158 1355 2190 iudicarit
1371 2158 1517 2198 Zumpt:

195 2202 275 2230 -auit
302 2201 367 2239 Vp:
394 2206 480 2231 -aret
504 2201 533 2230 O
555 2201 603 2241 tii,
629 2202 650 2239 i,
673 2204 688 2238 ξ,
716 2201 789 2240 127)
913 2201 1040 2232 absolvi
1065 2212 1102 2232 se
1130 2202 1178 2232 V:
1214 2212 1251 2232 se
1274 2203 1343 2232 abs.
1374 2200 1424 2241 Op
1448 2201 1516 2232 rell.

197 2252 234 2282 15
257 2253 333 2273 sese
353 2244 429 2282 Op:
454 2254 490 2274 se
513 2244 602 2283 VQii,
619 2244 639 2284 i,
662 2247 677 2281 ξ
699 2245 777 2283 127)
879 2254 914 2283 17
940 2249 975 2275 tu
994 2244 1065 2284 Op:
1091 2255 1155 2276 om.
1181 2245 1227 2284 Vq
1329 2247 1366 2276 18
1389 2250 1518 2276 statuas

192 2287 291 2316 alium
306 2288 447 2317 iudicem
463 2288 619 2318 idoneum
637 2288 668 2318 O
691 2288 749 2319 i.e.
770 2291 777 2304 ⁴
793 2287 834 2318 al.
849 2288 916 2318 iud.
932 2288 1034 2319 idon.⁷
1054 2299 1062 2319 ι
1085 2289 1122 2327 (fi
1143 2288 1268 2319 Clueut.
1291 2294 1305 2326 ξ
1325 2299 1378 2329 25,
1479 2298 1518 2327 19

195 2340 261 2359 rem
282 2330 378 2360 l'cO:
402 2341 466 2361 0111.
483 2336 507 2369 j>
521 2331 585 2361 rell.
710 2341 751 2361 22
777 2331 945 2370 intelligat
962 2332 1008 2362 cO
1027 2343 1033 2362 ε
1058 2331 1217 2372 intelligit
1238 2332 1285 2362 V:
1310 2331 1516 2371 intelligebat

188 2378 212 2412 p
231 2374 296 2404 rell.
434 2384 473 2411 23
500 2379 587 2404 tuam
607 2386 672 2404 0111.
697 2374 728 2404 V

1541 810 1577 832 10

1539 1139 1574 1169 ¹5

1538 1461 1577 1484 20
