1600 2704
1447 53 1471 66 d*
1499 59 1509 65 ⁴

67 92 335 132 ACTIONIS
367 92 427 130 IN
459 92 502 131 c.
525 91 768 129 VERREM
799 91 1099 130 SECVNDAE
1129 93 1300 131 LIB.11
1348 60 1535 141 7715?

67 220 131 246 me
159 207 312 245 tabulas
346 205 587 257 perspexisse
618 204 814 244 sociorum
831 218 841 252 3
872 204 913 242 in
944 204 1003 242 his
1033 205 1176 244 tabulis
1211 219 1396 256 magnam

66 271 257 309 rationem
289 271 333 310 C.
357 270 522 309 Verruci
546 268 749 320 permultis
777 268 1006 307 nominibus
1032 282 1127 316 esse,
1152 283 1295 319 meque
1319 272 1398 309 hoc

66 335 286 385 perspicere
301 348 348 373 ex
360 336 568 373 consulum
577 346 866 382 mensuumque
880 332 1039 379 ratione,
1050 333 1398 373 hucherrucium

65 412 195 449 neque
228 407 321 438 ante
353 400 568 437 adventum
599 398 643 437 C.
675 397 807 436 Verris
837 409 967 447 neque
1002 404 1091 446 post
1125 397 1398 437 decessionem

27 464 279 515 5quicquam
311 476 402 501 cum
442 461 671 512 Carpinatio
702 461 864 500 rationis
904 461 1115 509 habuisse3
1158 464 1317 512 postulo
1356 470 1398 500 ut

65 528 163 566 mih‘i
182 529 419 578 respondeat
440 526 507 577 qui
528 526 576 565 sit
597 526 628 565 is
649 525 878 573 Verrucius,
896 535 1089 564 mercator
1108 539 1159 564 an
1179 527 1400 577 negotiator

64 606 115 631 an
149 600 276 631 arator
308 605 359 630 an
394 591 610 642 pecuarius,
648 590 687 629 in
727 590 858 629 Sicilia
898 590 946 628 sit
977 604 1027 629 an
1060 590 1137 628 iam
1172 591 1396 631 decesserit.

66 658 246 697 Clamare
276 669 415 695 omnes
440 669 486 695 ex
515 663 713 694 conventu
744 654 945 694 neminem
977 668 1167 705 umquam
1198 655 1237 694 in
1269 656 1400 695 Sicilia

65 721 184 761 fuisse
215 721 459 760 Verrucium.
521 721 607 771 Ego
641 720 786 758 instare
819 728 861 758 ut
896 719 991 757 mihi
1024 721 1280 770 responderet
1311 720 1399 771 quis

7 800 46 822 10
65 793 180 833 esset,
219 785 287 825 ubi
330 793 445 833 esset,
484 786 591 823 unde
634 792 761 832 esset3
808 797 877 822 cur
915 797 1047 822 servus
1091 785 1288 824 societatis
1331 785 1398 836 qui

65 851 218 889 tabulas
247 851 460 889 conficeret
487 862 642 898 semper
670 848 710 886 in
732 848 894 886 Verruci
916 849 1077 887 nomine
1107 857 1214 887 certo
1235 863 1282 888 ex
1309 851 1399 889 loco

64 917 280 954 mendosus
313 923 424 954 esset.
484 916 617 964 Atque
647 915 743 952 haec
773 914 1034 963 postulabam,
1067 926 1147 951 non
1178 927 1258 964 quo
1287 915 1397 953 illum
1422 922 1483 962 189

63 980 149 1029 cogi
183 988 361 1030 putarem
390 987 571 1029 oportere
602 986 644 1017 ut
673 980 724 1017 ad
754 992 800 1017 ea
830 977 925 1015 mihi
955 979 1210 1027 responderet
1240 979 1396 1026 invitus,

63 1045 133 1082 sed
181 1052 223 1082 ut
267 1044 451 1083 omnibus
495 1042 604 1081 istius
653 1043 765 1089 furta,
804 1041 907 1079 illius
948 1041 1148 1091 flagitium,
1195 1043 1398 1094 utriusque

7 1123 42 1155 15
63 1108 228 1146 audacia
257 1108 463 1158 perspicua
490 1120 575 1146 esse
604 1114 749 1158 posset.
811 1107 952 1155 Itaque
980 1105 1089 1144 illum
1120 1106 1159 1144 in
1187 1106 1269 1146 iure
1290 1117 1398 1147 metu

62 1173 385 1223 conscientiaque
419 1172 571 1223 peccati
613 1180 766 1210 mutum
805 1179 924 1221 atque
956 1171 1225 1210 exanimatum
1259 1186 1305 1212 ac
1337 1173 1399 1211 vix

62 1238 193 1276 vivum
215 1237 406 1288 relinquo,
428 1238 582 1276 tabulas
603 1236 643 1275 in
664 1238 749 1275 foro
771 1249 925 1274 summa
946 1236 1156 1275 hominurn
1178 1239 1398 1288 frequentia

62 1303 264 1350 exscribo3
284 1302 522 1341 adhibentur
543 1302 582 1340 in
604 1302 814 1340 scribendo
836 1315 881 1339 ex
902 1309 1099 1340 conventu
1121 1301 1190 1340 viri
1211 1303 1393 1352 primarii,

61 1367 211 1407 litterae
228 1368 444 1417 lituraeque
465 1380 604 1406 omnes
625 1366 885 1404 adsimulatae
906 1374 943 1404 et
961 1379 1165 1416 expressae
1186 1369 1236 1405 de
1253 1368 1396 1407 tabulis

4 1449 43 1472 20
60 1431 100 1470 in
130 1432 250 1471 libros
280 1434 574 1471 transferuntur.
636 1434 751 1470 Haec
781 1431 915 1470 omnia
946 1444 1099 1469 summa
1128 1445 1219 1469 cura
1247 1440 1285 1471 et
1314 1433 1397 1471 dili·
1421 1447 1481 1479 190

60 1497 191 1547 gentia
221 1497 419 1547 recognita
450 1505 487 1536 et
518 1498 658 1536 collata
688 1504 726 1535 et
760 1497 811 1534 ab
842 1496 1071 1534 hominibus
1106 1497 1395 1537 honestissimis

60 1562 266 1612 obsignata
287 1570 387 1600 sunt.
438 1562 477 1600 Si
500 1561 749 1610 Carpinatius
771 1560 866 1598 mihi
888 1569 971 1598 tum
994 1562 1233 1610 respondere
1255 1563 1393 1610 noluit,

60 1628 255 1677 responde
275 1635 316 1665 tu
338 1626 434 1664 mihi
456 1640 573 1674 nunc,
592 1628 743 1673 Verres,
767 1639 884 1676 quem
906 1639 991 1664 esse
1013 1627 1119 1664 hunc
1141 1634 1251 1664 tuum
1269 1640 1395 1677 paene

59 1691 244 1741 gentilem
265 1690 497 1729 Verrucium
520 1698 645 1741 putes.
692 1690 792 1729 Fieri
813 1703 893 1728 non
915 1697 1044 1739 potest
1065 1698 1118 1737 ut,
1142 1703 1260 1740 quem
1277 1691 1395 1730 video

0 1772 40 1805 25
60 1762 97 1794 te
118 1763 295 1805 praetore
315 1755 355 1793 in
379 1755 508 1793 Sicilia
528 1754 647 1793 fuisse
667 1762 705 1793 et
726 1767 844 1804 quern
867 1768 913 1792 ex
933 1754 1017 1804 ipsa
1038 1754 1188 1793 ratione
1209 1755 1394 1806 intellego

60 1821 297 1869 locupletem
325 1820 454 1867 fuisse,
479 1833 569 1859 eum
594 1828 635 1858 tu
661 1819 700 1857 in
722 1827 789 1858 tua
817 1819 1019 1869 provincia
1039 1832 1119 1858 non
1149 1821 1390 1869 cognoveris.

60 1886 192 1934 Atque
219 1885 331 1930 adeo,
363 1897 413 1923 ne
441 1886 516 1923 hoc
542 1891 609 1922 aut
636 1883 790 1933 longius
817 1891 884 1922 aut
909 1884 1113 1922 obscurius
1143 1896 1229 1923 esse
1255 1885 1390 1934 possit,

104 1997 123 2026 3
150 1997 371 2027 mensumque
390 1999 405 2019 c
421 1989 454 2027 (ξ
477 1988 537 2026 184
555 1987 671 2028 supra)
823 1989 844 2017 6
869 1987 896 2017 is
915 1987 987 2018 On:
1013 1987 1076 2018 iste
1093 1986 1163 2018 cdd.
1274 1997 1315 2018 an
1335 1998 1392 2019 ne-

60 2032 208 2070 gotiator
227 2030 297 2061 cO:
322 2041 388 2063 om.
409 2031 476 2063 rell.
637 2042 652 2069 7
679 2031 711 2061 in
733 2030 798 2061 Sic.
825 2029 909 2061 Vc01
930 2042 936 2061 :
962 2041 1004 2060 ex
1024 2031 1127 2070 Sic.p
1146 2030 1211 2061 rcll.
1373 2042 1393 2070 9

62 2075 138 2113 quis
157 2076 227 2114 (qui
248 2073 291 2110 Ο)
312 2079 403 2106 esset
421 2074 475 2104 ubi
494 2078 585 2105 esset
607 2073 702 2105 VcO:
730 2074 786 2104 ubi
806 2079 896 2104 esset
914 2073 987 2113 quis
1002 2079 1129 2114 essetp
1147 2074 1214 2105 rell.
1354 2085 1389 2105 11

61 2117 243 2148 conficeret
263 2117 302 2148 0¹
323 2129 328 2148 ;
354 2118 572 2158 confeceritp
592 2117 657 2149 rell.
785 2127 920 2156 semper
936 2127 1000 2148 om.
1025 2116 1058 2146 V
1217 2127 1254 2147 12
1277 2117 1342 2148 hoc
1363 2118 1393 2149 O

63 2162 94 2198 (ᾗ
118 2162 176 2199 187
193 2161 310 2201 snpra)
452 2171 490 2201 13
516 2161 557 2191 ad
575 2171 613 2191 ea
635 2159 686 2190 V:
712 2170 751 2191 ea
771 2160 836 2191 rell.
978 2160 1017 2190 18
1041 2159 1220 2191 scribendo
1242 2160 1388 2192 VArus.

62 2202 160 2235 Mess.
181 2215 186 2234 :
211 2204 469 2244 exscribendos>
487 2204 553 2236 rell.
658 2214 700 2234 ex
725 2203 763 2234 V:
789 2208 823 2234 et
843 2203 893 2234 O:
921 2204 999 2244 (lep
1017 2204 1105 2243 vulg.
1129 2204 1165 2242 (ii
1186 2207 1200 2241 ς
1220 2215 1258 2241 24
1277 2216 1283 2234 ε
1306 2205 1387 2234 Am.

56 2246 92 2283 J.
111 2245 173 2278 Ph.
192 2247 284 2287 xxvi,
297 2253 333 2287 p.
353 2248 432 2286 420)
528 2258 566 2286 19
591 2252 623 2278 et
645 2246 697 2278 V:
723 2257 788 2278 om.
804 2253 828 2287 p
850 2246 915 2278 rell.
1015 2257 1055 2285 23
1079 2252 1113 2277 tu
1132 2247 1211 2277 mihi
1231 2258 1320 2278 nunc
1340 2247 1389 2278 O:

61 2292 94 2319 tu
113 2299 178 2321 om.
202 2290 250 2321 V:
274 2291 354 2321 mihi
372 2301 461 2321 nunc
480 2296 515 2321 tu
526 2290 573 2331 pb
589 2289 635 2322 ed.
654 2290 754 2321 Rom.
774 2301 780 2321 τ
807 2300 895 2321 nunc
913 2296 947 2320 tu
966 2291 1046 2320 mihi
1066 2302 1084 2320 ν
1199 2293 1241 2320 26
1266 2301 1387 2329 cogno-

58 2333 150 2364 veris
171 2332 212 2364 0¹
230 2344 236 2363 :
261 2334 416 2373 cognoris
437 2333 484 2375 Vp
501 2333 568 2365 rell.
705 2343 745 2372 27
773 2344 815 2364 ne
834 2334 896 2381 ¹¹90
912 2339 968 2364 aut
990 2333 1106 2373 VcOp:
1127 2334 1189 2364 hoc
1208 2345 1250 2365 ne
1269 2335 1286 2364 b
1304 2335 1369 2366 rell.
