1600 2704
110 116 380 159 ACTIONIS
412 122 474 160 IN
504 123 548 163 C.
571 125 813 167 VERREM
844 131 1144 176 SECVNDAE
1175 140 1278 180 LIB.
1304 143 1347 182 II
1416 154 1444 194 5
1464 161 1501 194 15

107 226 263 268 actione
283 243 330 268 ex
351 232 527 272 Heraclii
556 236 787 286 Syracusani
812 242 1040 285 testimonio
1067 248 1178 289 cuius
1206 253 1316 292 modi
1337 264 1439 296 esset

105 293 355 343 cognovistis,
388 304 521 337 tamen
554 301 665 340 vobis
693 303 772 342 alio
806 307 896 345 loco
925 317 967 347 ut
999 323 1040 349 se
1069 320 1152 352 tota
1186 329 1245 355 res
1281 319 1433 369 habeat,

103 358 212 405 quod
245 361 296 398 ad
327 374 413 400 eam
443 363 640 404 civitatem
669 368 845 419 attineat,
875 373 1219 419 demonstrabitur.
1281 384 1437 425 Intelle-

99 421 198 470 getis
225 424 330 463 enim
358 427 474 467 nullis
501 429 728 472 hominibus
753 447 994 488 quemquam
1026 448 1136 482 tanto
1160 446 1257 485 odio
1284 458 1435 499 quanto

59 501 78 532 5
98 483 217 525 istum
239 490 490 539 Syracusanis
510 501 549 532 et
569 508 654 535 esse
675 505 712 536 et
733 499 862 540 fuisse.

151 553 205 590 At
238 554 343 594 enim
376 555 493 596 istum
526 559 645 599 Siculi
673 563 745 602 soli
774 577 1086 618 persequuntur:
1122 574 1226 614 cives
1258 578 1430 620 Romani
1450 586 1477 623 6

94 615 163 665 qui
189 619 440 668 negotiantur
466 621 506 661 in
533 624 664 665 Sicilia
693 629 925 680 defendunt,
953 635 1134 687 diligunt,
1162 642 1312 681 salvum
1344 659 1429 686 esse

92 680 267 732 cupiunt.
327 685 516 737 Primum,
537 688 568 727 si
589 690 642 729 ita
662 701 776 743 esset,
797 703 930 737 tamen
951 713 1020 739 vos
1042 701 1081 740 in
1102 704 1176 743 hac
1197 709 1428 756 quaestione

91 745 142 784 de
180 749 358 797 pecuniis
399 755 639 804 repetundis,
678 771 780 808 quae
819 763 1016 803 sociorum
1056 780 1174 808 causa
1212 774 1426 815 constituta

32 825 70 848 10
89 817 147 849 est
181 812 266 863 lege
304 814 532 868 iudicioque
563 821 708 870 sociali,
746 825 942 866 sociorum
983 832 1248 880 querimonias
1287 840 1422 880 audire

87 884 295 925 oporteret.
355 881 434 920 Sed
477 882 701 936 intellegere
739 890 921 939 potuistis
965 895 1093 944 priore
1130 899 1287 940 actione
1325 905 1419 944 civis
1442 914 1481 946 16

85 940 292 982 Romanos
323 945 622 989 honestissimos
651 964 698 990 ex
727 953 860 993 Sicilia
883 958 1060 1007 plurimis
1085 963 1345 1017 maximisque
1369 971 1419 1009 de

82 1004 211 1053 rebus,
252 1015 291 1047 et
330 1022 427 1060 quas
466 1011 539 1063 ipsi
579 1017 825 1067 accepissent
863 1020 1022 1062 iniurias
1061 1034 1100 1064 et
1138 1041 1235 1078 quas
1274 1033 1417 1074 scirent

80 1081 167 1109 esse
204 1072 290 1111 aliis
325 1075 457 1124 factas,
491 1091 564 1127 pro
598 1081 826 1123 testimonio
863 1085 1006 1127 dicere.
1066 1092 1153 1142 Ego
1192 1095 1268 1134 hoc
1308 1101 1417 1148 quod

22 1147 59 1180 15
78 1131 275 1187 intellego,
299 1138 463 1189 iudices,
484 1141 539 1181 sic
561 1146 764 1186 confirmo.
815 1149 965 1191 Videor
986 1154 1082 1193 mihi
1102 1166 1255 1207 gratum
1278 1163 1416 1204 fecisse

77 1197 218 1238 Siculis
238 1204 347 1252 quod
368 1217 505 1244 eorum
527 1206 686 1249 iniurias
709 1225 799 1252 meo
820 1215 964 1264 labore,
989 1219 1214 1272 inimicitiis,
1238 1228 1414 1276 periculo

75 1261 149 1300 sim
178 1275 430 1314 persecutus:
459 1284 541 1311 non
566 1273 696 1314 minus
724 1278 801 1317 hoc
820 1289 974 1330 gratum
1000 1297 1063 1324 me
1089 1289 1232 1328 nostris
1260 1293 1410 1333 civibus

74 1325 259 1379 intellego
286 1332 435 1381 fecisse,
468 1336 535 1386 qui
562 1339 640 1378 hoc
672 1341 911 1394 existimant,
939 1347 1031 1388 iuris
1062 1350 1250 1393 libertatis
1280 1370 1408 1398 rerum

72 1391 397 1448 fortunarumque
430 1412 587 1441 suarum
619 1406 785 1446 salutem
815 1410 855 1448 in
890 1412 1000 1452 istius
1030 1416 1287 1459 damnatione
1317 1436 1408 1463 con-

13 1471 54 1495 20
72 1457 217 1498 sistere.
276 1462 528 1515 Quapropter
547 1469 597 1507 de
618 1468 728 1510 istius
748 1482 929 1523 praetura
950 1478 1142 1521 Siciliensi
1164 1497 1244 1523 non
1266 1500 1405 1528 recuso
1428 1503 1465 1536 17

69 1522 166 1572 quin
198 1524 250 1564 ita
280 1539 343 1567 me
363 1531 530 1571 audiatis
560 1541 614 1581 ut,
646 1535 678 1573 si
708 1538 893 1589 cuiquam
919 1545 1053 1593 generi
1083 1548 1291 1589 hominum
1323 1554 1403 1593 sive

67 1586 289 1631 Siculorum
318 1592 399 1633 sive
430 1604 654 1638 nostrorum
684 1601 840 1651 civium,
875 1606 907 1644 si
939 1610 1123 1659 cuiquam
1158 1615 1288 1654 ordini
1321 1618 1402 1658 sive

64 1660 261 1693 aratorum
286 1656 367 1697 sive
387 1661 660 1709 pecuariorum
685 1665 766 1706 sive
788 1679 1049 1712 mercatorum
1074 1678 1263 1726 probatus
1285 1682 1344 1730 sit,
1368 1685 1398 1722 si

63 1729 145 1756 non
184 1720 325 1760 horum
363 1725 543 1765 omnium
577 1732 801 1772 communis
840 1736 964 1776 hostis
1003 1743 1231 1794 praedoque
1270 1748 1395 1797 fuerit,

5 1799 42 1832 25
62 1781 94 1820 si
119 1783 303 1835 cuiquam
333 1789 506 1841 denique
532 1791 572 1831 in
600 1807 640 1833 re
667 1809 857 1848 umquam
888 1803 966 1841 ulla
996 1809 1231 1857 temperarit,
1255 1820 1296 1849 ut
1327 1827 1396 1853 vos

60 1858 221 1898 quoque
241 1850 276 1889 ei
298 1856 534 1904 temperetis.

101 1961 121 1991 3
145 1954 288 1986 attineat
306 1957 366 1989 CO
382 1970 389 1989 :
413 1961 534 1994 attinet
552 1963 616 1996 rell.
772 1979 792 2008 5
817 1975 851 2001 et
868 1982 944 2004 esse
964 1973 1023 2006 CO
1038 1987 1045 2006 ε
1069 1986 1145 2009 esse
1162 1979 1225 2011 nhk
1371 1987 1392 2016 6

55 1995 119 2025 soli
138 1996 242 2028 Siculi
263 1999 299 2029 ὀδ
444 2014 460 2043 7
486 2008 706 2045 negotiantur
728 2011 762 2042 in
787 2013 904 2046 Sicilia
923 2016 1004 2048 CO:
1038 2019 1073 2049 in
1093 2020 1159 2052 Sic.
1178 2032 1255 2062 neg.
1268 2031 1293 2065 p
1310 2026 1387 2067 rell.,

56 2047 133 2070 corr.
151 2040 194 2071 Ο1
285 2044 305 2073 8
328 2044 361 2075 in
379 2045 446 2078 ista
465 2047 507 2078 Οι
610 2061 649 2082 12
674 2053 825 2092 plurimis
842 2060 1068 2101 maximisque
1085 2065 1202 2105 scripsi
1214 2067 1386 2108 Cscculus,

54 2081 88 2112 in
113 2093 178 2122 quo
198 2089 248 2115 est
269 2087 429 2126 plurimos
453 2091 629 2132 (suprascr.
655 2096 681 2137 i)
706 2099 894 2141 maximisq.
914 2113 921 2132 :
952 2104 1115 2142 plurimos
1140 2111 1296 2143 maximis
1320 2115 1384 2146 rell.

55 2124 105 2162 (ii,
126 2129 163 2164 ξς
182 2138 211 2163 2,
234 2139 305 2170 102,
327 2133 403 2171 142)
496 2145 533 2174 14
559 2146 634 2169 esse
659 2139 734 2171 aliis
753 2141 835 2174 CO:
865 2145 938 2176 aliis
961 2157 1037 2179 esse
1059 2149 1122 2182 rell.
1219 2155 1258 2184 16
1281 2155 1388 2187 inimi-

53 2167 147 2200 citias
171 2170 208 2201 ὀδ
357 2185 394 2214 17
419 2177 480 2208 sim
509 2178 538 2209 C
561 2180 624 2213 rell.
654 2187 787 2222 praeter
811 2186 875 2217 O¹b
904 2188 1008 2232 (sum)
1165 2205 1205 2227 21
1232 2198 1260 2228 si
1289 2201 1342 2231 cui
1367 2202 1386 2231 b

53 2210 227 2245 hominum
245 2227 311 2250 om.
332 2218 404 2250 ίὈ1
551 2233 592 2254 22
615 2225 688 2256 sive
705 2228 861 2268 cuiquam
883 2232 971 2264 codd.
1108 2248 1150 2277 23
1173 2241 1246 2272 sive
1262 2252 1383 2280 pecua-

51 2254 175 2287 riorum
195 2269 261 2290 om.
285 2260 343 2293 CO
475 2275 515 2305 25
540 2267 573 2297 in
597 2277 633 2298 re
658 2279 816 2310 umquam
840 2275 907 2305 ulla
927 2276 1008 2308 CO:
1032 2279 1097 2311 ulla
1118 2281 1152 2313 in
1170 2293 1206 2314 re
1224 2294 1381 2326 umquam

51 2297 127 2339 rell„
147 2310 226 2334 corr.
248 2302 290 2333 0¹
381 2308 583 2348 temperavit
599 2311 688 2345 codd.
825 2319 867 2348 26
891 2318 921 2349 ei
938 2330 1003 2352 om.
1022 2322 1059 2353 ὸδ
