1600 2704
1506 40 1525 48 f
1548 42 1555 43 ἶ

158 41 426 83 ACTIONIS
458 47 519 85 IN
551 50 594 88 C.
621 52 861 95 VERREM
893 60 1193 107 SECVNDAE
1224 72 1327 111 LIB.
1354 76 1371 112 Ι
1435 77 1458 114 8
1481 94 1520 125 23
1540 49 1559 78 ᾖ

127 149 287 199 iudices,
316 154 522 196 vobiscum
551 173 665 210 agere
696 166 825 216 coegit
854 182 934 208 non
965 172 1081 213 timor
1110 190 1220 217 meus
1251 182 1301 220 de
1331 194 1455 225 vestra

126 215 213 262 fide,
250 219 320 256 sed
354 232 443 270 spes
482 222 636 264 illorum
675 242 787 277 nova,
824 245 926 282 quae
961 250 1052 276 cum
1087 242 1249 282 Verrem
1284 260 1307 284 a
1344 258 1455 298 porta

124 279 255 319 subito
274 282 326 320 ab
347 282 537 326 iudicium
563 292 791 342 retraxisset,
814 309 895 336 non
923 301 1019 339 nulli
1047 306 1233 355 suspicati
1257 320 1347 349 sunt
1373 327 1452 352 non

121 343 205 383 sine
225 358 343 386 causa
362 348 464 389 illius
485 354 693 394 consilium
716 366 794 398 tam
816 372 976 412 repente
996 380 1082 406 esse
1104 379 1309 413 mutatum.

80 424 96 454 .···
174 410 294 450 Nunc
314 425 364 452 ne
383 427 489 454 novo
516 420 786 468 querimoniae
811 439 954 475 genere
974 432 1030 469 uti
1056 436 1179 483 possit
1212 440 1449 483 Hortensius
1470 435 1498 471 9

115 481 154 512 et
188 488 234 513 ea
264 476 409 528 dicere,
436 483 604 532 opprimi
636 500 745 526 reum
779 491 830 529 de
859 505 940 542 quo
967 496 1064 535 nihil
1099 500 1203 541 dicat
1230 515 1444 555 accusator,
1471 495 1509 525 24

114 537 210 577 nihil
258 554 344 581 esse
390 550 470 584 tam
508 549 771 598 periculosum
811 556 975 598 fortunis
1010 563 1280 607 innocentium
1326 584 1445 621 quam

111 610 240 644 tacere
277 608 519 650 adversarios
537 628 547 661 ;
590 622 628 653 et
667 630 718 656 ne
754 619 865 659 aliter
899 636 1018 674 quam
1051 642 1125 679 ego
1160 633 1275 672 velim
1312 649 1442 676 meum

109 668 243 708 laudet
275 670 489 724 ingenium,
518 691 609 718 cum
641 682 746 722 dicat
767 698 841 733 me,
870 688 901 726 si
931 692 1055 731 multa
1088 694 1284 746 dixissem,
1317 702 1429 742 suble

49 745 87 768 10
107 740 286 774 vaturum
308 737 427 778 fuisse
447 754 538 781 eum
559 757 677 794 quem
699 757 835 788 contra
854 752 1024 794 dicerem

1029 787 1037 803 ‚
1056 758 1148 808 quia
1169 775 1249 801 non
1263 764 1436 815 dixerim,

104 799 322 849 perdidisse
339 819 347 842 :

382 819 532 846 morem
561 809 613 848 illi
640 825 783 862 geram,
814 824 898 856 utar
923 823 1101 863 oratione
1127 836 1327 878 perpetua,
1356 846 1435 872 non

103 877 183 913 quo
211 865 288 906 iarn
314 870 391 909 hoc
413 871 461 910 sit
482 886 654 923 necesse,
674 891 808 918 verum
830 890 872 920 ut
893 886 1066 934 experiar
1090 897 1219 930 utrum
1248 893 1311 933 ille
1339 897 1433 936 ferat

101 930 304 971 molestius
321 947 384 973 me
404 942 499 976 tunc
519 940 687 980 tacuisse
706 956 755 981 an
777 958 883 986 nunc
903 948 1044 989 dicere.
1105 954 1185 993 Hic
1207 964 1248 995 tu
1269 960 1431 1002 fortasse
1453 975 1492 1008 25

98 993 171 1032 eris
206 995 373 1047 diligens
402 1014 452 1040 ne
483 1015 601 1052 quam
637 1019 711 1056 ego
740 1009 875 1049 horam
906 1014 956 1052 de
986 1016 1083 1055 meis
1113 1019 1295 1069 legitimis
1325 1025 1429 1065 horis

40 1074 74 1106 15
95 1058 320 1111 remittam3
350 1063 424 1102 nisi
453 1068 563 1105 omni
594 1076 771 1121 tempore
806 1078 915 1124 quod
951 1079 1045 1118 mihi
1081 1083 1166 1133 lege
1195 1099 1426 1129 concessum

93 1130 152 1160 est
185 1125 332 1166 abusus
364 1142 441 1176 ero,
475 1144 647 1181 querere,
688 1137 807 1176 deum
841 1148 960 1192 atque
982 1145 1188 1187 hominum
1210 1151 1328 1191 fidem
1360 1155 1427 1194 im-

90 1187 274 1237 plorabis,
301 1191 573 1235 circumveniri
609 1200 652 1238 C.
682 1202 842 1242 Verrem
865 1209 972 1255 quod
1001 1221 1207 1252 accusator
1226 1217 1324 1256 nolit
1345 1227 1423 1259 tarn

89 1250 158 1290 diu
197 1266 316 1303 quam
357 1257 424 1296 diu
460 1260 573 1300 liceat
605 1263 746 1305 dicere.
811 1270 931 1318 Quod
967 1273 1063 1313 mihi
1098 1278 1158 1315 lex
1188 1292 1276 1319 mea
1305 1296 1422 1324 causa

88 1316 208 1365 dedit,
238 1332 287 1359 eo
308 1321 403 1361 mihi
428 1338 509 1364 non
539 1328 593 1365 uti
624 1343 704 1368 non
730 1331 896 1373 licebit?
953 1339 1056 1377 Nam
1081 1346 1293 1385 accusandi
1323 1349 1418 1389 mihi

26 1397 68 1420 20
86 1388 242 1434 tempus
264 1400 351 1426 mea
385 1402 502 1429 causa
523 1394 660 1433 datum
681 1405 749 1444 est,
771 1407 811 1437 ut
838 1414 995 1450 possem
1023 1407 1200 1448 oratione
1232 1425 1318 1451 mea
1350 1416 1417 1454 cri-

84 1446 189 1486 mina
234 1463 473 1505 causamque
511 1459 726 1508 explicare:
769 1464 844 1503 hoc
893 1467 923 1505 si
963 1482 1044 1508 non
1084 1480 1181 1521 utor,
1224 1489 1304 1515 non
1344 1479 1414 1519 tibi

80 1510 261 1553 iniuriam
283 1517 394 1566 facio,
414 1522 484 1560 sed
506 1523 556 1561 de
578 1537 668 1564 meo
684 1526 767 1566 iure
782 1529 931 1580 aliquid
947 1541 984 1572 et
1005 1540 1221 1578 commodo
1234 1542 1409 1584 detraho.

82 1577 274 1619 ‘Causam
307 1583 413 1622 enim
431 1587 448 1631 ⁹,
474 1586 611 1638 inquit,
638 1593 845 1642 ‘cognosci
877 1602 1078 1647 oportet':
1113 1616 1158 1641 ea
1187 1618 1227 1644 re
1248 1607 1410 1656 quidem

76 1644 184 1691 quod
222 1645 334 1685 aliter
380 1652 636 1693 condemnari
682 1670 780 1705 reus,
827 1663 1004 1710 quamvis
1053 1666 1101 1705 sit
1136 1682 1295 1719 nocens,
1327 1687 1407 1713 non

16 1720 53 1752 ²5
74 1714 213 1756 potest.
275 1712 324 1750 Id
354 1712 468 1763 igitur
497 1723 538 1755 tu
571 1721 736 1760 moleste
768 1724 899 1773 tulisti,
931 1741 954 1766 a
984 1742 1047 1769 me
1078 1732 1228 1783 aliquid
1260 1737 1405 1777 factum

72 1783 157 1811 esse
189 1787 270 1824 quo
302 1776 432 1817 minus
467 1780 539 1820 iste
571 1786 827 1826 condemnari
862 1795 1025 1840 posset?
1074 1810 1166 1836 nam
1196 1813 1313 1840 causa
1343 1817 1405 1842 co-

68 1836 176 1885 gnita
204 1850 371 1889 possunt
398 1845 509 1883 multi
539 1847 700 1897 absolvi,
729 1851 928 1904 incognita
952 1858 1113 1907 quidem
1145 1866 1401 1906 condemnari

68 1913 188 1941 nemo
225 1912 364 1953 potest.
453 1910 626 1952 ‘Adimo
664 1915 769 1954 enim
818 1924 1260 1971 comperendinatum’:
1291 1935 1399 1980 quod
1422 1942 1462 1971 20

67 1965 186 2004 habet
212 1969 272 2006 lex
295 1969 335 2007 in
363 1984 404 2009 se
424 1975 754 2026 molestissimum,
775 1981 834 2020 bis
855 1992 897 2022 ut
925 1998 1042 2025 causa
1066 1989 1397 2044 dicatum—quod

0 2043 46 2074 :30
63 2038 131 2069 aut
159 2046 247 2072 mea
270 2047 388 2074 causa
411 2038 542 2087 potius
573 2049 630 2079 est
659 2045 916 2087 constitutum
938 2064 1056 2101 quam
1079 2061 1155 2103 tua,
1185 2066 1252 2097 aut
1272 2060 1395 2101 nihilo

63 2102 129 2134 tua
149 2098 280 2147 potius
304 2113 422 2151 quam
446 2117 542 2142 mea.
603 2108 707 2146 Nam
736 2110 766 2148 si
796 2111 854 2151 bis
880 2114 1011 2156 dicere
1037 2127 1095 2158 est
1122 2126 1390 2175 commodum,

108 2209 147 2229 12
170 2211 235 2240 quo
252 2202 316 2234 iam
334 2202 447 2237 Madv.
465 2207 535 2239 edd.
557 2221 564 2239 :
586 2212 744 2249 quoniam
763 2214 851 2247 codd.
945 2228 984 2259 19
1008 2221 1101 2253 dedit
1119 2224 1196 2256 Asc.
1216 2226 1284 2258 edd.
1304 2240 1310 2259 :
1334 2231 1390 2262 det

60 2240 116 2282 Dp
131 2243 197 2276 rell.
320 2257 388 2279 non
406 2250 450 2280 uti
470 2250 584 2283 licebit
603 2253 667 2284 ΒΨ
779 2268 821 2299 29
843 2262 932 2299 quod
950 2263 1037 2296 codd.
1057 2277 1064 2296 z
1088 2266 1121 2297 id
1138 2270 1217 2300 coni.
1237 2271 1388 2304 Ernesti:

0 2329 1 2334 1
47 2286 129 2323 sort.
149 2287 182 2317 id
199 2289 333 2328 quidem
