1600 2704
77 97 124 134 16

82 800 122 834 4¹

84 1409 126 1448 Ι7

84 1470 124 1502 42

144 111 189 142 40
513 95 570 131 M.
602 94 771 132 TVLLI
802 93 1108 133 CICERONIS

143 219 303 256 parvam
343 218 505 243 manum
544 204 870 255 exstinguendam
908 205 1052 243 ducem
1100 211 1139 242 te
1176 202 1476 253 principemque

143 271 361 320 praeberes,
384 283 465 308 non
491 270 613 308 modo
638 268 678 308 id
703 268 885 319 refugisti,
909 269 979 307 sed
999 281 1047 307 eo
1068 268 1154 318 ipso
1175 275 1362 318 tempore,
1384 281 1475 306 cum

143 348 248 374 esses
279 335 319 373 in
349 334 471 381 litore,
495 334 629 372 Tertia
660 334 725 372 illa
753 341 830 380 tua,
855 346 974 383 quam
1003 340 1044 371 tu
1074 341 1205 371 tecum
1235 334 1472 383 deportaras,

143 408 223 439 erat
252 400 292 438 in
320 400 499 438 omnium
527 405 743 449 conspectu
759 413 768 446 3
797 398 890 449 ipsis
917 405 1049 436 autem
1070 397 1290 436 Valentinis
1320 411 1366 436 ex
1395 405 1474 436 tam

143 463 295 502 inlustri
335 463 539 513 nobilique
579 462 795 513 municipio
842 462 960 501 tantis
997 464 1048 502 de
1088 462 1204 501 rebus
1242 475 1474 512 responsum
1495 476 1515 507 5

143 529 298 575 dedisti,
323 542 413 567 cum
435 541 540 567 esses
571 541 662 566 cum
687 527 820 565 tunica
846 528 952 577 pulla
977 534 1015 565 et
1045 527 1174 577 pallio.
1235 526 1343 576 Quid
1368 527 1475 565 hunc

144 593 472 644 proficiscentem,
488 592 584 642 quid
606 592 645 629 in
667 591 750 641 ipsa
770 591 971 641 provincia
985 591 1123 630 fecisse
1144 591 1372 630 existimatis
1393 591 1476 642 qui,

144 671 235 696 cum
257 657 334 695 iam
356 670 403 695 ex
429 657 630 707 provincia
659 670 740 695 non
768 658 818 695 ad
843 656 1087 706 triumphum
1109 658 1178 695 sed
1205 658 1255 695 ad
1285 656 1475 695 iudicium

144 724 365 769 decederet,
389 735 439 760 ne
459 722 566 760 illam
587 721 749 772 quidem
770 720 972 759 infamiam
993 721 1133 771 fugerit
1153 734 1273 771 quam
1294 720 1378 759 sine
1398 722 1477 759 ulla

144 788 346 836 voluptate
380 786 591 836 capiebat?
648 786 684 825 O
714 785 847 824 divina
881 792 1039 823 senatus
1070 784 1284 835 frequentis
1314 785 1354 823 in
1378 786 1477 824 aede
1499 799 1539 821 10

146 853 334 891 Bellonae
368 851 703 890 admurmuratio!
762 850 959 889 Memoria
997 850 1149 897 tenetis,
1191 849 1352 895 iudices,
1386 863 1477 888 cum

143 919 485 967 advesperasceret
515 924 552 955 et
582 917 701 967 paulo
729 923 821 954 ante
851 922 953 954 esset
982 916 1032 954 de
1061 916 1137 953 hoc
1167 916 1395 964 Tempsano
1424 914 1478 951 in-

144 982 360 1020 commodo
381 980 618 1027 nuntiatum,
640 993 731 1018 cum
748 979 988 1018 inveniretur
1008 992 1126 1017 nemo
1147 978 1217 1028 qui
1236 978 1276 1016 in
1297 978 1362 1016 illa
1390 979 1477 1016 loca

144 1059 236 1084 cum
251 1045 416 1096 imperio
436 1045 663 1091 mitteretur,
680 1043 912 1094 dixissetque
928 1043 1090 1093 quidam
1104 1044 1267 1081 Verrem
1292 1055 1376 1081 esse
1397 1055 1478 1080 non

145 1112 261 1161 longe
295 1124 318 1149 a
351 1112 537 1160 Tempsa,
569 1123 689 1159 quam
727 1110 842 1148 valde
880 1108 1050 1147 universi
1087 1106 1476 1154 admurmuraverint,
1500 1117 1538 1152 15

145 1189 265 1225 quam
294 1177 423 1226 palam
451 1174 648 1225 principes
679 1173 847 1213 dixerint
874 1180 1020 1212 contra.
1082 1174 1132 1211 Et
1154 1172 1213 1210 his
1234 1179 1292 1210 tot
1312 1170 1479 1210 crimini-

145 1241 220 1280 bus
253 1239 567 1289 testimoniisque
601 1240 804 1278 convictus
836 1238 876 1276 in
915 1250 1051 1277 eorum
1084 1238 1227 1276 tabella
1259 1250 1370 1286 spem
1403 1235 1478 1274 sibi

144 1305 318 1355 aliquam
346 1303 541 1354 proponit,
570 1316 738 1354 quorum
767 1302 946 1341 omnium
974 1303 1103 1351 palam
1132 1313 1250 1340 causa
1279 1300 1479 1350 incognita

146 1383 244 1408 voce
264 1370 474 1408 damnatus
495 1370 586 1408 est?

201 1436 298 1473 Esto
317 1449 327 1481 3
366 1433 464 1471 nihil
502 1446 550 1471 ex
587 1432 838 1483 fugitivorum
874 1432 978 1470 bello
1016 1438 1082 1469 aut
1121 1429 1346 1481 suspicione
1385 1429 1478 1468 belli
1499 1443 1540 1466 20

145 1499 272 1539 laudis
297 1500 465 1549 adeptus
499 1505 568 1546 est,
605 1499 714 1548 quod
748 1510 878 1547 neque
909 1497 1057 1535 bellum
1088 1496 1170 1536 eius
1205 1495 1314 1534 modi
1348 1508 1478 1544 neque

146 1564 237 1604 belli
258 1564 476 1615 periculum
497 1563 569 1602 fuit
589 1563 629 1601 in
649 1562 791 1609 Sicilia,
811 1575 942 1612 neque
961 1561 1012 1600 ab
1032 1561 1108 1600 isto
1128 1560 1329 1612 provisum
1349 1567 1407 1599 est
1428 1573 1477 1598 ne

144 1631 253 1679 quod
289 1636 415 1677 esset;
455 1636 495 1667 at
529 1641 621 1667 vero
664 1635 801 1666 contra
839 1627 987 1665 bellum
1027 1627 1273 1676 praedonum
1312 1626 1477 1663 classem

144 1694 282 1733 habuit
317 1700 495 1732 ornatam
529 1692 855 1742 diligentiamque
893 1691 934 1729 in
972 1703 1021 1730 eo
1062 1690 1309 1741 singularem,
1343 1689 1476 1739 itaque

142 1759 194 1797 ab
224 1757 299 1796 isto
324 1759 521 1807 praeclare
548 1758 711 1796 defensa
732 1756 932 1806 provincia
952 1762 1020 1794 est.
1080 1754 1144 1794 Sic
1165 1755 1215 1793 de
1235 1755 1341 1793 bello
1370 1768 1476 1804 prae·
1498 1767 1538 1798 25

143 1824 306 1869 donum,
329 1823 383 1860 sic
411 1823 461 1860 de
489 1823 612 1860 classe
642 1821 846 1868 Siciliensi,
873 1820 1034 1867 iudices,
1063 1819 1193 1858 dicam
1223 1826 1265 1857 ut
1293 1820 1369 1857 hoc
1398 1819 1476 1857 iam

142 1894 235 1926 ante
266 1887 508 1932 confirmem,
544 1886 582 1924 in
618 1887 694 1924 hoc
725 1898 806 1924 uno
844 1897 986 1935 genere
1018 1883 1147 1922 omnis
1180 1883 1308 1922 inesse
1342 1884 1476 1933 culpas

144 1951 254 1990 istius
293 1950 482 1988 maximas
515 1949 709 1997 avaritiae,
749 1949 973 1995 maiestatis,
1014 1947 1248 1994 dementiae,
1290 1946 1472 1993 libidinis,

144 2015 395 2054 crudelitatis.
456 2016 570 2054 Haec
591 2016 687 2054 dum
709 2015 876 2053 breviter
896 2026 1063 2064 expono,
1086 2025 1245 2063 quaeSO,
1266 2020 1306 2050 ut
1330 2012 1473 2050 fecistis

142 2082 284 2127 adhuc,
302 2080 508 2131 diligenter
527 2079 729 2119 attendite.
1496 2090 1536 2120 30

187 2193 207 2222 3
231 2188 266 2214 tu
278 2194 341 2214 om.
360 2185 376 2213 δ
455 2194 491 2221 14
517 2184 723 2222 dixissetque
738 2183 874 2222 quidam
885 2181 1037 2213 Ernesti:
1063 2182 1189 2212 dixisse
1204 2182 1371 2221 quendam
1383 2180 1470 2211 codd.

146 2226 250 2266 (unde
270 2236 317 2266 15,
341 2228 381 2256 16
394 2226 933 2257 admurmuraverunt-dixerunt
953 2225 993 2264 G,
1011 2228 1122 2256 contra
1138 2224 1217 2265 RS)
1355 2232 1392 2262 15
1416 2224 1473 2254 ad-

144 2269 428 2300 murmuraverint
445 2269 508 2300 RS
524 2281 531 2299 ε
556 2271 659 2301 -arint
672 2271 715 2310 p&
808 2270 846 2299 16
871 2269 914 2299 Et
928 2269 980 2299 his
993 2269 1060 2308 pk:
1088 2269 1147 2298 sed
1166 2269 1205 2299 iis
1219 2266 1252 2297 R
1270 2279 1276 2297 :
1300 2268 1361 2297 sed
1380 2265 1475 2297 hisS

139 2317 207 2351 pn,
226 2323 305 2342 corr.
326 2313 386 2342 sed
405 2313 453 2345 is:
479 2317 512 2344 et
528 2314 557 2344 is
573 2315 590 2343 δ
701 2323 740 2351 23
767 2313 976 2351 praedonum
993 2322 1057 2342 0712.
1079 2311 1140 2341 RS
1253 2319 1293 2350 25
1317 2314 1473 2350 praetore

145 2355 318 2394 praeclare
329 2356 410 2394 prk&
