1600 2704
582 120 905 159 PRAEFATIO

79 229 324 280 temporibus
353 229 474 268 Tullii
505 229 759 281 sospitatores
790 232 917 270 codex
949 231 1012 269 ille
1039 244 1158 281 quem
1190 233 1328 282 raptim
1360 233 1413 271 in·

79 294 252 346 spexisse
299 296 453 334 videtur
492 294 697 333 Nannius:
756 295 907 333 ‘omnis
950 295 1034 334 eius
1073 309 1175 346 quae
1217 296 1412 336 indicatae

78 368 209 400 essent
233 359 439 399 varietates
464 361 630 399 totidem
661 361 772 407 fere',
806 367 848 398 ut
879 360 932 399 ait
962 361 1180 411 Zumptius‚
1203 364 1213 380 ‘'
1230 363 1413 401 emenda-

78 427 206 464 tiones
227 425 432 463 habendas
453 437 539 463 esse
558 424 664 463 illico
685 424 929 463 intellectum
953 427 1036 463 est.'
1094 427 1228 474 Quare
1248 425 1411 465 minime

78 497 136 528 est
171 488 395 528 mirandum
425 502 493 528 eos
523 489 590 539 qui
613 488 816 527 Nannium
847 489 969 528 secuti
1000 498 1103 537 sunt,
1125 498 1164 528 et
1193 490 1261 540 qui
1286 490 1411 530 isdem

78 555 157 593 fere
178 554 275 592 locis
296 553 441 605 quibus
461 554 526 593 ille
546 554 742 602 vivebant,
765 555 852 592 talis
879 554 966 592 libri
994 555 1226 593 memoriam
1256 555 1410 602 fovisse,

76 632 196 669 quem
216 619 430 669 apparebat
457 619 609 657 etiarnsi
630 619 747 657 tantis
774 618 970 658 erroribus
999 633 1021 657 a
1043 619 1204 658 Nannio
1233 621 1415 660 obscura-

77 693 160 722 tum
186 697 318 723 veram
350 692 483 723 tamen
516 683 720 724 Ciceronis
746 684 958 735 imaginem
989 685 1218 724 reddidisse.
1281 687 1412 724 Immo

78 748 200 799 magis
235 757 338 789 esset
370 748 512 787 mirum
543 749 574 787 si
606 750 733 788 codex
765 757 843 787 tam
880 749 1042 800 insignis
1075 750 1266 789 continuo
1296 764 1336 789 se
1366 765 1412 789 ex

76 813 283 852 hominum
314 813 453 852 notitia
482 813 743 853 subduxisset.

132 880 226 916 Post
264 877 495 928 impressam
535 878 702 928 primam
739 878 924 916 Lambini
956 878 1172 918 editionem
1203 879 1413 932 (1565-6),

76 943 181 982 misit
212 945 263 982 ad
292 956 382 982 eum
416 943 566 982 codicis
600 943 806 982 cuiusdam
831 943 1084 982 vetustissimi
1118 945 1326 995 scripturas
1360 948 1410 985 ad

74 1009 160 1046 libr.
179 1008 204 1046 ii
218 1017 256 1047 et
278 1008 316 1046 iii
337 1022 359 1046 a
379 1009 535 1058 vulgata
555 1008 780 1047 differentes
799 1010 860 1046 Fr.
876 1008 1078 1047 Fabricius
1096 1011 1411 1049 Marcoduranus

73 1074 219 1124 (Franz
249 1073 430 1112 Schmidt
460 1086 537 1111 von
570 1075 730 1111 Diiren:
771 1074 833 1112 ob.
869 1073 998 1123 1573).
1052 1074 1195 1123 Neque
1229 1074 1410 1114 dubitare

75 1151 286 1189 possumus
319 1137 425 1188 quin,
458 1137 489 1176 si
520 1137 598 1175 vita
628 1137 662 1176 ei
693 1138 945 1188 suppetisset,
977 1140 1146 1177 eandem
1177 1152 1296 1189 quarn
1330 1142 1411 1179 Ste-

75 1205 230 1254 phanus
257 1211 472 1252 praeeunte
494 1204 655 1241 Nannio
686 1202 880 1254 ingressus
908 1212 989 1242 erat
1015 1205 1116 1242 viam
1143 1214 1312 1253 secutus,
1341 1207 1409 1244 has

74 1267 243 1306 Fabricii
275 1267 485 1318 scripturas
509 1267 737 1315 Lambinus,
759 1277 940 1307 accurate
971 1268 1010 1306 in
1042 1269 1228 1317 libellum,
1254 1279 1295 1308 ut
1327 1271 1409 1321 ipse

74 1332 183 1380 dicit,
214 1333 366 1380 relatas,
399 1332 438 1370 in
471 1340 620 1371 textum
653 1333 838 1371 editionis
866 1333 1054 1383 repetitae
1087 1344 1259 1373 curasset
1293 1337 1408 1375 adsu-

75 1399 250 1438 mendas.
311 1399 363 1436 Vt
395 1411 455 1437 res
480 1411 521 1437 se
548 1399 678 1445 habet,
713 1412 760 1437 ex
794 1399 871 1437 hoc
902 1400 1011 1437 fonte
1039 1398 1220 1437 videntur
1252 1400 1408 1439 fluxisse

72 1463 262 1503 lectiones
276 1477 309 1503 v.
323 1477 349 1501 c.
369 1476 470 1513 quae
484 1463 523 1501 in
538 1463 712 1514 margine
733 1463 884 1513 positae
902 1472 991 1502 sunt
1006 1464 1191 1502 editionis
1208 1465 1406 1515 repetitae,

72 1539 109 1568 et
130 1529 223 1567 huic
243 1528 506 1567 adscribenda
526 1529 605 1567 fere
625 1537 716 1566 sunt
737 1528 871 1567 onmia
892 1542 994 1579 quae
1007 1530 1147 1567 eadem
1170 1531 1267 1569 haec
1288 1530 1410 1569 editio

72 1595 111 1631 in
151 1593 258 1632 libris
293 1592 388 1631 ii-iii
421 1606 444 1631 a
478 1594 606 1643 priore
644 1593 797 1632 diversa
836 1594 1008 1644 praebet.
1070 1596 1193 1633 Hunc
1228 1596 1407 1634 codicem

73 1658 351 1697 Fabricianum
372 1658 465 1709 (F),
482 1658 646 1708 perinde
669 1671 715 1696 ac
737 1658 1005 1704 Nannianum‚
1029 1672 1109 1697 non
1141 1659 1260 1697 aliurn
1290 1659 1408 1698 fuisse

73 1735 192 1772 quam
218 1722 522 1762 Cluniacensem
550 1723 711 1761 abunde
741 1722 1099 1761 demonstravimus
1135 1723 1172 1760 in
1206 1725 1406 1771 Ameselon),

71 1800 135 1837 pp.
159 1787 386 1825 xxxix-xlvi.

128 1853 267 1890 Restat
296 1853 423 1890 codex
447 1865 566 1901 quem
589 1853 639 1890 de
660 1852 822 1891 nomine
843 1853 1080 1902 possessoris
1095 1852 1107 1875 ¹
1131 1854 1406 1893 Metellianum

72 1915 242 1955 editores
278 1924 520 1967 nuncupant.
583 1918 705 1955 Hunc
740 1919 911 1956 eundem
945 1931 1031 1956 esse
1065 1926 1184 1968 atquc
1216 1919 1408 1958 Fabricia-

71 1994 167 2019 num
189 1980 271 2019 iure
300 1982 378 2019 iam
405 1981 626 2031 suspicatus
647 1989 705 2020 est
726 1983 942 2020 Gruterus:
975 1982 1130 2032 negavit
1159 1984 1197 2020 in
1226 1985 1408 2033 Epistola

71 2048 127 2084 ad
148 2046 336 2085 Orellt‘um
370 2045 607 2096 Madvigius,
630 2059 750 2096 quem
782 2054 940 2085 secutus
970 2055 1028 2086 est
1057 2048 1166 2086 Bake
1197 2049 1402 2099 (Biblioth.

71 2111 153 2150 crit.
176 2123 279 2149 nova
299 2124 323 2148 v
343 2123 408 2161 pp.
430 2111 560 2161 1-56).
608 2113 703 2149 Post
724 2112 936 2150 Gruterum
953 2112 1059 2151 idem
1081 2113 1265 2163 opinatus
1286 2123 1344 2153 est
1366 2117 1402 2153 in

70 2175 246 2215 editione
275 2188 346 2214 sua
371 2175 512 2226 (1831)
535 2176 580 2216 C.
603 2177 648 2214 T.
672 2177 890 2227 Zumptius‚
913 2178 981 2227 qui
1011 2179 1191 2228 exiguam
1221 2193 1323 2229 quae
1351 2182 1406 2218 in-

71 2242 227 2280 venitur
247 2241 346 2279 inter
366 2241 439 2279 hos
460 2240 580 2279 libros
601 2241 860 2280 differentiam
883 2243 934 2281 ad
951 2256 1119 2282 errorem
1142 2256 1277 2282 eorum
1300 2254 1406 2284 recte

213 2383 222 2400 ¹
250 2382 396 2414 loannes
414 2383 573 2415 Matalius
591 2382 750 2414 Metellus
769 2383 870 2423 (Jean
892 2383 1024 2425 MatalJ,
1048 2394 1252 2425 1520<1597.

708 2452 758 2476 vll
