1600 2704
76 93 132 139 63
156 106 216 138 154
518 83 574 120 M.
605 78 774 118 TVLLI
805 70 1111 115 C1CER0N1s

152 209 285 241 autem
311 212 357 237 ex
377 208 481 247 equo
508 193 699 231 nudatam
723 188 774 226 ab
795 200 836 225 se
860 181 1101 235 provinciam
1122 176 1334 230 prospicit3
1361 172 1477 213 huius

153 273 304 305 statuae
338 260 436 300 locis
474 256 671 301 omnibus,
712 264 814 303 quae
852 251 928 287 hoc
960 248 1229 286 demonstrare
1261 240 1478 284 videantur,

154 343 277 382 prope
308 327 473 366 modum
512 335 593 361 non
629 319 758 358 minus
789 316 931 353 multas
970 319 1117 349 statuas
1151 307 1269 345 istum
1303 302 1480 355 posuisse

155 393 353 446 Syracusis
392 402 511 440 quam
549 384 781 429 abstulisse3
822 379 914 418 huic
952 376 1070 416 etiam
1110 375 1264 411 Romae
1302 369 1482 407 videmus

155 462 195 499 in
234 458 318 498 basi
351 463 566 495 statuarum
607 447 785 488 maximis
823 442 959 483 litteris
993 439 1175 485 incisum,
1209 438 1245 474 A
1283 443 1519 478 COMMVN15

80 536 135 566 155
157 529 340 565 SICILIAE
380 530 522 559 DATAS.
582 518 714 564 Quam
753 512 806 549 ob
839 522 921 547 rem
955 495 1023 557 qui
1056 507 1133 543 hoc
1166 502 1332 553 probare
1370 504 1483 548 potes

83 591 138 639 64
158 590 354 639 cuiquam,
377 592 507 623 tantos
537 583 707 618 honores
737 575 893 614 habitos
915 585 999 611 esse
1023 571 1074 609 ab
1094 568 1253 607 invitis?
1311 563 1393 602 Hic
1412 561 1483 600 tibi

157 654 275 693 etiam
296 652 421 689 multo
442 645 564 695 magis
585 655 703 693 quam
724 641 842 691 paulo
861 645 952 676 ante
972 636 1012 673 in
1032 632 1248 673 aratoribus
1267 628 1484 667 videndum

158 727 196 758 et
217 712 549 755 considerandum
576 714 635 746 est
655 705 752 756 quid
771 703 877 742 velis.
938 702 1087 750 Magna
1105 710 1166 735 res
1186 703 1244 734 est
1264 701 1394 732 utrum
1413 690 1486 729 tibi

159 783 311 822 Siculos
341 777 499 829 publice
525 771 786 824 privatimque
812 767 960 806 amicos
989 778 1040 802 an
1069 761 1250 801 inimicos
1277 754 1486 797 existimari
1508 771 1546 793 10

158 847 264 886 velis.
324 844 364 882 Si
395 839 587 885 inimicos,
619 835 715 886 quid
747 842 785 873 te
814 834 987 870 futurum
1022 829 1110 867 est?
1143 838 1223 876 quo
1257 820 1488 871 confugies?

159 912 227 951 ubi
262 909 415 949 nitere?
473 904 600 943 Modo
638 908 847 945 aratorum,
881 892 1247 934 honestissimorum
1281 886 1487 925 hominum

160 991 205 1016 ac
232 970 633 1024 locupletissimorum
661 973 699 1004 et
731 963 953 1002 Siculorum
974 966 1012 997 et
1033 956 1176 996 civium
1202 956 1488 997 Romanorum,

162 1041 377 1081 maximum
415 1046 625 1075 numerum
658 1031 729 1069 abs
761 1037 799 1067 te
832 1023 1086 1066 abalienasti:
1125 1033 1232 1059 nunc
1265 1020 1316 1057 de
1349 1015 1489 1056 Siculis

162 1105 386 1146 civitatibus
418 1100 515 1151 quid
552 1098 672 1148 ages?
731 1094 851 1133 Dices
890 1090 961 1130 tibi
1000 1089 1151 1128 Siculos
1190 1098 1276 1124 esse
1312 1081 1550 1123 amicos?15

140 1171 229 1222 'qui
263 1167 438 1220 poteris?
478 1163 556 1214 qui,
593 1161 702 1212 quod
739 1160 848 1197 nullo
887 1157 925 1194 in
959 1153 1121 1193 homine
1153 1157 1270 1189 antea
1306 1149 1488 1191 fecerant,

163 1244 205 1275 ut
221 1235 262 1273 in
283 1246 373 1272 eum
390 1229 548 1282 publice
565 1224 835 1266 testimonium
851 1221 1186 1266 dicerent‚—cum
1203 1211 1429 1265 praesertim
1446 1223 1493 1249 ex

163 1314 209 1339 ea
240 1296 442 1349 provincia
474 1289 728 1332 condemnati
758 1288 835 1326 sint
864 1286 1085 1335 complures
1115 1280 1183 1331 qui
1212 1278 1266 1317 ibi
1295 1284 1493 1328 praetores

164 1367 331 1410 fuerunt,
365 1363 447 1400 duo
481 1357 552 1397 soli
585 1351 867 1401 absoluti,—hi
900 1363 1006 1388 nunc
1035 1345 1198 1386 veniunt
1225 1356 1316 1382 cum
1343 1339 1490 1386 litteris,

163 1429 327 1469 veniunt
358 1438 449 1465 cum
481 1420 687 1466 mandatis,
719 1417 882 1456 veniunt
911 1427 1002 1453 cum
1036 1408 1269 1450 testimoniis
1299 1405 1467 1457 publicis
1483 1419 1494 1452 3
1515 1421 1552 1443 20

168 1494 246 1545 qui,
281 1492 313 1531 si
351 1499 389 1530 te
419 1488 577 1540 publice
611 1485 827 1528 laudarent,
859 1489 993 1519 tamen
1031 1477 1072 1515 id
1106 1487 1215 1513 more
1252 1471 1384 1524 potius
1422 1483 1494 1508 suo

166 1572 285 1610 quam
318 1555 456 1595 merito
487 1562 555 1592 tuo
585 1552 710 1589 facere
739 1547 974 1592 viderentur,
1005 1542 1046 1580 hi
1075 1554 1166 1580 cum
1195 1540 1246 1578 de
1275 1536 1351 1575 tuis
1385 1534 1495 1574 factis

166 1623 324 1675 publice
367 1624 673 1669 conqueruntur,
714 1625 848 1651 nonne
892 1612 969 1648 hoc
1008 1606 1196 1651 indicant,
1236 1609 1364 1642 tantas
1412 1613 1496 1639 esse

168 1687 327 1727 iniurias
348 1693 390 1724 ut
418 1685 543 1722 multo
565 1678 773 1719 maluerint
793 1678 843 1715 de
871 1688 943 1713 suo
964 1686 1072 1711 more
1092 1669 1286 1709 decedere
1306 1679 1424 1717 quam
1447 1666 1496 1703 de

89 1762 147 1803 156
169 1753 244 1792 tuis
289 1750 463 1789 moribus
507 1760 587 1785 non
626 1744 783 1783 dicere?
851 1737 1135 1779 Confitendum
1173 1732 1288 1783 igitur
1330 1737 1388 1768 est
1426 1728 1498 1767 tibi
1518 1743 1556 1773 25

170 1816 392 1857 necessario
432 1813 584 1852 Siculos
623 1808 804 1848 inimicos
843 1818 939 1851 esse,
973 1802 1039 1852 qui
1079 1799 1241 1851 quidem
1274 1793 1349 1850 [et]
1382 1794 1423 1832 in
1460 1802 1499 1832 te

171 1880 397 1933 gravissima
427 1877 624 1928 postulata
655 1870 884 1912 consulibus
918 1865 1124 1911 ediderint,
1158 1871 1196 1902 et
1230 1874 1293 1900 me
1322 1867 1365 1898 ut
1397 1860 1500 1896 hanc

174 1959 332 1986 causam
350 1942 563 1992 salutisque
585 1952 677 1978 suae
693 1934 966 1976 defensionem
988 1930 1227 1980 susciperem
1243 1923 1501 1969 obsecrarint3

218 2061 236 2080 2
254 2049 337 2080 locis
354 2046 510 2078 omnibus
526 2043 607 2084 VOp
617 2041 661 2073 al.
680 2052 687 2071 :
711 2038 864 2071 omnibus
881 2036 966 2067 loeis
979 2045 1014 2066 c:
1037 2031 1194 2064 omnibus
1204 2029 1240 2060 126
1329 2029 1351 2058 6
1369 2026 1502 2057 Siciliae

175 2094 243 2134 cOp
261 2094 301 2122 al.
323 2103 329 2121 :
355 2090 468 2121 Sicilia
491 2088 535 2118 VB
554 2090 608 2124 (ἐξ
631 2094 702 2122 114,
725 2093 795 2122 145,
819 2082 894 2121 168)
1006 2078 1148 2117 probare
1167 2078 1264 2114 potes
1286 2072 1332 2102 V:
1358 2070 1502 2110 probare

177 2142 288 2176 potest
308 2134 337 2164 Ο
352 2146 359 2165 t
384 2132 515 2172 probari
534 2134 646 2170 potest
658 2128 702 2168 pb
719 2127 808 2167 vulg.
921 2133 942 2162 9
965 2121 1048 2152 velis
1070 2118 1140 2149 VO¹
1158 2129 1164 2148 ε
1188 2117 1238 2147 vis
1250 2121 1274 2157 p
1291 2114 1357 2145 rell.
1465 2122 1503 2142 12

177 2181 266 2210 hom.
288 2189 325 2208 ac
344 2177 467 2215 locupl.
486 2180 519 2205 et
536 2184 601 2204 οιιι.
617 2178 641 2213 p
655 2171 696 2202 al.
865 2168 903 2197 16
927 2167 1078 2197 fecerant
1099 2161 1180 2192 VO:
1206 2160 1360 2190 fecerunt
1373 2162 1396 2197 p
1413 2155 1501 2195 vulg.

182 2234 220 2262 ¹9
245 2222 370 2252 fuerint
389 2219 419 2249 O
572 2226 610 2246 21
634 2215 811 2245 laudarent
829 2210 959 2251 publice
980 2208 1010 2238 V
1160 2214 1200 2234 22
1225 2204 1244 2233 ii
1267 2201 1364 2239 mut
1380 2200 1400 2230 l.
1426 2201 1478 2237 19}
1498 2210 1503 2228 :

180 2273 213 2297 et
230 2266 259 2295 O
271 2268 302 2303 5
318 2266 360 2293 86
371 2261 487 2301 snpra)
556 2260 651 2290 sactis
664 2258 716 2288 ελ.
735 2256 767 2293 ρῖ
869 2264 909 2292 25
934 2252 1034 2291 igitur
1047 2254 1099 2280 est
1115 2248 1162 2288 Vp
1179 2259 1185 2277 2
1209 2250 1261 2276 est
1280 2245 1382 2284 igitur
1397 2242 1447 2272 Ob
1459 2241 1501 2272 al.

181 2307 374 2340 necessario
392 2306 449 2335 tibi
470 2305 499 2334 O
610 2304 651 2332 26
675 2306 707 2331 et
724 2310 788 2330 ουκ.
812 2298 872 2328 VO
989 2304 1028 2332 27
1053 2291 1221 2323 ediderint
1237 2289 1302 2320 cO:
1329 2287 1505 2317 ediderunt

185 2352 231 2389 l'fi
247 2351 290 2382 al.
427 2349 469 2377 28
493 2345 701 2377 obsecrarint
718 2343 765 2374 cO
781 2346 809 2372 et
829 2341 907 2370 Vnt
923 2339 1069 2370 videtur:
1095 2336 1312 2366 obsecrarunt
1325 2336 1348 2372 p
1365 2329 1430 2360 rell.
