1600 2704
384 108 445 146 IN
477 107 527 156 Q.
559 106 877 148 CAECILIVM
908 108 1127 148 ORATIO
1373 122 1419 150 ιο
1439 127 1477 159 31

85 211 294 260 accusatio,
309 224 412 262 quae
431 211 641 251 domestici
662 211 822 262 periculi
845 219 952 251 metu
974 212 1179 252 certissimi
1200 222 1239 254 et
1261 216 1417 254 maximi

84 277 258 319 criminis
292 290 373 316 non
408 277 530 316 modo
564 277 823 327 sponsionem,
854 291 988 317 verum
1020 278 1139 317 etiam
1175 280 1418 320 mentionem

85 342 211 392 ipsam
242 341 523 392 pertimescat?
570 342 762 393 Emptum
792 350 850 381 est
880 356 927 381 ex
956 350 1115 382 senatus
1141 345 1325 384 consulto
1344 346 1418 384 fru-
1439 360 1476 391 32

85 412 264 445 mentum
294 406 346 445 ab
379 405 519 445 Siculis
548 414 725 457 praetore
754 408 887 454 Verre,
910 420 981 458 pro
1011 421 1092 458 quo
1125 410 1324 448 frumento
1355 423 1417 460 pe-

45 470 198 521 5cunia
232 470 365 509 omnis
405 472 532 509 soluta
570 484 652 510 non
691 479 759 511 est.
820 473 948 511 Grave
988 479 1046 511 est
1084 474 1162 513 hoc
1195 473 1344 512 crimen
1376 474 1415 512 in

80 537 255 583 Verrem,
277 549 392 586 grave
422 549 485 574 me
511 543 663 586 agente,
686 544 724 576 te
750 544 961 576 accusante
990 539 1142 576 nullum
1160 553 1170 586 ;
1200 552 1283 578 eras
1310 538 1414 578 enim

81 607 123 639 tu
162 607 357 650 quaestor,
397 599 607 650 pecuniam
651 600 850 651 publicam
900 609 940 640 tu
987 602 1192 650 tractabas,
1233 617 1279 642 ex
1323 616 1412 654 qua,

81 665 234 704 etiamsi
272 672 433 716 cuperet
471 673 636 716 praetor,
677 673 810 705 tamen
850 680 899 705 ne
945 679 1023 717 qua
1068 668 1257 707 deductio
1306 669 1415 706 fieret

80 743 222 781 magna
253 744 300 770 ex
333 738 442 781 parte
474 738 539 769 tua
571 738 744 781 potestas
780 738 870 770 erat.
933 731 1066 770 Huius
1104 744 1265 783 quoque
1300 732 1415 783 igitur

22 812 60 835 10
79 795 251 834 criminis
272 802 310 835 te
330 803 542 834 accusante
560 795 709 835 mentio
725 797 832 834 nulla
852 797 918 834 fiet
936 811 942 834 :
972 796 1149 836 silebitur
1164 804 1248 836 toto
1265 797 1412 837 iudicio

77 861 128 899 de
166 859 345 898 maximis
384 868 422 899 et
461 861 675 899 notissimis
715 860 817 900 illius
856 861 966 899 furtis
1004 869 1042 900 et
1086 861 1246 901 iniuriis.
1307 862 1410 900 Mihi

77 926 208 973 crede,
241 925 400 973 Caecili,
435 939 516 965 non
551 933 680 977 potest
719 926 759 964 in
789 927 1016 965 accusando
1054 927 1182 965 socios
1216 940 1307 966 vere
1344 929 1410 966 de-

77 991 237 1028 fendere
258 989 289 1028 is
310 990 489 1040 quicum
520 1003 586 1028 reo
616 989 823 1028 criminum
854 989 1042 1029 societate
1071 990 1307 1030 coniunctus
1337 999 1405 1030 est.

77 1055 284 1105 Mancipes
314 1069 337 1093 a
366 1054 587 1093 civitatibus
617 1067 688 1105 pro
717 1055 914 1093 frumento
944 1055 1152 1104 pecuniam
1184 1064 1406 1106 exegerunt.
1429 1070 1466 1103 33

17 1136 53 1168 ¹5
75 1118 216 1168 Quid?
245 1120 321 1157 hoc
353 1120 474 1157 Verre
507 1126 684 1169 praetore
719 1120 865 1158 sactum
898 1127 956 1158 est
987 1121 1147 1159 solum?
1201 1122 1306 1169 Non,
1338 1123 1408 1161 sed

73 1183 190 1223 etiam
222 1191 429 1234 quaestore
466 1183 651 1223 Caecilio.
711 1183 820 1233 Quid
855 1183 998 1235 igitur?
1040 1186 1203 1225 daturus
1234 1200 1275 1226 es
1315 1187 1406 1226 huic

71 1246 224 1286 crimini
244 1249 353 1298 quod
381 1255 419 1287 et
446 1247 607 1299 potuisti
638 1248 846 1298 prohibere
876 1263 925 1288 ne
955 1250 1063 1288 fieret
1090 1258 1128 1289 et
1150 1251 1335 1300 debuisti,
1355 1266 1404 1291 an

70 1320 197 1352 totum
219 1313 259 1352 id
280 1312 509 1364 relinques?
559 1315 664 1363 Ergo
688 1313 729 1352 id
755 1313 920 1353 omnino
941 1316 1082 1354 Verres
1103 1315 1142 1354 in
1164 1315 1312 1356 iudicio
1333 1331 1405 1356 suo

69 1391 150 1417 non
170 1378 305 1418 audiet
326 1380 446 1429 quod,
462 1392 552 1417 cum
576 1378 755 1425 faciebat,
771 1391 888 1429 quem
911 1380 961 1418 ad
984 1381 1148 1418 modum
1170 1382 1402 1420 defensurus

11 1460 49 1484 20
68 1450 170 1482 esset
190 1457 272 1482 non
292 1443 520 1494 reperiebat.

120 1511 254 1559 Atque
274 1522 348 1559 ego
367 1510 465 1548 haec
486 1522 588 1559 quae
609 1508 648 1547 in
680 1509 812 1548 medio
842 1510 969 1560 posita
990 1518 1081 1549 sunt
1101 1524 1373 1551 commemoro
1393 1528 1399 1551 :
1420 1525 1455 1552 11

67 1581 158 1613 sunt
191 1574 267 1613 alia
305 1574 428 1625 magis
463 1576 619 1613 occulta
653 1576 762 1621 furta,
796 1588 897 1625 quae
933 1575 1006 1622 ille,
1039 1584 1082 1614 ut
1117 1575 1237 1624 istius,
1267 1579 1397 1623 credo,

64 1639 218 1679 animos
246 1647 365 1691 atque
394 1640 564 1691 impetus
593 1642 814 1687 retardaret,
849 1640 1129 1691 benignissime
1158 1655 1249 1680 cum
1284 1656 1399 1693 quae-

65 1712 168 1744 store
189 1718 261 1744 suo
281 1704 602 1744 communicavit.
660 1707 775 1744 Haec
800 1714 840 1744 tu
871 1706 946 1745 scis
972 1708 1024 1745 ad
1045 1720 1108 1746 me
1129 1720 1214 1746 esse
1241 1708 1370 1747 delata
1389 1723 1397 1755 ;
1418 1725 1459 1756 34

7 1785 44 1818 25
65 1782 166 1820 quae
193 1769 224 1808 si
245 1769 361 1809 velim
391 1771 573 1821 proferre,
596 1770 710 1809 facile
739 1784 878 1810 omnes
908 1770 1135 1822 intellegent
1156 1771 1268 1810 vobis
1299 1773 1398 1811 inter

64 1847 134 1873 vos
154 1848 235 1874 non
257 1837 379 1875 modo
399 1837 643 1875 voluntatem
674 1835 792 1875 fuisse
823 1836 1088 1883 coniunctam,
1112 1838 1182 1876 sed
1213 1851 1262 1876 ne
1292 1851 1398 1888 prae-

64 1899 156 1937 dam
195 1899 357 1949 quidem
396 1901 528 1939 adhuc
567 1914 652 1940 esse
697 1901 873 1940 divisam.
953 1903 1205 1952 Quapropter
1249 1902 1281 1940 si
1327 1901 1396 1940 tibi

64 1963 255 2003 indicium
289 1966 464 2014 postulas
495 1965 577 2003 dari
607 1967 716 2015 quod
751 1973 880 2004 tecum
918 1980 996 2004 una
1025 1966 1170 2013 fecerit,
1204 1967 1394 2012 concedo,

63 2028 167 2067 sirid
195 2030 281 2079 lege
310 2028 545 2079 permittitur
559 2043 569 2077 ,·
598 2029 658 2068 sin
687 2037 818 2068 autem
851 2031 901 2069 de
932 2031 1184 2070 accusatione
1213 2030 1393 2077 dicimus,

4 2109 43 2140 30
63 2095 260 2133 concedas
281 2101 436 2145 oportet
456 2094 501 2132 iis
523 2093 590 2144 qui
611 2095 720 2132 nullo
741 2108 813 2133 suo
834 2103 998 2146 peccato
1026 2096 1295 2146 impediuntur
1315 2109 1395 2146 quo

63 2157 193 2197 minus
213 2159 371 2198 alterius
391 2166 554 2209 peccata
575 2160 845 2198 demonstrare
865 2160 1028 2211 possint.
1089 2164 1148 2199 Ac
1164 2161 1254 2200 vide
1275 2174 1395 2211 quan-
1416 2175 1452 2206 35

109 2271 129 2292 2
153 2262 371 2302 sponsionem
406 2263 520 2303 scripsi
550 2262 615 2303 (CI.
645 2263 724 2295 Rev.
760 2264 840 2296 xvii.
873 2266 978 2303 1095:
1017 2265 1245 2305 suspicIOnem
1278 2264 1394 2297 codd:

63 2305 343 2346 subscriptionem
364 2305 523 2347 Madvzg:
545 2307 798 2346 susceptionem
817 2307 862 2339 A.
886 2307 1078 2340 Eberhard:
1110 2309 1339 2348 suspicionem
1368 2313 1396 2340 ct

63 2349 268 2381 mentionem
286 2349 389 2381 voluit
404 2354 615 2390 transponere
630 2349 787 2391 Pluygers
