1600 2704
1371 48 1392 58 Α

82 218 210 249 sumat
251 213 572 261 recuperatores?
643 210 857 261 Indignum
897 211 964 249 uni
1003 211 1134 261 potius
1173 225 1220 249 ex
1267 211 1411 260 iniquis

81 274 267 313 sumundi
287 289 407 325 quam
428 275 582 326 utrique
603 290 650 314 ex
669 275 806 326 aequis
834 275 1026 314 reiciundi
1054 275 1136 313 fieri
1160 283 1411 326 potestatem.

81 340 276 378 Neutrum
307 340 402 378 facis
435 353 582 378 eorum.
644 340 754 388 Quid
785 342 905 390 ergo?
963 341 1085 378 Estne
1118 339 1268 389 aliquid
1302 342 1411 389 quod

79 403 296 454 improbius
323 404 405 443 fieri
434 405 590 455 possit?
647 406 745 452 Est3
774 404 877 454 cogit
905 404 1010 443 enirn
1033 404 1277 443 Scandilium
1302 404 1409 454 quin-

43 483 60 513 5
78 481 156 518 que
176 468 241 506 illa
261 469 368 507 milia
388 483 597 507 nummum
618 470 712 508 dare
734 477 853 519 atque
873 470 1132 508 adnumerare
1153 469 1343 519 Apronio.

131 532 240 581 Quid
253 533 382 583 potuit
394 533 609 584 elegantius
617 535 745 572 facere
761 543 916 584 praetor
928 534 1096 584 cupidus
1113 534 1410 573 existimationis

78 598 218 644 bonae,
255 598 322 648 qui
352 599 404 637 ab
424 612 465 637 se
499 612 660 637 omnem
696 598 962 649 suspicionem
998 600 1236 649 propulsare,
1273 599 1340 649 qui
1370 612 1411 636 se

1414 53 1427 70 ῐ
1440 50 1467 74 ᾧ

84 100 352 139 ACTIole
374 101 435 139 IN
456 101 500 140 c.
521 102 763 139 VERREM
785 102 1085 140 SECVNDAE
1107 102 1212 139 ΜΒ.
1234 101 1301 139 111
1353 70 1417 138 sci
1435 77 1494 146 1'40

77 661 226 712 eripere
254 677 302 701 ex
330 662 490 701 infamia
519 665 708 714 cuperet?
773 664 984 702 Adductus
1005 671 1085 702 erat
1112 663 1151 701 in
1173 676 1407 710 sermonem,
1431 662 1478 699 61

77 725 278 774 invidiam,
306 727 662 778 vituperationem,-
689 727 886 766 dictitarat
913 729 1034 766 homo
1059 728 1262 778 improbus
1291 736 1410 778 atque

22 809 60 831 10
77 790 265 841 impurus,
288 793 500 843 Apronius,
525 792 676 831 socium
702 806 788 831 esse
815 801 1035 843 praetorem
1055 808 1063 840 ;
1092 801 1251 832 venerat
1278 806 1338 833 res
1369 793 1408 831 in

76 855 267 895 iudicium
288 865 407 908 atque
428 857 667 905 discrimem
696 866 870 907 potestas
891 867 971 896 erat
994 858 1053 895 isti
1085 858 1237 896 homini
1258 858 1409 908 integro

75 928 195 971 atque
215 921 418 960 innocenti
439 923 540 970 data,
564 931 618 969 ut,
641 922 681 960 in
702 922 924 973 Apronium
955 936 1044 960 curn
1070 923 1248 961 animum
1277 925 1410 962 adver-

75 986 195 1033 tisset,
238 1001 323 1026 sese
361 986 589 1038 gravissima
626 988 771 1026 levaret
806 987 979 1025 infamia.
1057 987 1166 1036 Quid
1214 988 1409 1038 excogitat

75 1064 240 1101 poenae,
268 1051 364 1101 quid
395 1051 747 1090 animadversionis
774 1051 813 1089 in
841 1052 1094 1101 Apronium?
1151 1052 1268 1102 Cogit
1293 1054 1409 1091 Scan-

18 1133 58 1166 15
75 1115 215 1153 dilium
228 1116 407 1165 Apronio
424 1116 476 1154 ob
490 1115 726 1166 singularem
748 1115 1041 1166 improbitatem
1061 1124 1180 1166 atque
1201 1117 1407 1155 audaciam

75 1180 490 1231 praedicationemque
528 1181 700 1219 nefariae
731 1180 929 1219 societatis
971 1183 1041 1220 HS
1077 1184 1100 1218 <⁷
1136 1182 1328 1220 mercedis
1362 1195 1407 1219 ac

73 1245 222 1296 praemi
255 1246 419 1284 nomine
454 1247 557 1284 dare.
632 1245 743 1294 Quid
773 1246 956 1292 interfuit,
981 1248 1102 1285 homo
1132 1247 1405 1294 audacissime,

74 1319 204 1348 utrum
231 1311 308 1349 hoc
329 1311 571 1358 decerneres,
593 1323 644 1348 an
667 1310 707 1349 id
734 1312 843 1360 quod
864 1311 1062 1361 Apronius
1090 1311 1295 1349 dictitabat
1325 1320 1408 1349 tute

74 1377 125 1414 de
141 1384 179 1414 te
194 1377 418 1426 profiterere
433 1389 480 1414 ac
496 1375 724 1414 dictitares?
772 1377 903 1424 Quem
918 1376 1133 1423 hominem,
1152 1376 1182 1414 si
1199 1376 1264 1426 qui
1280 1378 1408 1427 pudor

16 1457 56 1479 πο
74 1441 114 1480 in
135 1450 173 1480 te
193 1450 312 1491 atque
332 1443 434 1481 adeo
455 1442 486 1481 si
508 1442 575 1492 qui
590 1450 717 1480 metus
733 1441 879 1488 fuisset,
899 1442 982 1480 sine
1003 1441 1197 1492 supplicio
1211 1441 1408 1480 dimittere

74 1520 155 1545 non
182 1507 364 1554 debuisti,
388 1508 495 1545 hunc
523 1508 595 1546 abs
617 1515 654 1546 te
682 1507 766 1546 sine
788 1507 964 1557 praemio
984 1507 1188 1546 discedere
1216 1506 1408 1545 noluisti?

74 1571 221 1610 Omnia
241 1572 356 1609 simul
378 1571 605 1622 intellegere
617 1571 793 1622 potestis,
810 1572 970 1618 iudices,
990 1586 1036 1610 ex
1050 1573 1126 1610 hoc
1147 1585 1228 1610 uno
1244 1571 1407 1610 crimine

75 1636 327 1674 Scandiliano
347 1652 353 1674 :
384 1636 555 1686 primum
577 1638 653 1675 hoc
674 1650 755 1674 non
776 1650 861 1675 esse
884 1638 1037 1674 Romae
1059 1644 1194 1674 natum
1216 1637 1266 1675 de
1287 1636 1407 1675 socie-

73 1708 153 1739 tate
169 1702 437 1747 decumarum,
454 1714 535 1739 non
548 1701 599 1739 ab
612 1709 841 1739 accusatore
862 1702 1009 1748 fictum,
1026 1709 1220 1748 non,—ut
1234 1703 1406 1740 solemus

17 1781 56 1813 25
74 1765 272 1804 interdum
307 1766 346 1803 in
395 1765 694 1804 defensionibus
738 1765 1094 1812 'dicere‚—crin1en
1141 1766 1404 1805 domesticum

72 1844 118 1868 ac
149 1832 414 1877 vernaculum,
448 1844 528 1868 non
564 1844 611 1868 ex
642 1838 819 1881 tempore
850 1830 1010 1881 periculi
1045 1831 1101 1869 tui
1133 1830 1402 1876 constitutum,

73 1896 143 1933 sed
173 1903 298 1943 vetus,
318 1895 508 1945 agitatum
529 1894 606 1933 iam
637 1903 677 1934 et
696 1903 735 1934 te
755 1904 933 1946 praetore
958 1896 1156 1942 iactatum,
1181 1904 1219 1934 et
1245 1909 1326 1935 non
1354 1896 1405 1934 ab

117 2011 136 2030 2
162 2000 257 2030 -undi
279 1999 363 2030 VO:
389 2000 484 2030 -endi
503 1999 594 2039 vulg.
704 1999 838 2037 utrique
860 1999 920 2030 Vc:
948 2000 1134 2038 utrisquep
1151 1998 1217 2030 rell.
1385 2008 1404 2037 3

74 2044 180 2074 Estne
201 2042 300 2073 VcO:
325 2047 412 2082 estp
431 2042 495 2073 rell.
605 2055 624 2081 4
649 2043 758 2082 possit
778 2042 842 2072 Vc:
867 2048 983 2081 posset
1003 2042 1033 2072 O
1052 2053 1058 2072 ε
1083 2046 1234 2081 potestp
1251 2041 1317 2072 rell.
1341 2042 1401 2080 (iii,

75 2090 91 2125 ξ
108 2090 166 2127 34)
302 2097 319 2126 7
344 2086 385 2116 ab
402 2097 440 2117 se
463 2086 523 2116 VO
540 2097 546 2115 :
570 2085 611 2116 ab
627 2090 739 2125 sesep
757 2086 822 2116 rell.
961 2096 999 2115 10
1015 2085 1143 2116 socium
1166 2085 1226 2116 VO
1243 2097 1249 2116 :
1276 2085 1403 2116 socium

73 2131 136 2161 sibi
165 2129 285 2161 Lamb.
312 2130 347 2160 in
373 2140 440 2170 mg.
468 2131 549 2168 1584
569 2130 619 2168 gin
642 2141 662 2158 π
686 2139 801 2158 mance
827 2133 873 2159 cst
892 2130 1050 2168 scriptum
1084 2128 1117 2159 in
1150 2139 1343 2159 sermonem
1370 2129 1404 2158 in

73 2174 231 2205 invidiam
249 2178 350 2212 atque
368 2173 559 2213 discrimen,
581 2172 695 2202 mediis
710 2172 855 2202 omissis-N
978 2182 1013 2202 11
1041 2172 1073 2201 in
1091 2172 1274 2202 discrimen
1298 2172 1330 2201 V
1342 2172 1401 2211 (iii,

75 2221 112 2256 §§
130 2219 184 2258 60,
205 2227 287 2257 1553
310 2227 343 2255 v,
364 2220 378 2254 ξ
401 2218 476 2254 107)
586 2226 623 2246 12
647 2216 795 2246 animum
811 2216 1012 2245 advertisset
1033 2215 1084 2246 V:
1108 2215 1404 2246 animadvertisset

68 2266 94 2302 p
110 2261 175 2293 rell.
194 2261 254 2301 (iv,
278 2265 292 2298 ξ
312 2261 353 2299 58
371 2272 378 2299 ;
401 2271 433 2297 v,
454 2264 469 2298 ς
495 2259 571 2298 Ῑο5Ἲ
761 2259 800 2289 16
825 2258 990 2289 mercedis
1006 2268 1044 2288 ac
1062 2259 1202 2298 praemii
1220 2260 1357 2290 nomine
1379 2257 1407 2288 V

75 2306 121 2341 (v,
140 2307 156 2342 ξ
174 2306 229 2345 83Ῑ
247 2316 254 2335 :
279 2305 415 2335 nomine
432 2314 496 2335 ont.
518 2302 609 2343 cOpk
625 2314 631 2333 z
656 2312 761 2333 merc.
781 2302 918 2334 nomine
934 2312 974 2333 ac
992 2303 1129 2341 praemii
1147 2304 1164 2332 δ
1270 2304 1308 2333 18
1332 2308 1403 2334 tute

79 2348 175 2379 VcO:
199 2354 272 2388 tup
289 2348 357 2379 rell.
466 2358 505 2387 19
529 2346 731 2378 confiterere
754 2345 786 2376 V
884 2356 925 2377 22
950 2346 1095 2386 potestis
1117 2346 1193 2377 VcO
1212 2357 1218 2377 ε
1243 2346 1401 2387 potuistis

69 2398 95 2433 p
111 2392 174 2424 rell.

1433 1257 1490 1289 ¹41
