1600 2704
73 131 98 158 2
119 126 138 158 6
487 106 544 144 M.
574 97 744 140 TVLLI
775 81 1080 133 CICERONIS

123 241 183 268 res
203 226 244 264 in
265 219 476 263 discrimen
499 208 718 252 adducitur.
779 203 888 240 Reus
912 201 971 234 est
994 189 1100 230 enim
1124 176 1453 224 nocentissimu53

127 292 195 344 qui
224 289 255 328 si
289 285 587 326 condemnatur,
619 271 801 312 desinent
829 259 1011 302 homines
1041 252 1172 292 dicere
1205 245 1266 284 his
1299 237 1454 279 iudiciis

129 353 339 409 pecuniam
369 345 581 399 plurimum
610 348 725 389 posse
742 348 750 380 3
789 329 848 368 sin
877 319 1100 365 absolvitur,
1131 310 1357 353 desinemus
1385 314 1457 341 nos

133 425 183 463 de
212 416 367 459 iudiciis
397 402 674 451 transferendis
704 406 894 437 recusare.

189 480 365 525 Tametsi
387 479 436 517 de
458 468 707 513 absolutione
734 461 844 500 istius
872 465 1002 503 neque
1028 449 1112 498 ipse
1137 444 1215 482 iam
1239 441 1368 488 sperat
1388 443 1462 470 nee
1484 442 1502 473 5

139 551 308 604 populus
339 546 545 582 Romanus
576 530 737 572 metuit:
776 527 826 563 de
855 512 1101 569 impudentia
1130 501 1324 556 singulari,
1357 495 1466 547 quod

142 619 263 661 adest,
287 609 396 661 quod
415 601 638 654 respondet,
662 600 752 633 sunt
773 588 839 639 qui
867 584 1065 623 mirentur.
1125 570 1229 612 Mihi
1249 579 1320 618 pro
1341 570 1469 602 cetera

145 682 227 721 eius
266 671 431 716 audacia
468 676 586 716 atque
625 656 798 700 amentia
835 664 885 689 ne
923 649 1000 685 hoc
1038 640 1201 692 quidem
1247 628 1471 670 mirandum

147 746 324 787 videtur3
371 735 494 775 multa
531 728 637 768 enim
676 730 714 761 et
752 720 792 757 in
830 717 926 755 deos
965 718 1003 749 et
1040 707 1081 744 in
1128 698 1309 741 homines
1354 688 1474 739 impie

149 807 375 854 nefarieque
409 793 618 838 commisit,
650 796 819 839 quorum
848 793 912 819 sce

108 855 132 893 3
152 890 175 915 a
209 876 341 911 mente
375 860 620 908 consilioque
655 847 873 892 deducitur.

155 948 307 991 poenae
337 928 411 969 civi

158 1000 299 1055 partim
319 996 359 1035 in
379 988 545 1030 vinculis
566 980 732 1026 necavit,
754 982 895 1027 partim
923 969 1005 1017 imp

162 1075 201 1107 et
220 1060 385 1104 civitatis
407 1057 448 1095 in
468 1062 626 1093 crucem
648 1041 813 1084 sustulit.

165 1132 205 1172 di
227 1126 350 1181 patrii,
381 1121 491 1174 quod
520 1118 592 1155 iste
622 1112 803 1150 inventus
831 1109 890 1141 est
915 1097 983 1149 qui
1006 1110 1027 1134 e
1055 1089 1264 1138 complexu
1284 1085 1491 1133 parentum
1514 1082 1550 1115 15

167 1197 350 1244 abreptos
380 1188 481 1227 filios
511 1183 561 1221 ad
590 1187 729 1217 necem
759 1172 932 1211 duceret,
959 1169 997 1200 et
1026 1153 1197 1209 parentis
1226 1146 1394 1200 pretium
1424 1153 1494 1192 pro

171 1260 369 1310 sepultura
397 1253 564 1291 liberum
593 1244 782 1294 posceret.
845 1227 1072 1278 Religiones
1102 1230 1193 1258 vero
1223 1206 1498 1253 caerimoniae-

174 1337 250 1375 que
280 1318 458 1359 omnium
489 1318 687 1351 sacrorum
717 1303 977 1343 fanorumque
1004 1287 1185 1329 violatae,
1214 1276 1499 1319 simulacraque

904 1359 910 1364 '
964 1350 1120 1402 templis
1149 1346 1280 1385 ablata
1309 1345 1400 1378 sunt
1432 1333 1502 1373 sed

181 1515 394 1558 consistere
439 1508 522 1547 eius
561 1501 737 1541 animum
772 1493 855 1532 sine

147 1597 164 1627 8
185 1584 328 1623 sinunt.
387 1577 530 1622 Neque
550 1569 623 1607 iste
643 1561 740 1602 mihi
760 1558 913 1596 videtur
933 1564 974 1590 se
995 1548 1046 1587 ad
1065 1538 1362 1584 damnationem
1383 1531 1513 1570 solum.

187 1648 334 1689 offerre,
357 1651 486 1689 neque
515 1636 592 1672 hoc
621 1624 804 1668 avaritiae
835 1613 1028 1669 supplicio
1058 1602 1276 1648 communi,
1295 1597 1362 1650 qui
1390 1608 1430 1634 se
1457 1599 1514 1631 tot

190 1708 401 1751 sceleribus
422 1694 681 1742 obstrinxerit,
700 1692 909 1729 contentus
926 1692 1010 1719 esse
1028 1692 1035 1714 2
1065 1671 1300 1722 singularem
1317 1660 1516 1712 quandam

193 1786 362 1827 poenam
391 1767 502 1807 istius
531 1756 714 1801 immanis
743 1761 862 1801 atque
891 1747 1034 1795 import

196 1842 290 1879 Non
317 1837 357 1874 id
385 1834 512 1872 solum
533 1822 730 1877 quaeritur
750 1825 793 1856 ut
819 1815 894 1852 isto
921 1811 1109 1849 damnato
1137 1801 1188 1838 bo

1038 1752 1116 1778 una
1145 1741 1283 1773 natura
1310 1725 1516 1766 desiderat.
1540 1725 1579 1757 25

255 2147 270 2175 7
295 2135 459 2164 mirantur
476 2126 505 2158 Z
636 2129 696 2160 pro
708 2116 742 2158 p¹
760 2118 788 2146 et
799 2112 877 2153 pler.
894 2120 900 2139 t
926 2108 1063 2147 propter
1080 2111 1105 2130 s.
1119 2099 1138 2128 l.
1151 2095 1189 2137 p2
1205 2098 1234 2125 et
1251 2092 1331 2131 (om.
1349 2083 1478 2122 cetera)
1497 2081 1534 2111 ba

214 2190 252 2218 14
276 2187 351 2208 eum
367 2185 428 2205 om.
445 2177 470 2212 p
619 2173 656 2201 15
681 2162 840 2191 inventus
857 2157 909 2184 est
926 2150 960 2180 D
980 2147 1042 2178 rell.
1064 2143 1114 2182 (iii
1133 2144 1148 2178 ς
1167 2138 1222 2177 21)
1242 2147 1248 2166 :
1272 2141 1360 2164 unus
1377 2130 1537 2159 inventus

214 2228 265 2253 est
281 2220 379 2251 Prisc.
397 2215 467 2247 edd.
585 2219 603 2239 e
620 2206 683 2237 ΒΨ
699 2216 705 2234 2
730 2207 763 2232 et
781 2211 798 2230 e
818 2198 932 2228 Garat.
950 2190 1019 2223 edd.
1038 2187 1125 2228 (Act.
1142 2183 1199 2214 Pr.
1223 2183 1238 2217 ξ
1257 2187 1297 2216 39
1313 2187 1320 2206 :
1344 2173 1379 2203 iii
1399 2175 1413 2208 ξ
1436 2168 1512 2207 175)
1529 2177 1537 2196 z

237 2267 242 2272 “
297 2275 303 2293 :
443 2260 447 2264 '
481 2281 486 2287 .
513 2256 519 2261 “
597 2253 627 2281 6.
641 2260 690 2286 24,
707 2252 769 2276 eta
785 2242 882 2273 Prisc.
897 2239 928 2268 ii.
945 2236 1019 2272 264.
1036 2242 1074 2262 10
1088 2231 1121 2267 (v
1137 2229 1151 2265 ξ
1168 2224 1243 2262 125)
1329 2226 1366 2255 17
1392 2214 1541 2244 liberum,

217 2307 283 2348 Ζρδ
301 2304 401 2336 Prisc.
419 2300 504 2331 Non.
525 2309 532 2328 ε
555 2306 620 2327 om.
653 2288 764 2329 GfflK:
789 2283 864 2316 add.
892 2283 925 2312 in
952 2288 1018 2317 mg.
1046 2274 1080 2305 D
1216 2266 1257 2295 26
1280 2270 1348 2293 non
1374 2258 1406 2289 id
1432 2254 1539 2286 solum

218 2349 390 2391 quaeritur
406 2354 430 2375 s,
443 2341 510 2382 l.p“²
614 2346 652 2374 27
679 2334 731 2364 his
744 2331 786 2370 pb
