1600 2704
111 96 134 135 7
158 92 195 125 16
520 87 576 124 M.
608 85 776 123 TVLLI
808 84 1114 125 CICERONIS

154 201 276 238 homo
296 198 546 250 pecuniosus,
571 206 650 237 tam
672 198 739 237 diu
760 199 810 237 ab
833 197 907 236 isto
933 204 1108 236 maneret
1128 196 1277 248 integer
1295 212 1304 244 ;
1333 197 1485 247 excogi-

154 265 249 303 tavit
278 266 413 304 nescio
442 264 548 315 quid,
574 265 690 302 nescio
718 265 815 313 quid
839 262 995 310 attulit;
1024 262 1202 313 profecto
1231 263 1353 300 homo
1375 261 1483 301 dives

154 338 315 380 repente
332 343 355 368 a
371 331 492 368 Verre
513 343 593 368 non
615 328 698 368 sine
714 342 831 367 causa
853 328 1015 366 citatur.'
1059 328 1310 378 Exspectatio
1331 340 1485 366 summa

155 395 334 434 omnium
364 394 555 445 quidnam
585 394 626 433 id
655 402 768 441 esset,
792 407 882 432 cum
908 393 1150 432 exanimatus
1171 392 1302 431 subito
1324 393 1406 442 ipse
1426 404 1486 430 ac-

156 459 272 498 currit
301 473 392 498 cum
422 460 675 498 adulescente
705 459 786 496 filio
802 474 811 505 3
840 472 932 497 narn
962 465 1070 509 pater
1099 457 1256 508 grandis
1286 464 1380 495 natu
1408 457 1485 495 iam
1506 470 1524 501 5

99 533 137 568 17
156 523 224 563 diu
241 525 343 562 lecto
364 523 581 562 tenebatur.
629 523 820 561 Nominat
842 523 913 562 iste
935 536 1099 569 servum,
1116 535 1235 573 quem
1258 521 1484 571 magistrum

156 589 308 638 pecoris
330 600 414 626 esse
440 588 613 633 diceret3
642 600 734 625 eum
761 586 857 626 dicit
885 588 1110 627 coniurasse
1138 595 1175 626 et
1201 586 1366 625 familias
1395 599 1486 624 con-

156 652 399 700 citasse,—is
422 651 587 690 omnino
608 665 739 690 servus
760 653 799 690 in
821 651 967 690 familia
987 665 1069 689 non
1090 659 1334 699 erat,—eum
1356 650 1486 689 statim

157 716 331 756 exhiberi
363 716 482 756 iubet.
542 717 778 767 Apollonius
813 717 1019 756 adfirmare
1052 729 1093 755 se
1128 715 1292 754 omnino
1324 714 1486 753 nomine

158 781 225 819 illo
245 795 399 820 servum
420 781 566 820 habere
594 782 819 820 neminem:
849 782 921 819 iste
946 781 1149 819 hominem
1180 779 1305 829 abripi
1326 792 1348 817 a
1369 778 1486 817 tribu·
1510 791 1546 813 10
1574 782 1576 790 ’

159 846 237 885 nali
268 854 306 885 et
335 848 375 884 in
404 859 600 885 carcerem
631 846 759 885 conici
784 846 903 884 iubet.
963 845 1143 884 Clamare
1173 844 1248 892 ille,
1271 857 1361 883 cum
1383 856 1488 893 rape-

158 920 271 959 retur,
296 911 393 950 nihil
423 924 464 951 se
494 911 680 950 miserum
710 912 859 957 fecisse,
883 910 980 949 nihil
1001 909 1257 956 commisisse,
1279 908 1487 960 pecuniam

158 977 232 1016 sibi
253 989 338 1015 esse
354 976 395 1014 in
411 975 650 1022 nominibus,
670 983 915 1015 numeratam
936 976 976 1013 in
998 973 1217 1025 praesentia
1237 986 1318 1011 non
1332 973 1485 1010 habere.

160 1043 274 1079 Haec
307 1054 398 1079 cum
430 1041 599 1078 maxime
631 1053 786 1078 summa
818 1040 1027 1078 hominum
1059 1037 1278 1088 frequentia
1309 1037 1490 1077 testifica-

158 1113 272 1152 retur,
297 1113 339 1144 ut
360 1105 486 1155 quivis
509 1105 732 1155 intellegere
758 1112 891 1155 posset
919 1118 1020 1151 eum,
1045 1105 1154 1154 quod
1175 1104 1383 1154 pecuniam
1408 1116 1489 1140 non
1511 1116 1547 1149 15

158 1172 342 1217 dedisset,
362 1171 508 1209 idcirco
530 1171 593 1208 illa
614 1177 694 1207 tam
715 1170 857 1208 acerba
872 1168 1011 1207 iniuria
1026 1169 1291 1207 adfici—cum
1309 1166 1488 1213 maxime,

160 1243 202 1274 ut
223 1237 325 1282 dico,
350 1236 426 1273 hoc
448 1236 497 1274 de
518 1234 686 1285 pecunia
706 1236 902 1281 clamaret,
924 1235 964 1271 in
984 1233 1112 1271 vincla
1132 1232 1334 1272 coniectus
1355 1239 1422 1271 est.

215 1300 359 1339 Videte
381 1300 643 1339 constantiam
665 1299 864 1350 praetoris,
889 1306 926 1338 et
952 1298 1034 1337 eius
1063 1298 1248 1349 praetoris
1277 1298 1343 1347 qui
1370 1296 1409 1334 in
1431 1296 1490 1334 his

161 1364 276 1403 rebus
315 1377 397 1403 non
437 1365 489 1403 ita
526 1365 761 1404 defendatur
800 1371 841 1402 ut
880 1363 1089 1402 mediocris
1128 1370 1292 1413 praetor,
1335 1363 1404 1401 sed
1439 1362 1492 1400 ita

160 1431 341 1469 laudetur
380 1437 421 1468 ut
460 1429 633 1480 optimus
673 1428 892 1479 imperator.
958 1429 1063 1468 Cum
1102 1441 1302 1467 servorum
1341 1428 1490 1466 bellum
1511 1439 1552 1462 20

160 1503 408 1542 metueretur,
432 1508 513 1545 quo
543 1494 737 1545 supplicio
767 1494 952 1533 dominos
987 1493 1238 1533 indemnatos
1265 1492 1488 1538 adficiebat,

160 1562 236 1599 hoc
276 1573 408 1599 servos
445 1561 654 1599 damnatos
699 1559 913 1598 liberabat:
971 1558 1240 1609 Apollonium,
1286 1558 1490 1597 hominem

159 1624 524 1674 locupletissimum,
548 1624 627 1674 qui,
658 1623 690 1663 si
720 1623 869 1674 fugitivi
900 1623 1047 1662 bellum
1078 1623 1118 1661 in
1147 1623 1277 1662 Sicilia
1305 1624 1488 1670 facerent,

160 1689 420 1739 amplissimas
456 1690 630 1727 fortunas
667 1688 873 1735 amitteret,
915 1687 1007 1726 belli
1039 1687 1289 1737 fugitivorum
1329 1686 1490 1725 nomine

161 1753 308 1792 indicta
330 1766 447 1792 causa
468 1752 507 1791 in
529 1753 657 1792 vincla
687 1752 880 1792 coniecit:
912 1765 1054 1798 servos,
1078 1764 1177 1801 quos
1208 1753 1291 1802 ipse
1318 1752 1369 1790 de
1399 1764 1490 1789 con-
1514 1764 1549 1794 25
1577 1755 1579 1782 Ι

162 1817 221 1856 sili
243 1817 435 1856 sententia
456 1817 548 1856 belli
577 1817 746 1856 faciendi
778 1830 895 1855 causa
926 1815 1171 1855 consensisse
1202 1815 1398 1861 iudicavit,
1422 1829 1489 1854 eos
1577 1833 1593 1873 'l

163 1881 246 1920 sine
274 1882 412 1920 consili
438 1883 632 1920 sententia
663 1895 732 1920 sua
762 1889 903 1931 sponte
932 1880 1041 1919 omni
1074 1881 1266 1931 supplicio
1301 1880 1487 1919 liberavit.
1585 1871 1590 1888 ⁵

106 1962 143 1994 19
164 1946 302 1995 Quid?
342 1948 373 1984 si
404 1946 553 1997 aliquid
587 1947 637 1985 ab
668 1948 882 1997 Apollonio
915 1944 1170 1985 commissum
1203 1952 1261 1984 est
1290 1958 1408 1995 quam
1438 1945 1490 1983 ob
1578 1953 1592 2025 Ι

162 2026 243 2051 rem
274 2013 313 2050 in
343 2026 435 2051 eum
465 2013 546 2052 iure
575 2012 957 2057 animadverteretur,
982 2019 1166 2050 tamenne
1195 2011 1297 2049 hanc
1326 2023 1408 2050 rem
1436 2011 1491 2048 sic
1576 1996 1593 2105 {K

116 1277 141 1315 8

104 1337 142 1369 18

206 2125 225 2144 2
249 2115 364 2146 nescio
395 2115 476 2154 quid
510 2114 641 2146 addidi:
682 2126 801 2156 excog.
835 2115 950 2146 nescio
982 2114 1061 2154 quid
1093 2114 1205 2145 attulit
1232 2111 1322 2145 RSW
1340 2125 1346 2143 :
1382 2113 1490 2144 attulit
1577 2110 1594 2147 jl:

164 2158 317 2197 profecto
341 2169 459 2197 excog.
479 2159 595 2190 neseio
613 2160 694 2198 quid
712 2171 734 2188 π
753 2158 857 2199 (sedp
871 2168 946 2189 cum
963 2158 1066 2197 sz'gm's
1081 2157 1222 2197 transp.)
1243 2161 1272 2188 et
1281 2156 1327 2187 sic
1347 2156 1491 2188 Thomas

163 2200 223 2232 del.
251 2202 454 2240 excogitavit
588 2214 608 2240 4
633 2203 779 2233 omniurn
801 2204 843 2242 ῥδ
868 2202 1010 2237 (cluent.
1038 2203 1053 2237 ξ
1081 2201 1162 2240 75>ε
1198 2200 1372 2231 hominum
1398 2198 1490 2229 st
1577 2210 1597 2238 ,¹

164 2243 198 2281 (ξ
219 2253 257 2282 75
274 2244 377 2282 susm)
534 2255 552 2283 7
577 2246 704 2276 diceret
721 2244 810 2277 codd.
828 2257 833 2275 :
860 2243 1048 2285 diceba(n]t
1064 2243 1158 2275 Serv.
1177 2242 1224 2275 ad
1236 2243 1322 2274 Aen.
1338 2242 1394 2273 xii.
1414 2252 1485 2281 717,

163 2286 329 2325 Zielinski,
342 2293 376 2327 p.
397 2298 456 2327 197
609 2290 647 2319 18
672 2294 704 2320 et
724 2289 796 2319 eius
814 2289 977 2328 praetoris
993 2298 1057 2318 om.
1079 2286 1172 2317 st
1283 2287 1337 2316 his
1353 2284 1401 2325 Sp
1418 2297 1424 2314 :
1450 2285 1490 2315 iis

164 2329 219 2360 R:
255 2340 318 2360 om.
346 2332 361 2359 δ
493 2341 534 2370 25
559 2333 600 2362 de
625 2332 752 2362 consilii
779 2332 947 2362 sententia
972 2329 1088 2361 Lamb.
1110 2342 1116 2360 :
1142 2331 1183 2362 de
1208 2329 1350 2361 consilio
1374 2328 1487 2359 st:
1578 2338 1581 2368 l

165 2384 239 2404 curn
258 2373 400 2404 consilio
412 2376 455 2413 pb
472 2374 574 2413 (forte
591 2385 663 2406 cum
682 2375 822 2406 consilio
841 2398 847 2406 .
869 2398 875 2405 .
897 2398 903 2405 .
924 2375 999 2405 siue
1017 2373 1177 2414 consilio)
1576 2374 1580 2413 '3

1576 2503 1581 2540 l
1596 2479 1600 2533 ἰ

1447 2534 1600 2704 A
