1600 2704
79 481 96 512 5

63 806 101 830 10

69 1458 108 1480 20

71 1779 110 1812 25

74 2104 115 2136 30

113 98 381 140 ACTIONIS
412 96 474 135 IN
508 95 556 134 C.
576 90 820 131 VERREM
850 86 1150 128 SECVNDAE
1183 85 1286 122 LIB.
1309 84 1345 118 V
1389 90 1443 127 42
1465 96 1525 128 109

114 209 260 260 hospiti
307 207 391 246 iura
436 205 477 244 in
524 205 599 242 hac
647 199 811 240 immani
848 200 967 237 belua
1006 195 1307 235 commemoro?
1364 191 1445 241 Qui

114 273 322 314 Sthenium
342 268 656 314 Thermitanum,
679 263 876 314 hospitem
904 274 1030 308 suum,
1054 259 1165 298 cuius
1193 259 1358 297 domum
1377 268 1446 306 per

114 338 331 390 hospitium
360 335 539 375 exhausit
572 339 611 371 et
645 327 868 375 exinanivit,
900 327 1106 365 absentem
1141 323 1181 361 in
1216 334 1302 360 reos
1332 328 1446 359 rettu-

114 403 212 450 lerit,
235 415 353 442 causa
373 399 522 439 indicta
541 397 670 447 capite
691 391 897 439 damnarit,
920 391 970 429 ab
991 402 1039 428 eo
1060 400 1166 426 nunc
1187 385 1447 436 hospitiorum

115 471 198 508 iura
217 475 336 517 atque
357 465 484 504 officia
505 472 739 513 quaeramus
755 460 773 496 ?
829 458 931 496 Cum
956 453 1117 492 homine
1141 448 1283 504 [enim]
1300 449 1448 488 crudeli

116 532 231 572 nobis
252 545 312 570 res
333 537 391 569 est
410 542 461 568 an
481 540 573 567 cum
602 527 682 565 fera
711 531 830 573 atque
861 520 1023 559 immani
1049 519 1194 557 belua?
1250 517 1309 553 Te
1331 513 1449 564 patris

116 597 299 637 lacrimae
331 596 381 634 de
412 591 636 632 innocentis
671 589 723 628 fili
756 586 931 638 periculo
970 596 1050 623 non
1091 581 1329 627 movebant3
1358 591 1450 617 cum

117 669 267 713 patrem
301 658 411 699 domi
445 657 680 706 reliquisses,
717 652 841 691 filium
873 658 1004 689 tecum
1039 647 1214 692 haberes,
1249 652 1287 683 te
1321 655 1451 692 neque

118 738 302 776 praesens
333 723 436 761 filius
471 722 521 760 de
552 720 720 758 liberum
750 715 910 755 caritate
940 726 1070 762 neque
1099 711 1243 749 absens
1272 715 1381 758 pater
1401 707 1452 746 de

119 789 364 840 indulgentia
390 786 514 838 patria
538 781 848 824 commonebat?
905 779 1077 817 Catenas
1107 774 1278 814 habebat
1308 774 1452 821 hospes

119 865 210 895 tuus
250 853 439 898 Aristeus,
481 849 657 889 Dexonis
696 846 809 884 filius.
888 842 998 892 Quid
1036 840 1118 879 ita?
1194 837 1452 876 ‘Prodiderat

120 919 308 960 classem!
387 916 509 966 Quod
553 915 606 953 ob
650 910 900 963 praemium?
983 910 991 926 ‘
1009 904 1267 944 Deseruerat.'
1343 901 1452 949 Quid

123 984 391 1025 Cleomenes?
448 981 645 1030 ‘Ignavus
676 976 824 1014 fuerat.’
882 975 934 1010 At
969 984 1060 1009 eum
1098 977 1140 1008 tu
1177 968 1231 1007 ob
1270 966 1453 1004 virtutem

122 1062 269 1090 corona
289 1055 381 1087 ante
400 1047 580 1085 donatas.
666 1039 878 1079 Dimiserat
899 1036 1061 1075 nautas!
1119 1035 1171 1071 At
1196 1032 1247 1070 ab
1268 1030 1454 1069 omnibus

123 1124 164 1154 tu
196 1113 421 1152 mercedem
453 1107 649 1147 missionis
673 1115 893 1153 acceperas.
953 1101 1062 1138 Alter
1091 1110 1231 1148 parens
1261 1109 1307 1134 ex
1335 1096 1455 1132 altera

123 1187 232 1231 parte
252 1184 333 1216 erat
355 1171 606 1214 Herbitensis
633 1168 844 1213 Eubulida,
869 1167 991 1204 homo
1017 1162 1127 1202 domi
1155 1173 1247 1199 suae
1273 1161 1398 1198 clarus
1419 1166 1457 1196 et

124 1242 294 1289 nobilis;
323 1239 390 1291 qui
420 1238 513 1289 quia
534 1238 793 1276 Cleomenem
818 1232 858 1270 in
885 1229 1140 1269 defendendo
1170 1225 1250 1264 filio
1281 1227 1455 1268 laeserat,

125 1309 255 1347 nudus
279 1318 406 1357 paene
435 1310 494 1342 est
524 1300 747 1340 destitutus.
808 1295 918 1345 Quid
948 1301 1028 1332 erat
1057 1299 1190 1330 autem
1219 1290 1328 1339 quod
1358 1287 1459 1337 quis-

125 1386 245 1424 quam
265 1371 413 1410 diceret
433 1375 500 1406 aut
521 1364 780 1405 defenderet?
837 1363 847 1380 ‘
863 1361 1122 1400 Cleomenem
1153 1354 1357 1393 nominare
1378 1365 1459 1389 non

126 1438 240 1478 licet.’
288 1438 341 1474 At
361 1445 479 1473 causa
498 1430 613 1480 cogit.
675 1432 683 1448 ‘
701 1426 883 1471 Moriere,
907 1424 938 1462 si
959 1420 1165 1473 appellaris
1180 1421 1187 1436 '
1202 1434 1213 1467 3
1242 1430 1459 1467 numquam

127 1504 232 1543 enim
264 1501 338 1539 iste
375 1497 562 1547 cuiquam
594 1501 652 1533 est
683 1490 934 1530 mediocriter
970 1487 1151 1525 minatus.
1211 1486 1263 1522 At
1296 1482 1461 1532 remiges

127 1581 208 1607 non
238 1571 358 1605 erant.
420 1563 670 1599 ‘Praetorem
703 1565 745 1595 tu
779 1554 973 1594 accuses?
1006 1553 1139 1600 frange
1171 1547 1364 1587 cervices.'
1422 1545 1462 1585 Si

129 1644 258 1682 neque
278 1634 498 1680 praetorem
518 1636 649 1673 neque
669 1619 858 1672 praetoris
879 1618 1076 1656 aemulum
1109 1612 1295 1664 appellari
1316 1610 1463 1657 licebit,

131 1710 221 1737 cum
242 1695 282 1733 in
302 1692 362 1731 his
383 1691 542 1730 duobus
562 1695 645 1727 tota
665 1698 784 1725 causa
804 1684 863 1730 sit,
887 1682 984 1732 quid
1005 1682 1178 1718 futurum
1199 1679 1288 1716 est?

1476 785 1535 809 110

1481 1716 1536 1755 43

186 1758 294 1799 Dicit
308 1757 426 1796 etiam
440 1767 599 1794 causam
614 1751 833 1791 Heracleus
851 1749 1096 1797 Segestanus,
1112 1745 1234 1781 homo
1248 1740 1358 1781 domi
1372 1752 1464 1778 suae
1489 1777 1501 1798 Ι
1511 1776 1544 1799 n

132 1822 380 1865 nobilissimo
395 1822 484 1859 loco
497 1826 623 1857 natus.
668 1814 826 1860 Audite,
846 1820 888 1850 ut
903 1818 1030 1850 vestra
1042 1807 1265 1847 humanitas
1282 1806 1464 1856 postulat,

132 1890 310 1935 iudices3
337 1883 505 1924 audietis
534 1881 640 1920 enim
674 1880 725 1918 de
756 1876 907 1927 magnis
941 1872 1206 1913 incommodis
1238 1869 1465 1919 iniuriisque

133 1954 344 1994 sociorum.
404 1951 529 1987 Hunc
549 1946 689 1985 scitote
709 1943 828 1981 fuisse
851 1941 1093 1980 Heracleum
1121 1938 1161 1975 in
1183 1950 1228 1975 ea
1248 1948 1375 1982 causa,
1398 1933 1466 1984 qui

132 2026 292 2070 propter
325 2026 482 2066 gravem
513 2010 697 2049 morbum
728 2008 934 2046 oculorum
965 2012 1049 2042 tum
1081 2015 1163 2041 non
1197 1999 1394 2049 navigarit,
1428 2005 1466 2036 et

133 2086 241 2125 iussu
273 2081 357 2121 eius
390 2078 458 2129 qui
490 2083 726 2128 potestatem
758 2071 896 2111 habuit
929 2071 970 2109 in
1005 2074 1230 2109 commeatu
1269 2063 1467 2114 Syracusis

178 2200 197 2227 4
222 2185 350 2217 indicta
366 2193 467 2214 causa
489 2181 521 2211 V
605 2190 624 2219 5
649 2178 739 2209 enim
757 2177 876 2208 seclusi
891 2177 946 2217 (ἐξ
969 2186 1038 2215 127,
1060 2173 1238 2214 1431‘12sra)
1256 2184 1262 2202 :
1289 2168 1468 2200 hominene

135 2230 264 2267 Eberlz.,
282 2227 351 2259 edd.
374 2236 444 2257 νει-ε.
559 2224 581 2253 6
604 2223 682 2253 laer.
702 2221 808 2261 patris
825 2220 885 2251 ΞΨ
1008 2229 1047 2250 12
1072 2219 1267 2250 deseruerat
1285 2211 1469 2244 exercitum

130 2277 173 2316 ρδ
310 2282 348 2309 14
373 2275 406 2300 at
423 2269 464 2299 ab
483 2279 525 2297 rr:
548 2267 589 2297 ab
607 2265 686 2297 RS:
714 2270 749 2295 ut
769 2289 775 2296 .
796 2287 803 2295 .
824 2288 831 2295 .
853 2288 859 2294 .
877 2262 1050 2303 acciperes
1069 2264 1084 2292 δ
1210 2268 1252 2289 22
1275 2267 1313 2288 se
1329 2262 1471 2286 accuses

136 2316 200 2349 RS
216 2328 222 2347 :
247 2321 284 2346 tu
300 2322 440 2346 accusas
451 2317 496 2352 pr
655 2319 696 2347 23
721 2307 894 2348 appellare
912 2309 928 2337 δ
1078 2315 1119 2345 25
1148 2304 1190 2344 (et
1206 2301 1261 2342 28)
1282 2296 1472 2330 Heracleus

136 2362 230 2400 qu:
256 2358 401 2390 eraclius
419 2354 466 2387 S:
494 2351 677 2386 Heraclius
687 2352 731 2392 p5
748 2350 815 2382 edd.
