1600 2704
101 107 162 154 69
183 114 244 154 178
554 108 612 145 M.
643 108 810 146 TVLLI
842 108 1150 148 CICERONIS

102 589 156 627 70

96 649 155 681 179

94 1389 153 1418 180

180 231 269 257 cum
291 226 417 257 vestra
437 218 605 268 dignitas
627 220 879 258 vehementer
902 221 1139 267 adversetur,
1161 218 1270 259 istius
1296 233 1384 270 spes
1408 222 1506 260 falsa

180 291 217 321 et
248 282 409 333 insignis
441 283 687 332 impudentia
726 284 894 322 maxime
926 285 1165 334 suffragatur.
1226 284 1307 323 Hic
1339 285 1369 323 si
1409 285 1505 336 quid

179 348 249 385 erit
271 348 525 386 commissum
546 361 569 385 a
598 361 799 398 quoquam
820 356 990 387 vestrum
1018 349 1128 398 quod
1152 350 1417 399 reprendatur,
1438 357 1506 389 aut

178 413 347 462 populus
379 413 584 450 Romanus
612 412 801 450 iudicabit
825 414 875 451 de
902 425 949 451 eo
976 412 1138 451 homine
1163 425 1282 462 quem
1310 413 1387 451 iam
1413 422 1505 454 ante

177 476 332 515 iudiciis
363 476 569 526 indignum
603 477 757 526 putarit,
791 485 857 515 aut
891 477 926 516 ei
958 477 1025 527 qui
1057 484 1216 527 propter
1244 478 1503 517 offensionem

177 540 411 578 iudiciorum
443 543 493 580 de
524 540 719 579 veteribus
753 541 948 579 iudicibus
981 543 1067 592 lege
1096 555 1199 580 nova
1229 542 1321 580 novi
1355 542 1504 582 iudices

176 613 289 643 erunt
328 604 540 643 constituti.
609 604 710 642 Mihi
749 618 875 654 porro,
914 613 957 643 ut
995 619 1068 655 ego
1116 619 1197 644 non
1236 606 1377 654 dicam,
1417 607 1504 656 quis

176 668 354 707 omnium
382 667 603 707 mortalium
635 682 715 707 non
745 668 933 718 inteIIegit
962 683 1080 719 quam
1109 671 1225 719 longe
1248 671 1429 720 progredi
1456 671 1504 710 sit

175 735 368 772 necesse?
425 735 568 772 Potero
593 733 715 780 silere,
740 733 941 780 Hortensi,
970 741 1107 783 potero
1132 734 1388 782 dissimulare,
1413 748 1503 773 cum

175 807 328 836 tantum
352 811 412 836 res
439 797 599 848 publica
618 799 759 836 vulnus
779 798 973 848 acceperit
993 805 1035 836 ut
1055 798 1247 849 expilatae
1266 799 1502 849 provinciae,

175 862 301 901 vexati
331 862 439 910 socii,
464 861 505 901 di
537 861 777 900 immortales
809 862 975 912 spoliati,
1006 862 1110 901 cives
1139 863 1311 901 Romani
1344 863 1503 902 cruciati

1525 492 1542 525 5

1527 814 1565 836 10

176 936 212 966 et
246 927 373 966 necati
405 926 568 977 impune
595 940 659 965 me
691 934 824 965 actore
857 940 942 965 esse
976 926 1214 966 videantur?
1261 935 1399 978 potero
1430 941 1503 977 ego
1562 937 1564 940 ’

176 994 250 1030 hoc
279 1005 378 1030 onus
406 999 559 1030 tantum
589 999 656 1029 aut
686 991 725 1029 in
752 992 828 1030 hoc
858 991 1005 1030 iudicio
1039 993 1238 1042 deponere
1267 1000 1334 1030 aut
1363 992 1502 1031 tacitus

176 1056 395 1095 sustinere?
452 1057 546 1095 Non
577 1055 762 1106 agitanda
795 1069 854 1094 res
893 1055 975 1103 erit,
1009 1069 1090 1094 non
1124 1056 1164 1094 in
1204 1057 1379 1096 medium
1419 1071 1502 1107 pro-

175 1121 347 1167 ferenda,
372 1133 453 1159 non
478 1119 614 1169 populi
646 1119 817 1158 Romani
847 1121 945 1159 fides
970 1119 1229 1170 imploranda,
1258 1134 1338 1159 non
1363 1134 1501 1160 omnes

176 1185 242 1234 qui
276 1192 387 1223 tanto
417 1197 457 1222 se
485 1186 630 1223 scelere
655 1184 945 1223 obstrinxerunt
972 1192 1015 1223 ut
1040 1192 1107 1223 aut
1135 1186 1255 1224 fidem
1281 1199 1391 1224 suam
1422 1199 1502 1224 cor-

174 1248 303 1299 rumpi
330 1256 555 1298 paterentur
584 1256 651 1287 aut
681 1248 871 1287 iudicium
901 1258 1197 1299 corrumperent
1226 1250 1266 1287 in
1290 1250 1501 1289 discrimen

174 1322 240 1352 aut
260 1313 451 1352 iudicium
472 1313 670 1352 vocandi?

228 1380 400 1427 Quaeret
416 1378 556 1428 aliquis
572 1380 746 1426 fortasse,
762 1381 770 1398 ‘
786 1381 1012 1418 Tantumne
1031 1379 1145 1430 igitur
1165 1381 1352 1428 laborem,
1374 1388 1502 1419 tantas

172 1443 396 1482 inimicitias
417 1451 475 1482 tot
495 1443 702 1482 hominum
724 1451 974 1494 suscepturus
1001 1447 1096 1483 es?'
1154 1447 1248 1484 Non
1269 1445 1400 1483 studio
1421 1445 1503 1495 qui-

172 1510 263 1547 dem
285 1510 442 1547 hercule
463 1510 544 1547 ullo
565 1522 694 1558 neque
715 1510 916 1548 voluntate
934 1523 944 1557 3
973 1510 1042 1548 sed
1063 1523 1145 1548 non
1165 1510 1272 1549 idem
1293 1510 1384 1548 licet
1405 1509 1501 1548 mihi

170 1575 278 1622 quod
308 1573 353 1611 iis
381 1573 447 1623 qui
472 1573 595 1612 nobili
625 1586 766 1622 genere
793 1574 873 1612 nati
903 1582 1004 1622 sunt,
1028 1574 1171 1625 quibus
1202 1575 1336 1613 omnia
1364 1574 1502 1625 populi

172 1638 343 1676 Romani
364 1638 556 1676 beneficia
577 1638 864 1677 dormientibus
885 1641 1137 1687 deferuntur3
1165 1641 1282 1689 longe
1301 1639 1376 1677 alia
1405 1639 1501 1676 mihi

169 1705 253 1752 lege
274 1702 314 1740 in
335 1703 408 1740 hac
430 1702 585 1741 civitate
606 1710 643 1740 et
660 1703 896 1742 condicione
911 1704 1123 1743 vivendum
1146 1711 1213 1742 est.
1265 1703 1384 1742 Venit
1405 1703 1501 1740 mihi

170 1767 209 1804 in
245 1774 417 1804 mentem
454 1768 509 1804 M.
548 1767 723 1814 Catonis,
757 1767 928 1806 hominis
965 1768 1242 1818 sapientissimi
1275 1775 1312 1806 et
1344 1767 1501 1817 vigilan-

169 1831 306 1869 tissimi
324 1846 332 1878 ς
380 1830 447 1880 qui
477 1844 568 1870 cum
603 1845 643 1870 se
673 1832 814 1872 virtute
843 1846 924 1872 non
959 1846 1100 1883 genere
1135 1835 1284 1884 populo
1316 1834 1501 1871 Romano

168 1895 439 1934 commendari
466 1904 630 1945 putaret,
665 1910 756 1935 cum
791 1897 874 1948 ipse
909 1898 969 1936 sui
1002 1897 1154 1948 generis
1185 1897 1337 1936 initium
1364 1910 1409 1935 ac
1434 1910 1500 1935 no-

170 1960 284 1998 minis
311 1962 361 1999 ab
386 1974 426 1999 se
456 1961 561 2012 gigni
592 1969 629 2000 et
660 1962 863 2013 propagari
893 1964 1019 2010 vellet,
1041 1962 1248 2002 hominum
1281 1962 1501 2012 potentissi-

171 2038 324 2063 morum
345 2026 515 2075 suscepit
537 2025 772 2074 inimicitias,
796 2034 834 2065 et
855 2027 1033 2066 maximis
1054 2027 1253 2066 laboribus
1275 2026 1354 2065 suis
1375 2039 1500 2076 usque

214 2140 234 2169 3
258 2130 482 2169 reprendatur
499 2128 532 2160 R
553 2140 560 2160 τ
585 2130 857 2169 reprehendatur
871 2127 951 2170 5Ψρ
1071 2141 1091 2169 4
1116 2141 1157 2161 eo
1173 2130 1228 2170 Rp
1243 2141 1250 2161 ε
1275 2130 1395 2161 eodem
1412 2128 1441 2160 S
1455 2128 1499 2160 al.

172 2183 191 2212 5
216 2174 340 2212 putarit
358 2172 466 2203 Halm
483 2184 489 2203 z
514 2174 644 2212 putavit
660 2171 761 2213 SDp&
776 2184 782 2204 :
809 2178 942 2212 putaret
955 2173 988 2203 R
1006 2173 1039 2213 (ξ
1062 2174 1119 2213 187
1138 2173 1242 2212 infra)
1341 2176 1398 2204 aut
1414 2176 1448 2204 et
1465 2172 1501 2202 hi

173 2216 265 2248 RSW
423 2217 444 2246 6
469 2217 511 2247 de
527 2216 700 2248 veteribus
717 2215 885 2247 iudicibus
905 2216 1051 2255 (iudiciis
1069 2217 1101 2254 ὃ)
1121 2216 1178 2248 del.
1194 2216 1298 2256 Kays.
1461 2226 1500 2246 10

173 2260 341 2298 expilatae
368 2260 566 2299 provinciae
593 2260 630 2291 δε
667 2270 701 2290 -a
729 2270 763 2291 -a
790 2260 937 2299 (evexati
964 2259 1013 2300 R)
1039 2259 1135 2291 RSD
1282 2270 1320 2290 12
1345 2269 1407 2298 ego
1436 2259 1499 2289 hoc

174 2302 308 2342 RSDq:
335 2303 399 2333 hoc
417 2313 482 2341 ego
494 2305 536 2342 p&
556 2303 618 2342 gni,
640 2306 655 2339 ξ
673 2303 709 2342 4)
855 2313 894 2343 13
917 2308 976 2334 aut
993 2303 1118 2334 diutius
1136 2304 1258 2334 tacitus
1276 2304 1315 2334 πδ
1462 2302 1501 2332 18

171 2357 208 2376 ac
229 2348 244 2375 δ
396 2356 434 2385 19
458 2351 584 2376 tantum
605 2346 664 2376 tibi
682 2346 745 2376 lab.
765 2345 831 2376 Sw
982 2356 1024 2378 20
1048 2356 1086 2378 es
1101 2356 1167 2378 om.
1190 2358 1212 2376 π
1363 2355 1406 2384 29
1429 2345 1500 2375 suis

175 2400 277 2428 usque
296 2388 407 2420 SDQ:
433 2389 568 2427 suisque
586 2388 619 2418 R
636 2400 641 2418 :
667 2398 772 2428 usque
783 2390 827 2429 p&

1525 1135 1561 1168 15

1523 1464 1562 1485 20

1523 1785 1561 1817 25
