1600 2704
61 129 105 158 12
125 133 163 165 35
448 106 506 144 M.
538 98 707 140 TVLLI
738 84 1044 133 CICERONIS

126 226 296 268 busdam
325 216 480 260 iudiciis
510 225 603 253 usus
633 222 685 254 es,
708 204 825 244 etiam
854 200 894 238 in
924 195 1033 234 istius
1062 186 1234 229 hominis
1263 177 1457 232 desperati

129 303 247 331 causa
276 285 599 334 interponeretur.
658 272 778 310 Nunc
798 277 903 309 vero,
924 256 1113 310 quoniam
1141 254 1239 290 haec
1265 256 1303 287 te
1328 243 1459 285 omnis

132 350 351 396 dominatio
381 352 625 397 regnumque
658 332 893 374 iudiciorum
923 330 1034 363 tanto
1064 329 1181 369 opere
1210 314 1391 354 delectat,
1421 314 1460 345 et

135 427 225 460 sunt
245 413 427 456 homines
448 420 548 460 quos
568 399 742 443 libidinis
764 392 1027 439 infamiaeque
1047 396 1140 423 suae
1164 390 1293 428 neque
1316 374 1462 424 pudeat

137 496 267 534 neque
287 479 454 522 taedeat,
472 471 540 523 qui
561 465 673 519 quasi
693 465 743 503 de
764 455 954 499 industria
974 453 1014 490 in
1035 447 1172 489 odium
1192 438 1466 482 offensionem·
1485 445 1502 475 5

139 562 217 600 que
255 541 391 597 populi
431 533 604 577 Romani
643 531 796 568 inruere
826 523 1043 561 videantur,
1076 515 1153 550 hoc
1189 521 1250 546 me
1285 503 1469 554 profiteor

144 609 362 661 suscepisse
400 612 588 653 magnum
626 597 790 634 fortasse
833 598 933 626 onus
976 589 1014 620 et
1060 575 1155 616 mihi
1194 568 1468 623 periculosum,

145 688 281 717 verum
302 681 436 711 tamen
456 666 620 715 dignum
648 660 688 697 in
710 669 790 707 quo
811 649 939 692 omnis
966 656 1106 685 nervos
1133 636 1271 678 aetatis
1294 628 1474 671 industri-

88 748 128 790 36
148 753 274 791 aeque
313 747 424 774 meae
462 726 755 769 contenderem.
821 713 1021 765 Quoniam
1056 714 1161 746 totus
1199 701 1296 740 ordo
1336 706 1478 746 pauco-

150 819 235 846 rum
274 797 525 852 improbitate
559 800 597 831 et
631 785 796 828 audacia
830 777 1016 832 premitur
1054 780 1093 811 et
1130 774 1286 818 urgetur
1320 756 1480 799 infamia
1503 768 1541 791 10

152 869 399 911 iudiciorum,
435 859 620 913 profiteor
654 851 746 891 huic
777 843 908 899 generi
942 838 1149 880 hominum
1183 844 1246 870 me
1277 824 1481 865 inimicum

154 940 435 976 accusatorem,
477 923 672 965 odiosum,
714 912 937 954 adsiduum,
978 902 1164 943 acerbum
1206 889 1481 935 adversarium.

158 1003 252 1040 Hoc
281 994 379 1035 mihi
407 1002 533 1035 sumo,
564 988 641 1025 hoc
671 979 768 1020 mihi
797 978 986 1025 deposco,
1015 966 1125 1018 quod
1152 973 1265 1012 agam
1296 957 1337 995 in
1371 950 1489 1001 magi-

159 1071 292 1109 stratu,
314 1058 423 1111 quod
442 1066 556 1106 agam
585 1064 632 1090 ex
661 1060 708 1087 eo
732 1047 822 1083 loco
842 1053 889 1079 ex
908 1049 989 1088 quo
1010 1045 1073 1071 me
1092 1027 1262 1081 populus
1284 1023 1490 1061 Romanus

161 1144 209 1170 ex
244 1122 437 1166 Kalendis
472 1114 664 1159 Ianuariis
699 1120 834 1150 secum
867 1114 981 1153 agere
1014 1099 1064 1137 de
1098 1108 1139 1133 re
1172 1087 1331 1143 publica
1363 1097 1408 1123 ac
1442 1082 1492 1120 de
1515 1091 1551 1122 15

165 1187 395 1232 hominibus
429 1178 619 1232 improbis
653 1171 801 1218 voluit;
847 1168 924 1206 hoc
963 1171 1107 1200 munus
1142 1149 1350 1194 aedilitatis
1384 1156 1496 1184 meae

169 1255 320 1309 populo
349 1252 536 1289 Romano
565 1237 851 1290 amplissimum
882 1223 1269 1281 pulcherrimumque
1298 1210 1495 1264 polliceor.

171 1323 336 1363 Moneo,
374 1310 569 1364 praedico,
606 1313 698 1344 ante
732 1294 950 1340 denuntio:
993 1288 1061 1341 qui
1099 1292 1167 1324 aut
1201 1283 1399 1330 deponere
1434 1279 1500 1311 aut

174 1383 352 1434 accipere
383 1384 450 1417 aut
488 1373 661 1422 recipere
693 1373 759 1406 aut
794 1356 969 1413 polliceri
1003 1361 1071 1393 aut
1101 1353 1321 1399 sequestres
1353 1347 1420 1379 aut
1450 1338 1504 1375 in-

177 1454 364 1499 terpretes
395 1432 674 1487 corrumpendi
704 1427 824 1469 iudici
854 1425 982 1463 solent
1016 1430 1112 1462 esse,
1146 1411 1292 1463 quique
1323 1407 1374 1445 ad
1403 1406 1505 1442 hanc
1527 1414 1564 1436 20

178 1527 261 1554 rem
294 1517 361 1550 aut
395 1502 613 1558 potentiam
643 1504 711 1536 aut
742 1486 1030 1543 impudentiam
1065 1491 1176 1519 suam
1210 1471 1374 1526 professi
1405 1475 1505 1512 sunt,

181 1577 404 1619 abstineant
430 1572 470 1610 in
494 1571 571 1608 hoc
592 1561 739 1604 iudicio
760 1568 900 1597 manus
926 1550 1160 1596 animosque
1185 1542 1235 1580 ab
1263 1540 1339 1576 hoc
1366 1534 1510 1573 scelere

121 1629 164 1668 13
184 1641 343 1683 nefario.
403 1635 487 1675 Erit
514 1641 597 1671 tum
625 1625 764 1667 consul
796 1615 1035 1660 Hortensius
1060 1622 1151 1650 curn
1172 1615 1328 1645 summo
1348 1596 1512 1648 imperio

125 1689 164 1721 37
185 1717 223 1748 et
244 1709 448 1758 potestate,
472 1711 546 1749 ego
565 1702 698 1734 autem
719 1686 868 1732 aedilis,
892 1684 969 1720 hoc
990 1685 1048 1717 est
1068 1674 1186 1726 paulo
1207 1666 1374 1717 amplius
1394 1673 1513 1712 quam

187 1773 357 1825 privatus
374 1783 382 1815 3
411 1774 544 1804 tamen
564 1762 663 1798 haec
684 1754 800 1794 huius
822 1746 931 1788 modi
951 1757 1011 1783 res
1032 1748 1090 1780 est
1110 1748 1229 1788 quam
1255 1745 1317 1770 me
1337 1736 1514 1767 acturum
1537 1735 1574 1768 25

189 1850 275 1877 esse
302 1832 499 1886 polliceor,
523 1827 576 1865 ita
602 1821 751 1874 populo
780 1819 966 1855 Romano
993 1812 1100 1858 grata
1126 1809 1243 1850 atque
1270 1793 1456 1837 iucunda,
1476 1795 1518 1827 ut

192 1903 276 1954 ipse
296 1897 434 1938 consul
454 1894 493 1932 in
514 1894 588 1930 hac
605 1898 723 1927 causa
743 1894 834 1933 prae
851 1890 915 1916 me
936 1873 1065 1912 minus
1082 1866 1212 1910 etiam,
1230 1862 1262 1900 si
1282 1858 1364 1898 fieri
1384 1854 1517 1907 possit,

195 1979 313 2018 quam
335 1961 505 2014 privatus
526 1968 611 1996 esse
631 1951 818 1991 videatur.

249 2028 398 2071 Omnia
417 2038 498 2064 non
519 2020 640 2060 modo
661 2004 1088 2055 commemorabuntur,
1110 1995 1180 2035 sed
1201 1992 1318 2032 etiam
1339 1982 1523 2036 expositis

199 2095 312 2136 certis
339 2092 455 2131 rebus
485 2092 657 2137 agentur,
681 2091 782 2131 quae
810 2075 911 2113 inter
939 2071 1079 2109 decem
1108 2070 1247 2104 annos,
1266 2060 1523 2105 posteaquam
1545 2061 1582 2093 30

248 2208 266 2238 7
285 2194 508 2238 periculosum
520 2189 554 2220 D
566 2187 608 2219 al.
618 2185 660 2227 pl>
679 2196 685 2215 z
708 2173 1030 2222 periculosissimum
1042 2177 1082 2207 qr
1170 2171 1207 2200 13
1224 2157 1303 2189 mihi
1317 2157 1406 2195 (ante
1417 2149 1526 2182 sumo}

203 2253 271 2275 om.
290 2241 354 2271 ΒΨ
477 2244 514 2273 15
539 2232 610 2263 Ian.
629 2229 661 2259 D
677 2238 684 2258 ε
709 2226 782 2256 Iun.
799 2227 822 2262 p
910 2223 1023 2248 secum
1040 2209 1164 2242 habere
1181 2204 1236 2243 Dp
1252 2205 1279 2232 et
1290 2199 1367 2240 pler.
1492 2193 1530 2222 18

206 2291 263 2317 aut
279 2283 432 2322 accipere
456 2283 512 2309 aut
537 2275 688 2312 recipere
711 2281 732 2299 π
749 2267 823 2298 Asc.
843 2275 850 2294 :
875 2265 930 2292 aut
955 2267 1020 2289 rec.
1044 2258 1100 2284 aut
1121 2258 1189 2281 ace.
1209 2245 1293 2277 ow
1408 2248 1421 2254 -

209 2330 307 2360 huius
326 2324 415 2356 modi
426 2322 469 2364 pb
487 2320 529 2351 al.
548 2330 555 2349 ε
579 2318 661 2348 haec
678 2313 819 2344 huiusce
836 2304 926 2338 modi
942 2301 975 2332 D
991 2299 1033 2331 al.
1052 2309 1059 2329 ε
1082 2293 1182 2327 huius
1200 2287 1289 2321 modi
1307 2286 1389 2317 haec
1408 2291 1447 2322 qr
