1600 2704
122 113 392 157 ACTIONIS
423 120 485 159 IN
514 122 559 162 c.
584 125 824 166 VERREM
854 131 1153 176 SECVNDAE
1184 140 1287 178 ΜΒ.
1313 143 1355 181 11
1399 153 1450 191 33
1471 119 1515 181 81¹

119 224 285 264 consilio
315 228 360 269 C.
384 230 586 271 Sacerdoti
613 235 765 275 fuerant
792 237 941 289 tibique
968 255 1053 282 esse
1074 247 1254 286 solebant
1274 253 1447 299 remotis,

117 290 168 327 de
196 303 238 329 re
267 291 439 333 iudicata
468 296 730 338 iudicavisse?
770 309 887 353 teque
916 318 1006 344 eum
1037 321 1157 358 quem
1183 312 1228 351 C.
1254 315 1446 356 Sacerdos

114 353 296 395 adhibito
325 359 491 399 consilio
514 374 632 401 causa
655 365 812 415 cognita
831 368 1075 419 absolvisset,
1098 376 1271 415 eundem
1293 388 1445 420 remoto

113 419 280 459 consilio
300 434 418 461 causa
438 423 637 476 incognita
652 430 970 473 condemnasse?
1009 437 1113 476 Cum
1128 439 1225 479 haec
1239 444 1442 483 confessus

74 497 90 528 5
112 483 197 530 eris,
229 498 330 535 quae
361 487 400 525 in
431 490 515 528 foro
543 493 674 542 palam
703 495 902 544 Syracusis
931 500 970 537 in
1001 514 1068 541 ore
1096 512 1216 555 atque
1247 507 1285 545 in
1315 511 1460 565 oculis·

110 548 334 597 provinciae
352 561 461 602 gesta
482 564 583 601 sunt,
607 567 748 608 negato
770 568 852 600 tum
873 575 981 611 sane,
995 566 1026 604 si
1039 569 1158 615 voles,
1175 578 1212 610 te
1228 575 1437 622 pecuniam

106 614 306 664 accepisse
323 631 330 653 ε
375 619 552 668 reperies
588 624 718 669 credo,
752 625 925 676 aliquem
957 632 1036 680 qui,
1072 647 1164 672 cum
1200 637 1297 677 haec
1335 652 1437 690 quae

105 678 234 726 palam
259 688 368 729 gesta
395 691 486 722 sunt
507 684 648 732 videat,
673 699 833 738 quaerat
854 693 951 742 quid
973 703 1014 734 tu
1035 701 1191 739 occulte
1211 703 1348 752 egeris,
1367 713 1435 745 aut

103 741 172 791 qui
201 744 356 785 dubitet
386 755 515 787 utrum
548 752 655 791 malit
686 755 782 793 meis
804 758 969 799 testibus
990 774 1040 800 an
1062 763 1137 802 tuis
1158 766 1433 809 defensoribus

44 821 83 843 10
102 809 272 847 credere.

156 871 248 911 Dixi
294 875 371 914 iam
414 886 505 918 ante
552 894 614 920 me
663 897 743 922 non
788 888 922 928 omnia
968 890 1078 931 istius
1123 907 1224 945 quae
1270 898 1309 936 in
1355 900 1431 940 hoc
1453 911 1492 942 82

97 948 241 985 genere
287 950 419 980 essent
467 956 798 997 enumeraturum,
848 955 918 993 sed
966 957 1182 998 electurum
1231 975 1276 1000 ea
1329 977 1430 1015 quae

97 1001 267 1042 maxime
317 1008 561 1048 excellerent.
632 1014 812 1064 Accipite
854 1030 960 1057 nunc
999 1021 1107 1060 aliud
1154 1024 1236 1063 eius
1278 1028 1428 1068 facinus
1448 1037 1501 1075 34

97 1066 231 1106 nobile
258 1077 296 1108 et
324 1072 455 1110 multis
484 1075 578 1113 locis
603 1090 720 1127 saepe
748 1092 1117 1135 commemoratum,
1144 1097 1183 1127 et
1207 1090 1290 1130 eius
1318 1095 1427 1133 modi

38 1144 74 1177 15
96 1139 138 1169 ut
177 1132 216 1170 in
257 1147 336 1173 uno
375 1137 507 1176 omnia
548 1142 739 1182 maleficia
778 1144 906 1185 inesse
944 1148 1161 1191 videantur.
1220 1158 1426 1198 Attendite

93 1195 323 1247 diligenter;
358 1200 563 1242 invenietis
593 1206 698 1245 enim
725 1208 764 1248 id
795 1210 946 1251 facinus
976 1222 1112 1254 natum
1139 1232 1162 1256 a
1196 1221 1422 1271 cupiditate,

90 1269 251 1301 auctum
283 1277 352 1314 per
382 1274 572 1317 stuprum,
608 1273 840 1314 crudelitate
867 1280 1085 1327 perfectum
1115 1291 1235 1334 atque
1267 1291 1423 1327 conclu-

89 1337 187 1364 sum.
247 1329 433 1370 Sthenius
466 1342 534 1380 est,
569 1334 634 1374 hic
671 1338 739 1387 qui
779 1341 894 1380 nobis
926 1344 1092 1393 adsidet,
1128 1349 1418 1400 Thermitanus,
1441 1361 1482 1400 83

86 1398 203 1431 antea
257 1395 388 1434 multis
442 1407 600 1449 propter
652 1415 848 1444 summam
907 1408 1090 1450 virtutem
1144 1427 1420 1470 summamque

26 1472 67 1494 20
86 1456 345 1507 nobilitatem,
378 1475 484 1501 nunc
520 1474 678 1516 propter
711 1482 822 1508 suam
857 1474 1122 1515 calamitatem
1156 1488 1275 1531 atque
1310 1483 1419 1523 istius

86 1519 278 1572 insignem
306 1524 487 1566 iniuriam
515 1531 701 1572 omnibus
730 1543 858 1575 notus.
919 1540 1051 1580 Huius
1079 1543 1251 1594 hospitio
1277 1549 1418 1588 Verres

83 1597 175 1624 cum
209 1597 312 1628 esset
351 1604 453 1639 usuS‚
495 1602 534 1632 et
567 1608 659 1635 cum
692 1602 799 1649 apud
834 1615 925 1641 eum
960 1618 1040 1644 non
1072 1609 1201 1648 solum
1232 1613 1415 1654 Thermis

82 1662 368 1702 saepenumero
408 1658 555 1706 fuisset,
593 1663 663 1701 sed
703 1665 822 1704 etiam
859 1668 1085 1718 habitasset,
1123 1676 1257 1715 omnia
1291 1679 1414 1719 domo

81 1714 165 1755 eius
203 1718 364 1758 abstulit
406 1735 508 1772 quae
548 1729 666 1776 paulo
707 1731 828 1781 magis
866 1734 1044 1774 animum
1083 1738 1301 1791 cuiuspiam
1345 1754 1414 1783 aut

22 1796 59 1828 25
80 1782 218 1821 oculos
257 1795 418 1834 possent
457 1802 719 1832 commovere.
782 1798 940 1837 Etenim
976 1801 1162 1842 Sthenius
1196 1807 1247 1845 ab
1280 1810 1412 1849 adule

78 1846 228 1886 scentia
266 1851 385 1899 paulo
423 1854 637 1895 studiosius
677 1860 775 1899 haec
813 1874 1082 1914 compararat:
1126 1872 1409 1920 supellectilem

77 1923 124 1948 ex
154 1924 243 1951 aere
274 1916 553 1965 elegantiorem
587 1930 625 1960 et
652 1925 855 1966 Deliacam
890 1938 929 1968 et
962 1932 1220 1981 Corinthiam,
1255 1937 1409 1976 tabulas

54 1974 211 2025 pictas,
238 1977 355 2017 etiam
384 1985 533 2032 argenti
564 1985 666 2026 bene
690 1990 792 2038 facti,
816 2002 930 2042 prout
960 1996 1206 2037 Thermitani
1235 2001 1407 2041 hominis

74 2040 279 2081 facultates
336 2046 523 2096 ferebant,
571 2052 674 2090 satis.
748 2056 863 2104 Quae
916 2072 1008 2098 cum
1060 2071 1162 2102 esset
1219 2064 1258 2102 in
1310 2068 1406 2107 Asia

12 2121 54 2154 30
72 2105 307 2146 adulescens
346 2111 532 2159 studiose,
574 2123 616 2154 ut
654 2117 745 2164 dixi,
787 2132 1041 2172 compararat,
1083 2140 1164 2166 non
1196 2136 1276 2168 tam
1310 2144 1405 2171 suae

117 2220 152 2240 11
179 2215 257 2242 ante
277 2211 331 2242 O:
355 2219 456 2245 antea
474 2216 538 2248 rell.
559 2218 620 2255 (iii,
643 2223 680 2258 ξς
699 2231 752 2260 24,
771 2225 823 2262 63.
848 2234 930 2264 130:
955 2227 997 2262 iv.
1020 2233 1034 2266 ξ
1055 2232 1111 2271 73)
1218 2243 1254 2274 15
1279 2233 1402 2267 Atten-

69 2253 140 2284 dite
156 2254 210 2284 dil.
228 2255 292 2286 inv.
312 2256 401 2287 enim
418 2257 486 2290 cO:
512 2260 690 2295 Attendite
708 2267 795 2297 enim
816 2268 873 2300 dil.
891 2270 956 2302 inv.
973 2276 997 2312 p
1014 2273 1080 2304 rell.
1222 2278 1260 2308 18
1283 2278 1337 2309 hic
1359 2280 1397 2319 Ο,

67 2296 171 2328 Aras.
191 2297 289 2330 Mess.
307 2311 314 2330 :
338 2300 367 2330 is
385 2302 450 2333 rell.
588 2316 629 2336 22
653 2318 720 2339 non
739 2310 847 2342 solum
863 2311 933 2344 edd.
953 2325 960 2345 :
983 2316 1088 2347 solum
1110 2317 1141 2348 O
1157 2320 1205 2357 (in
1222 2331 1288 2360 quo
1303 2324 1399 2354 omit-

66 2343 195 2381 tuntur,
213 2347 251 2372 ut
262 2349 362 2384 saepe.
377 2351 439 2386 per
451 2346 616 2379 incuriam
640 2352 734 2383 verba
749 2354 811 2384 sed
835 2356 936 2387 etiam
954 2357 1151 2403 habitasset)
1169 2373 1176 2393 :
1204 2374 1272 2395 non
1298 2368 1399 2398 modo

65 2383 173 2414 solum
191 2386 275 2416 vrkh:
302 2397 367 2418 non
387 2390 484 2420 modo
504 2393 591 2432 vulg.
725 2398 767 2426 26
791 2397 878 2429 hanc
897 2399 928 2430 O
1059 2414 1098 2444 27
1123 2411 1157 2436 et
1173 2407 1304 2440 tabulas
1323 2409 1354 2440 Ο

1544 85 1562 92 ..-
