1600 2704
65 83 334 124 ACTIONIS
365 84 426 122 IN
457 84 502 124 C.
525 85 767 123 VERREM
798 82 1097 123 SECVNDAE
1130 84 1235 122 LIB.
1257 85 1295 121 V
1349 92 1400 132 32
1417 90 1460 131 84

65 195 105 233 in
128 196 263 234 Insula
283 203 341 234 est
361 194 645 246 Syracusanum
666 197 868 236 neminem
889 197 1036 245 voluit3
1065 197 1196 244 hodie,
1220 197 1396 249 inquam,

65 261 352 310 Syracusanum
372 260 412 298 in
433 274 479 299 ea
498 269 606 311 parte
627 261 803 300 habitare
823 275 904 300 non
925 261 1015 299 licet
1030 275 1041 308 3
1069 270 1127 299 est
1155 261 1260 299 enim
1289 264 1398 300 locus

64 337 183 374 quern
204 327 266 364 vel
286 325 402 375 pauci
422 333 583 376 possent
603 327 827 365 defendere.
887 325 1146 365 Committere
1167 325 1281 375 igitur
1308 339 1398 365 eum

64 402 145 427 non
176 389 413 428 fidelissimis
433 390 662 428 hominibus
682 390 819 437 noluit,
849 389 965 428 simul
987 391 1095 439 quod
1116 390 1166 428 ab
1201 389 1266 427 illa
1290 397 1398 439 parte

26 467 44 498 5
63 453 170 492 urbis
201 454 365 493 navibus
391 454 520 494 aditus
551 468 597 493 ex
624 457 704 494 alto
724 463 781 494 est
800 470 811 503 3
839 468 958 504 quam
980 455 1032 493 ob
1053 467 1134 493 rem
1156 453 1222 504 qui
1244 461 1398 492 nostros

62 518 253 557 exercitus
288 532 404 569 saepe
439 522 695 568 excluserant,
726 519 772 558 iis
807 521 975 558 claustra
1005 518 1082 557 loci
1112 518 1399 557 committenda

62 595 143 621 non
178 582 420 622 existimavit.
480 584 583 623 Vide
618 584 714 635 quid
744 584 894 623 intersit
929 584 1029 623 inter
1055 592 1163 622 tuam
1191 583 1396 622 libidinem
1418 586 1457 625 85

63 646 335 698 maiorumque
363 648 648 696 auctoritatem,
679 649 778 688 inter
805 662 979 688 amorem
1007 650 1258 698 furoremque
1285 656 1397 687 tuum

62 719 101 750 et
131 710 285 750 illorum
314 713 522 751 consilium
553 722 672 764 atque
696 714 958 764 prudentiam.
1020 713 1082 751 Illi
1102 713 1252 751 aditum
1276 713 1397 752 litoris

5 791 44 814 ιο
61 776 312 825 Syracusanis
331 778 574 825 ademerunt,
593 786 635 817 tu
656 778 863 829 imperium
885 778 1123 817 maritimum
1141 778 1370 817 concessisti
1387 793 1397 826 3

61 839 115 878 illi
150 841 325 880 habitare
359 841 399 880 in
434 856 482 881 eo
512 845 601 882 loco
629 845 928 893 Syracusanum,
952 856 1030 893 qua
1059 856 1178 881 naves
1207 845 1397 882 accedere

61 913 232 954 possent,
256 908 476 954 noluerunt,
504 915 547 945 tu
574 908 687 946 classi
717 916 755 946 et
783 908 948 946 navibus
976 909 1261 957 Syracusanum
1290 921 1397 958 prae-

60 982 146 1008 esse
177 970 331 1009 voluisti
348 986 359 1019 3
387 972 531 1021 quibus
561 971 615 1010 illi
646 972 751 1010 urbis
783 985 876 1010 suae
906 979 1055 1022 partem
1083 972 1329 1021 ademerunt,
1350 972 1395 1011 iis

60 1040 102 1072 tu
127 1036 249 1074 nostri
277 1036 415 1086 imperi
440 1045 589 1087 partem
621 1036 775 1083 dedisti,
799 1044 837 1075 et
862 1049 1030 1086 quorum
1059 1035 1255 1075 sociorum
1276 1049 1395 1086 opera
1437 1065 1440 1068 »

3 1118 40 1151 15
61 1100 293 1149 Syracusani
314 1101 429 1139 nobis
449 1101 556 1140 dicto
576 1100 781 1140 audientes
798 1108 899 1148 sunt,
923 1113 990 1138 eos
1012 1101 1256 1149 Syracusano
1286 1102 1394 1140 dicto

59 1164 256 1203 audientis
277 1178 363 1204 esse
383 1165 540 1204 iussisti.

115 1229 323 1280 Egreditur
342 1230 382 1268 in
403 1230 661 1281 Centuripina
688 1230 926 1281 quadriremi
948 1231 1184 1269 Cleomenes
1209 1243 1230 1268 e
1255 1238 1369 1280 portu
1385 1245 1395 1278 3
1414 1214 1465 1298 ἓξ

60 1294 236 1345 sequitur
267 1296 479 1345 Segestana
510 1295 630 1343 navis,
665 1295 943 1345 Tyndaritana,
979 1294 1239 1341 Herbitensis,
1272 1297 1395 1333 Hera-

60 1359 229 1407 cliensi83
277 1359 583 1410 Apolloniensis,
636 1359 867 1406 Haluntina,
919 1361 1115 1409 praeclara
1172 1359 1306 1398 classis
1354 1359 1393 1398 in

0 1439 42 1462 20
60 1424 243 1475 speciem,
285 1426 355 1464 sed
390 1425 504 1475 inops
543 1433 581 1463 et
619 1424 773 1462 infirma
811 1432 969 1474 propter
1007 1423 1279 1463 dimissionem
1311 1437 1394 1474 pro-

59 1497 322 1539 pugnatorum
369 1497 487 1539 atque
526 1489 727 1539 remigum.
801 1490 902 1526 Tam
937 1489 1005 1527 diu
1044 1488 1083 1526 in
1123 1488 1288 1538 imperio
1321 1501 1394 1526 suo

59 1555 224 1592 classem
246 1553 317 1592 iste
338 1562 492 1604 praetor
507 1554 672 1604 diligens
694 1553 791 1592 vidit
812 1567 930 1603 quam
962 1553 1029 1591 diu
1060 1552 1284 1591 convivium
1310 1552 1393 1591 eius

60 1617 406 1668 flagitiosissimum
439 1626 704 1668 praetervecta
744 1626 801 1657 est
819 1633 829 1665 3
877 1618 960 1667 ipse
998 1626 1143 1664 autem,
1184 1617 1251 1667 qui
1290 1617 1393 1655 visus

59 1682 191 1721 multis
229 1683 370 1722 diebus
408 1697 489 1722 non
528 1691 641 1730 esset,
683 1691 767 1721 tum
807 1696 848 1721 se
882 1691 1015 1721 tamen
1049 1682 1088 1720 in
1135 1691 1392 1732 conspectum

0 1760 40 1791 25
59 1747 188 1784 nautis
222 1747 418 1797 paulisper
446 1749 565 1786 dedit.
626 1747 739 1786 Stetit
773 1749 943 1786 soleatus
969 1754 1122 1796 praetor
1151 1747 1287 1797 populi
1318 1749 1394 1786 Ro-

59 1811 165 1849 mani
193 1824 284 1850 curn
304 1812 424 1861 pallio
444 1826 639 1863 purpureo
660 1812 873 1862 tunicaque
895 1812 1003 1851 talari
1025 1811 1253 1850 muliercula
1281 1812 1393 1850 nixus

59 1877 99 1915 in
132 1876 254 1915 litore.
316 1877 402 1914 Iam
433 1878 509 1915 hoc
539 1877 655 1915 istum
687 1877 829 1916 vestitu
860 1877 979 1916 Siculi
1007 1876 1191 1926 civesque
1220 1876 1393 1915 Romani

59 1941 241 1992 permulti
280 1955 397 1991 saepe
440 1942 627 1981 viderant.
700 1944 964 1992 Posteaquam
1002 1942 1163 1991 paulum
1207 1949 1393 1990 provecta
1411 1949 1453 1989 87

58 2007 192 2045 classis
213 2014 271 2045 est
290 2014 329 2046 et
350 2008 578 2056 Pachynum
601 2007 740 2057 quinto
761 2007 824 2045 die
849 2006 1022 2056 denique
1051 2007 1227 2056 adpulsa,
1248 2013 1391 2044 nautae

0 2087 41 2117 30
58 2071 184 2110 coacti
214 2072 317 2110 fame
346 2071 495 2110 radices
525 2073 742 2122 palmarum
780 2071 1003 2120 agrestium,
1036 2084 1201 2120 quarum
1237 2078 1316 2108 erat
1350 2069 1390 2108 in

106 2185 118 2204 1
146 2174 178 2204 in
199 2174 308 2204 insula
328 2174 376 2214 Vp
393 2175 434 2205 αΙ.
455 2186 461 2204 ;
486 2175 596 2205 insula
612 2175 676 2205 RS
696 2176 726 2208 (δ
745 2175 788 2205 80
804 2174 923 2215 supra)
1009 2174 1258 2213 Syracusanum
1280 2173 1389 2213 Vpka:

61 2227 214 2248 -anorum
230 2217 325 2248 st
500 2227 520 2256 3
545 2223 684 2258 possent
706 2217 820 2248 VRS:
845 2223 1043 2257 possuntp:
1069 2217 1200 2256 possint
1216 2217 1298 2246 Ern.
1316 2216 1385 2247 edd.

62 2262 95 2298 (ᾖ
125 2271 185 2299 139
209 2260 311 2300 infra]
450 2271 489 2300 19
514 2261 547 2291 in
573 2261 721 2300 speciem
745 2262 804 2291 126:
839 2261 873 2291 in
898 2261 1012 2300 specie
1038 2259 1178 2300 RSDp:
1204 2260 1319 2299 specie
1342 2259 1386 2291 al.

62 2303 166 2341 (sort.
183 2304 225 2333 ad
243 2305 391 2342 speciem
409 2315 415 2334 :
442 2305 474 2339 ii,
493 2303 512 2343 i,
533 2308 548 2341 §
569 2305 626 2343 58)
772 2315 812 2342 27
838 2304 900 2334 hoc
919 2305 992 2343 ipso
1010 2305 1026 2333 δ
1168 2304 1210 2333 28
1233 2303 1389 2334 viderant

59 2345 218 2384 Benedici,
235 2346 304 2378 edd.
325 2358 397 2379 recc.
414 2358 421 2378 ε
446 2348 601 2378 viderunt
618 2346 708 2381 codd.
729 2347 912 2387 (Zielinski,
925 2352 980 2388 pp.
1004 2347 1123 2386 197-8)

1239 2389 1300 2420 27*
