1600 2704
98 90 151 134 65
175 93 235 134 146
536 89 594 126 M.
625 89 794 127 TVLLI
826 89 1132 128 CICERONIS

168 198 320 249 legibus
353 198 531 237 obtinere
567 206 741 248 possent,
776 212 857 237 non
891 199 1040 237 amicus
1073 198 1193 245 istius,
1228 212 1309 237 non
1341 201 1496 250 hospes,

167 277 247 303 non
278 263 450 314 denique
480 263 620 313 aliquis
651 263 814 310 Siculus,
848 265 917 302 sed
947 272 1130 313 quaestor
1159 264 1295 314 populi
1327 265 1499 303 Romani

166 337 386 379 praetorem
407 330 578 378 appellat
597 330 603 364 l
653 328 752 377 Quis
774 330 850 367 hoc
871 328 979 375 vidit,
1003 329 1088 378 quis
1109 328 1292 367 audivit?
1341 331 1500 369 Praetor

165 407 314 444 aequus
336 402 373 432 et
395 393 551 444 sapiens
572 393 716 432 dimitti
738 393 846 432 iubet
867 402 1058 432 senatum.
1119 393 1328 433 Concurrit
1357 395 1408 433 ad
1436 408 1499 433 nie

166 458 334 497 maxima
369 457 593 496 multitudo.
655 458 829 496 Primum
862 466 1060 496 senatores
1095 459 1262 496 clamare
1295 458 1367 497 sibi
1403 458 1498 509 eripi
1521 473 1537 503 5

165 523 234 569 ius,
253 522 347 573 eripi
365 522 598 569 libertatern,
616 524 787 572 populus
815 530 995 561 senatum
1016 524 1186 569 laudare,
1209 522 1350 572 gratias
1372 535 1495 572 agere,

165 587 268 626 cives
291 587 465 626 Romani
497 600 518 625 a
549 600 613 625 me
643 600 839 637 nusquam
861 587 1074 626 discedere.
1136 588 1227 635 Quo
1249 587 1412 637 quidem
1434 588 1499 627 die

165 652 261 690 nihil
282 652 433 702 aegrius
454 653 602 691 facturn
632 659 691 690 est
721 654 846 690 multo
875 653 1009 691 labore
1034 665 1124 692 meo
1145 666 1263 702 quarn
1292 661 1333 691 ut
1359 667 1497 692 manus

163 718 213 756 ab
236 717 302 755 illo
323 718 565 767 appellatore
585 716 885 756 abstinerentur.

83 793 142 827 147
219 783 322 822 Cum
342 783 393 821 ad
414 790 634 832 praetorem
655 781 695 820 in
716 782 775 821 ius
795 781 1025 829 adissemus,
1049 781 1242 832 excogitat
1269 795 1362 821 sane
1381 790 1497 821 acute
1519 797 1557 820 10

164 847 259 898 quid
285 848 471 886 decernat
486 862 497 895 ,-
527 860 619 885 narn
647 854 739 886 ante
769 860 888 897 quam
918 848 1081 885 verbum
1112 848 1291 893 facerem,
1323 848 1373 885 de
1403 848 1497 885 sella

165 912 326 951 surrexit
364 919 484 962 atque
522 911 629 951 abiit.
691 913 832 962 Itaque
866 920 949 950 tum
982 913 1032 951 de
1064 913 1159 960 foro,
1198 925 1288 950 cum
1324 911 1400 949 iarn
1428 913 1497 951 ad-

78 984 138 1022 66
164 985 465 1028 vesperasceret,
497 976 762 1016 discessimus.
824 976 1017 1015 Postridie
1048 989 1163 1015 mane
1192 977 1242 1014 ab
1270 989 1317 1015 eo
1338 977 1496 1027 postulo

163 1051 204 1081 ut
244 1042 494 1092 Syracusanis
542 1041 674 1081 liceret
722 1049 880 1081 senatus
928 1043 1163 1089 consultum,
1215 1042 1323 1090 quod
1371 1040 1496 1091 pridie

162 1107 356 1155 fecissent,
394 1106 490 1144 mihi
525 1108 700 1145 reddere.
762 1108 834 1145 Ille
872 1106 977 1145 enirn
1012 1119 1103 1145 vero
1142 1113 1257 1156 negat
1288 1112 1326 1144 et
1357 1105 1410 1143 ait
1441 1104 1496 1143 in-
1518 1119 1554 1151 15
1599 1153 1600 1157 Ἰ

161 1172 324 1222 dignum
364 1171 515 1210 facinus
555 1185 639 1210 esse
678 1172 787 1221 quod
822 1184 895 1221 ego
933 1170 972 1208 in
1013 1178 1149 1209 senatu
1190 1172 1343 1209 Graeco
1376 1170 1495 1209 verba

160 1236 340 1275 fecissem
356 1250 366 1284 3
395 1238 504 1286 quod
521 1236 682 1286 quidem
699 1237 805 1286 apud
823 1237 994 1274 Graecos
1013 1236 1162 1274 Graece
1184 1237 1337 1274 locutus
1354 1248 1492 1283 essem,

160 1302 199 1341 id
230 1301 317 1340 ferri
348 1303 457 1339 nullo
488 1303 610 1340 modo
640 1314 767 1351 posse.
830 1300 1037 1350 Respondi
1067 1300 1218 1339 homini
1243 1308 1285 1339 ut
1306 1300 1428 1351 potui,
1452 1308 1494 1339 ut

158 1365 290 1413 debui,
326 1372 368 1404 ut
402 1365 518 1403 volui.
580 1366 684 1405 Cum
719 1367 843 1404 multa
872 1373 956 1404 tum
986 1365 1104 1404 etiam
1134 1367 1210 1404 hoc
1241 1379 1297 1403 me
1331 1365 1492 1404 memini

157 1431 300 1478 dicere,
323 1430 436 1469 facile
457 1443 543 1469 esse
573 1430 824 1481 perspicuum
855 1438 1046 1480 quantum
1078 1430 1176 1469 inter
1196 1432 1302 1469 hunc
1324 1438 1361 1469 et
1382 1430 1492 1468 illum
1515 1446 1552 1470 20
1592 1451 1596 1473 ι

159 1495 431 1543 Numidicum,
471 1508 606 1533 verum
646 1509 692 1534 ac
731 1508 962 1545 germanum
1004 1497 1223 1543 Metellum,
1264 1495 1492 1543 interesset,

158 1561 267 1599 illum
298 1560 472 1599 noluisse
502 1573 571 1598 sua
601 1560 828 1599 laudatione
858 1560 989 1599 iuvare
1020 1562 1062 1598 L.
1097 1561 1318 1606 Lucullum,
1351 1559 1492 1598 sororis

158 1626 294 1673 virum,
317 1627 476 1676 quicum
499 1624 648 1675 optime
668 1625 928 1672 convenisset,
952 1628 1057 1664 hunc
1079 1626 1230 1664 homini
1250 1625 1491 1664 alienissimo

156 1703 179 1728 a
213 1690 436 1728 civitatibus
476 1689 722 1729 laudationes
762 1704 830 1740 per
861 1690 939 1728 vim
979 1699 1017 1729 et
1061 1699 1209 1729 metum
1249 1704 1487 1740 comparare.
1582 1734 1583 1737 Ἴ

76 1760 136 1800 148
157 1755 279 1803 Quod
314 1754 382 1793 ubi
415 1754 598 1802 intellexi,
634 1756 801 1793 multum
833 1756 940 1805 apud
973 1756 1081 1794 illum
1116 1755 1282 1794 recentis
1315 1755 1485 1801 nuntios,
1509 1767 1547 1800 25
1572 1751 1600 1808 '⁴225

156 1822 324 1858 multum
341 1820 504 1858 tabellas
518 1833 598 1859 non
613 1821 963 1860 commendaticias
985 1823 1054 1860 sed
1072 1821 1291 1860 tributarias
1306 1821 1486 1868 valuisse,
1570 1823 1574 1832 “

154 1885 362 1923 admonitu
392 1884 566 1935 ipsorum
597 1886 928 1935 Syracusanorum
958 1885 1150 1936 impetum
1181 1886 1220 1923 in
1251 1898 1315 1924 eas
1336 1887 1488 1925 tabulas

155 1950 256 1987 facio
290 1949 330 1987 in
366 1949 510 2000 quibus
549 1958 707 1989 senatus
742 1953 966 1990 consultum
1007 1950 1321 2001 perscripserant.
1383 1953 1488 1989 Ecce

154 2023 285 2053 autem
309 2028 410 2054 nova
432 2016 546 2054 turba
565 2024 684 2066 atque
705 2015 794 2063 rixa,
818 2029 868 2055 ne
899 2023 1030 2054 tamen
1055 2016 1172 2054 istum
1194 2015 1357 2054 omnino
1378 2017 1488 2065 Syra-

156 2079 258 2118 cusis
298 2080 382 2118 sine
420 2080 568 2128 amicis,
608 2080 692 2119 sine
731 2080 965 2131 hospitibus,
997 2082 1114 2131 plane
1144 2081 1296 2119 nudum
1327 2093 1411 2119 esse
1439 2093 1485 2119 ac
1505 2092 1543 2125 30
1589 2103 1598 2133 2<

199 2194 217 2213 2
242 2189 401 2222 quaestor
419 2184 454 2216 P.
476 2184 518 2215 R.
536 2183 570 2215 R
586 2195 592 2214 :
617 2189 776 2224 quaestor
792 2183 906 2216 §Dira
1038 2185 1057 2214 8
1082 2184 1195 2215 labore
1213 2194 1288 2214 meo
1307 2183 1411 2214 multo
1429 2182 1486 2214 ΞΨ

160 2237 197 2256 10
221 2232 316 2257 acute
336 2226 416 2257 RS:
443 2228 623 2266 diligenter
638 2232 671 2258 et
689 2233 786 2259 caute
806 2229 822 2257 δ
941 2237 980 2266 19
1003 2238 1056 2258 me
1073 2228 1177 2268 suppl.
1196 2227 1265 2258 cdd.
1383 2238 1420 2257 21
1448 2237 1484 2257 ac

157 2268 240 2308 RSp
259 2281 265 2299 :
298 2276 330 2299 ct
348 2271 364 2299 δ
382 2269 524 2300 ᾹΙιιεΙῖέν
682 2282 723 2310 23
749 2272 874 2311 optime
898 2271 928 2301 ei
947 2271 1065 2302 Lamb.
1236 2272 1277 2301 :26
1302 2270 1430 2301 tabulas
1442 2272 1485 2310 pb

157 2322 195 2350 27
222 2312 514 2351 Syracusanorum
533 2314 681 2354 ipsorum
701 2313 872 2345 SALKZ:
902 2314 977 2354 Syr.
997 2325 1059 2345 om.
1077 2319 1122 2354 pq
