1600 2704
64 179 133 229 qui
151 181 379 231 proferrent,
402 185 472 224 sed
493 188 711 225 secundum
733 201 801 228 eos
822 190 889 240 qui
910 191 1088 233 dicerent
1108 202 1389 238 testamentum

62 246 209 283 factum
229 247 388 287 dedisse
403 262 414 297 3
442 262 587 300 easque
603 264 662 290 res
682 265 804 292 novas
819 255 890 294 abs
911 264 949 295 te
964 259 1134 307 prolatas
1156 269 1194 299 et
1210 261 1388 303 inventas

61 322 204 360 magno
236 311 307 350 tibi
341 314 521 362 quaestui
552 315 672 355 fuisse
703 318 786 357 scio
803 333 815 367 3
853 322 1108 373 eundemque
1147 333 1185 364 te
1224 328 1385 367 memini

58 374 255 414 censorias
285 390 445 428 quoque
474 380 578 429 leges
607 380 648 419 in
677 382 788 422 sartis
817 385 930 424 tectis
959 386 1160 438 exigendis
1191 392 1327 431 tollere
1348 402 1386 432 et

19 453 37 483 5
57 448 311 488 commutare,
331 455 380 482 ne
396 443 427 481 is
448 444 656 485 redimeret
676 446 763 486 cuia
783 461 843 488 res
863 458 977 499 esset,
1000 466 1050 491 ne
1070 454 1220 505 pupillo
1237 464 1384 497 tutores

56 504 348 556 propinquique
385 510 637 549 consulerent
675 524 756 562 quo
804 513 934 554 minus
982 517 1148 558 fortunis
1196 522 1382 561 omnibus

55 576 291 609 everteretur
307 585 318 618 ς
347 571 527 622 exiguam
555 574 661 614 diem
691 578 898 627 praefinire
927 582 1035 632 operi
1060 596 1138 633 qua
1159 593 1310 625 ceteros
1330 589 1380 627 ab

53 633 211 683 negotio
231 636 471 685 excluderes,
496 637 579 688 ipse
608 639 648 678 in
678 648 746 680 tuo
776 644 1025 695 redemptore
1053 649 1202 687 nullam
1232 660 1378 691 certam

51 697 157 736 diem
187 699 425 740 observares,
485 704 616 752 Quam
647 706 699 744 ob
729 720 810 746 rem
841 722 984 749 novam
1019 713 1145 763 legem
1180 723 1217 754 te
1247 716 1286 755 in
1314 719 1378 757 de—

0 775 32 797 10
51 761 176 801 cumis
197 763 379 804 statuisse
399 779 480 805 non
502 767 629 815 miror,
654 771 857 811 hominem
879 773 918 812 in
939 775 1078 816 edictis
1098 780 1313 829 praetoriis,
1336 783 1375 821 in

49 827 236 867 censoriis
268 829 419 879 legibus
451 839 531 870 tam
563 835 810 884 prudentem,
845 846 924 877 tam
956 842 1373 895 exercitatum,—non‚

48 890 222 941 inquam,
245 893 363 934 miror
383 903 421 934 te
440 896 590 947 aliquid
611 900 876 951 excogitasse3
905 906 974 944 sed
1000 909 1108 956 quod
1139 916 1205 948 tua
1234 921 1375 960 sponte

48 954 198 995 iniussu
245 958 382 1009 populi
430 960 515 1000 sine
554 971 712 1003 senatus
750 967 982 1007 auctoritate
1020 969 1103 1010 iura
1149 975 1374 1023 provinciae

47 1019 200 1060 Siciliae
230 1024 450 1072 mutaveris,
481 1025 522 1065 id
551 1029 808 1077 reprehendo,
840 1030 881 1070 id
913 1045 1068 1074 accuso.
1129 1037 1174 1075 L.
1205 1039 1372 1079 Octavio

0 1098 24 1129 '5
46 1092 83 1122 et
114 1085 157 1124 C.
193 1086 334 1126 Cottae
368 1089 597 1130 consulibus
631 1101 789 1132 senatus
820 1096 996 1144 permisit
1028 1108 1069 1137 ut
1104 1100 1183 1139 vini
1222 1111 1261 1141 et
1295 1105 1371 1143 olei

45 1149 232 1189 decumas
265 1159 303 1191 et
333 1153 488 1204 frugum
520 1155 772 1206 minutarum,
806 1172 903 1210 quas
941 1171 1033 1202 ante
1071 1174 1298 1215 quaestores
1330 1169 1369 1207 in

42 1212 173 1252 Sicilia
202 1217 373 1256 vendere
407 1228 674 1268 consuessent,
712 1223 868 1263 Romae
898 1228 1125 1276 venderent,
1162 1232 1369 1284 legemque

42 1278 101 1316 his
140 1279 256 1318 rebus
294 1294 414 1331 quam
453 1283 547 1333 ipsis
594 1285 791 1326 videretur
829 1290 1015 1331 dicerent.
1081 1295 1185 1334 Cum
1224 1298 1368 1338 locatio

41 1343 159 1389 fieret,
183 1344 385 1394 publicani
405 1350 652 1398 postularunt
673 1355 865 1402 quasdem
887 1369 948 1395 res
970 1365 1011 1395 ut
1031 1359 1083 1397 ad
1103 1360 1229 1409 legem
1251 1364 1369 1402 adde-

0 1421 20 1444 0
39 1415 124 1446 rent
159 1421 288 1459 neque
320 1418 452 1450 tamen
484 1425 507 1451 a
541 1414 679 1454 ceteris
720 1418 907 1458 censoriis
942 1421 1094 1471 legibus
1125 1426 1364 1466 recederent.

40 1472 189 1511 Contra
226 1473 324 1513 dixit
362 1475 394 1514 is
429 1476 496 1526 qui
537 1491 631 1518 casu
663 1487 746 1519 tum
783 1483 938 1524 Romae
969 1486 1052 1534 fuit,
1089 1495 1178 1527 tuus
1209 1491 1364 1541 hospes,

38 1537 404 1591 Verres‚—hospes,
429 1541 603 1593 inquam,
634 1553 673 1584 et
705 1547 904 1588 familiaris
934 1553 1280 1600 tuus,—Sthenius
1302 1557 1365 1595 hic

36 1602 327 1644 Thermitanus.
401 1607 596 1648 Consules
635 1623 794 1650 causam
834 1625 1084 1665 cognorunt3
1130 1632 1221 1658 cum
1262 1621 1364 1661 viros

35 1665 238 1715 primarios
267 1676 386 1720 atque
414 1672 679 1722 amplissimos
707 1675 874 1716 civitatis
909 1682 1054 1720 multos
1083 1682 1123 1721 in
1154 1685 1361 1724 consilium

0 1731 303 1781 5advocassent,
345 1735 396 1774 de
434 1737 574 1776 consili
613 1742 808 1781 sententia
854 1746 1159 1794 pronuntiarunt
1197 1761 1238 1787 se
1277 1751 1362 1801 lege

34 1794 251 1837 Hieronica
282 1800 522 1841 vendituros.
597 1805 711 1844 Itane
750 1809 875 1847 vero?
950 1811 1252 1852 Prudentissimi
1290 1816 1359 1853 viri

30 1871 184 1900 summa
216 1864 449 1905 auctoritate
479 1868 656 1917 praediti,
690 1871 835 1920 quibus
867 1883 1026 1914 senatus
1058 1878 1189 1927 legum
1227 1878 1359 1918 dicen-

28 1924 167 1963 darum
197 1925 237 1964 in
267 1928 445 1968 locandis
475 1931 731 1982 vectigalibus
761 1948 923 1976 omnem
951 1948 1188 1989 potestatem
1218 1944 1357 1992 permi-

27 1997 127 2028 serat
165 1993 417 2043 populusque
456 1996 663 2036 Romanus
710 1998 817 2039 idem
871 2001 1045 2051 iusserat,
1095 2005 1228 2045 Siculo
1275 2021 1356 2048 uno

0 2063 231 2094 >recusante
269 2069 360 2096 cum
398 2060 706 2110 amplificatione
744 2064 994 2116 vectigalium
1032 2080 1180 2109 nomen
1214 2072 1354 2113 Hiero-

21 2193 26 2195 >
70 2166 110 2187 10
132 2167 181 2196 pr.
203 2158 234 2190 Ο
250 2158 490 2201 (=praetoris:
513 2162 545 2201 ii,
567 2163 575 2193 i
596 2167 610 2202 ξ
633 2166 716 2196 106:
739 2167 829 2206 infra
848 2171 885 2207 ξς
904 2178 957 2210 25,
978 2171 1035 2211 66)
1182 2183 1221 2212 14
1245 2181 1350 2207 muta·

23 2201 111 2231 veris
130 2200 160 2231 O
175 2213 181 2231 ι
207 2203 344 2234 mutaris
362 2205 429 2236 rell.
521 2208 561 2237 16
583 2213 663 2239 ante
684 2209 723 2240 0¹
740 2221 746 2239 :
771 2216 851 2243 ante
869 2218 902 2244 te
920 2214 988 2246 rell.
1007 2216 1040 2255 (ς
1058 2225 1099 2255 43
1115 2216 1218 2256 infra}-
1312 2221 1350 2250 18

23 2243 173 2275 dicerent
191 2245 249 2276 (Οι
265 2257 271 2276 :
296 2248 468 2280 edicerent
480 2255 506 2290 p
523 2250 591 2281 rell.
736 2263 775 2284 21
802 2255 831 2285 is
848 2265 912 2287 om.
934 2257 965 2288 Ο
1094 2269 1136 2299 23
1161 2269 1350 2301 cognorunt

25 2284 75 2316 O:
100 2296 327 2327 cognoverunt
347 2292 414 2322 rell.
547 2304 589 2334 29
615 2295 790 2329 Romanus
807 2298 895 2330 idem
913 2310 978 2332 om.
999 2300 1030 2332 O

1402 733 1437 767 ¹7

1396 1049 1434 1080 18

1466 52 1505 77 ‘s

67 69 336 111 ACTIONIS
368 74 430 111 IN
461 74 506 114 c.
529 76 769 117 VERREM
801 80 1099 123 SECVNDAE
1132 88 1234 126 ΜΒ.
1259 89 1325 127 111
1369 65 1475 137 712?
