1600 2704
46 170 100 198 20
121 164 164 204 64
487 148 546 185 M.
576 141 745 181 TVLLI
777 131 1082 178 CICERONIS

124 271 174 318 Q.
207 261 401 306 Caecilius
433 262 582 309 peteret
617 253 727 301 isque
762 262 802 286 se
831 252 980 284 veteres
1015 235 1237 278 inimicitias
1271 233 1349 271 iam
1383 229 1453 269 diu

285 343 327 368 as
375 322 556 377 persequi
601 318 759 361 diceret,
804 324 895 351 curn
942 304 1151 346 auctoritas
1200 308 1237 339 et
1285 296 1454 347 dignitas

125 338 282 381 suscept

757 387 840 417 tum
875 375 940 413 illa
973 378 1053 410 erat
1085 379 1202 407 causa
1232 361 1454 405 iustissima,

127 397 282 438 Pisonis
313 392 467 432 valebat
501 385 727 438 plurimum,

68 469 109 512 65
130 463 239 515 quod
260 472 350 499 eum
372 456 445 495 sibi
468 449 618 492 Achaei
644 454 853 498 patronum
881 440 958 478 ado

130 532 193 568 lex
219 527 303 576 ipsa
331 524 381 561 de
411 516 587 570 pecuniis
615 507 841 562 repetundis
866 503 974 543 socio

133 591 269 645 populi
310 583 483 626 Romani
522 588 684 632 patrona
724 575 783 620 sit,
820 570 1000 619 iniquum
1035 571 1093 603 est
1128 574 1209 599 non

135 656 335 704 iudicique
364 657 538 689 actorem
569 645 757 683 idoneum
788 635 956 675 maxime
986 627 1113 681 putari
1144 637 1262 676 quem
1291 628 1465 659 actorem

138 733 279 761 causae
304 729 397 756 suae
422 711 517 752 socii
539 710 867 752 defensoremque
894 701 1137 736 fortunarum
1165 700 1323 728 suarum
1351 683 1468 735 potis-

140 788 283 826 simum
305 794 390 820 esse
411 779 629 816 voluerunt.
689 772 753 807 An
775 766 883 816 quod
912 763 963 801 ad
990 752 1384 798 commemorandum
1412 754 1470 785 est

141 848 361 894 honestius,
405 843 446 882 id
493 841 544 878 ad
590 833 837 887 probandum
887 840 967 865 non
1016 824 1142 862 multo
1185 816 1309 856 videri
1354 813 1472 853 debet
1496 821 1534 843 10

143 913 337 965 aequius?
393 910 490 945 Vtra
519 903 634 954 igitur
661 905 719 938 est
746 891 999 946 splendidior,
1031 894 1116 926 utra
1145 881 1342 922 inlustrior
1372 889 1474 916 com-

148 976 391 1021 memoratio,
431 966 649 1010 ‘Accusavi
689 976 779 1002 eum
818 972 882 998 cui
913 960 1097 1006 quaestor
1126 952 1286 993 fueram,
1316 944 1477 994 quicum

149 1059 213 1085 me
259 1055 341 1082 sors
387 1033 716 1080 consuetudoque
763 1024 967 1066 maiorum,
1009 1017 1170 1068 quicum
1213 1024 1277 1050 me
1315 1010 1480 1048 deorum

151 1110 439 1155 hominumque
478 1097 668 1139 iudicium
703 1087 981 1132 coniunxerat‚'
1011 1097 1061 1122 an
1095 1075 1312 1118 ‘Accusavi
1346 1088 1362 1111 r
1391 1103 1413 1122 ὓ

154 1175 351 1216 sociorum
381 1176 500 1217 atque
529 1161 758 1203 amicorum,
788 1155 964 1193 delectus
995 1160 1082 1186 sum
1111 1145 1162 1183 ab
1191 1141 1371 1181 universa
1400 1148 1484 1187 pro·
1507 1147 1544 1178 15

155 1239 285 1280 vincia
314 1234 381 1285 qui
413 1232 496 1270 eius
526 1229 609 1266 iura
643 1226 898 1268 fortunasque
928 1212 1181 1253 defenderem
1199 1207 1236 1244 ⁹?
1294 1201 1487 1242 Dubitare

396 1302 526 1349 potest
548 1291 644 1342 quin
670 1284 874 1326 honestius
895 1282 943 1319 sit
965 1289 1101 1317 eorum
1122 1285 1239 1312 causa
1260 1268 1367 1319 apud
1387 1277 1488 1315 quos

575 1368 639 1394 am
660 1364 751 1392 eum
773 1348 883 1388 cuius
905 1349 1089 1395 quaestor
1110 1336 1226 1376 fueris
1246 1331 1460 1373 accusare?

789 1410 917 1451 vitatis
947 1403 1192 1456 temporibus
1222 1395 1382 1449 optimis
1415 1395 1492 1431 hoc

1038 1468 1219 1511 ucebant,
1251 1463 1301 1502 ab
1335 1457 1495 1508 hospiti·
1517 1469 1556 1491 20

1208 1541 1310 1580 quae
1337 1525 1377 1564 in
1405 1522 1498 1562 ami-

962 441 1126 486 ptarant.
1186 427 1345 468 Etenim
1368 436 1459 463 cum

978 513 1063 539 rum
1093 504 1212 546 atque
1243 491 1461 531 amicorum
1483 498 1500 529 5

1243 570 1334 597 eum
1368 553 1462 603 legis

159 1306 369 1357 quisquam

162 1375 346 1422 quaestor
367 1361 496 1407 fueris,
520 1370 572 1408 qu

101 1441 144 1474 66
220 1426 436 1474 Clarissimi
466 1423 536 1463 viri
567 1426 722 1459 nostrae
752 1416 786 1453 ci

165 1499 240 1539 sibi
270 1490 557 1544 amplissimum
587 1479 975 1535 pulcherrimumque
1008 1471 1035 1510 d

166 1567 241 1605 bus
271 1557 561 1604 clientibusque
592 1549 681 1595 suis,
704 1546 755 1584 ab
782 1540 921 1582 exteris
948 1533 1186 1578 nationibus,

169 1629 302 1670 citiam
341 1620 477 1675 populi
517 1614 690 1656 Romani
726 1609 1006 1654 dicionemque
1039 1605 1181 1643 essent,
1216 1592 1375 1632 iniurias
1415 1601 1500 1639 pro-

171 1695 326 1745 pulsare
353 1695 570 1733 eorumque
598 1681 773 1717 fortunas
801 1670 1024 1711 defendere.
1084 1664 1142 1701 M.
1167 1661 1363 1700 Catonem
1390 1654 1500 1692 illum

174 1757 413 1808 Sapientem,
454 1744 713 1787 clarissimum
752 1738 877 1777 virum
922 1740 960 1772 et
1008 1724 1370 1781 prudentissimum,
1410 1729 1501 1756 cum

178 1821 310 1862 multis
372 1814 497 1867 gravis
555 1805 778 1848 inimicitias
845 1798 1010 1851 gessisse
1066 1790 1290 1841 accepimus
1346 1790 1504 1835 propter
1525 1789 1565 1821 25

118 1898 160 1941 67
182 1888 469 1937 Hispanorum,
505 1875 611 1927 apud
643 1883 742 1922 quos
782 1866 920 1907 consul
959 1864 1094 1905 fuerat,
1130 1853 1299 1895 iniurias.
1369 1850 1507 1897 Nuper

183 1956 256 1994 Cn.
299 1945 521 1987 Domitium
560 1939 707 1980 scimus
752 1936 808 1972 M.
850 1931 983 1971 Silano
1021 1925 1127 1965 diem
1166 1919 1308 1960 dixisse
1351 1920 1509 1965 propter

184 2018 300 2057 unius
334 2009 507 2052 hominis
541 1999 811 2055 Aegritomari,
845 1992 997 2048 paterni
1031 1987 1147 2029 amici
1179 1993 1297 2034 atque
1330 1977 1509 2028 hospitis,

416 2077 559 2124 Neque
584 2069 690 2109 enim
718 2063 840 2115 magis
866 2060 1020 2099 animos
1047 2051 1255 2092 hominum
1282 2042 1512 2084 nocentium

123 2101 167 2128 21
186 2081 356 2122 iniurias.

1001 2124 1098 2160 haec
1130 2115 1323 2155 maiorum
1353 2119 1515 2147 consue·
1534 2113 1575 2144 30

187 2162 247 2188 res
279 2155 469 2194 umquam
499 2140 578 2178 ulla
607 2129 822 2174 commovit
852 2138 971 2177 quam

233 2261 253 2281 2
277 2259 313 2280 ac
332 2247 373 2277 πί)
493 2253 512 2283 3
531 2250 631 2272 causa
644 2241 715 2268 erat
729 2232 807 2272 621<
925 2239 945 2268 9
960 2225 1080 2257 volunt
1093 2222 1121 2252 L
1242 2226 1280 2253 14
1293 2212 1516 2244 coniunxerat

186 2301 248 2336 pr:
274 2296 348 2323 -ant
366 2290 429 2320 ΒΨ
575 2294 612 2313 21
640 2279 787 2312 amicitia
806 2300 812 2306 .
833 2298 840 2305 .
862 2298 868 2304 .
886 2272 1086 2307 dicioneque
1104 2263 1150 2294 A.
1168 2256 1337 2292 Eberhard
1477 2261 1516 2280 22

193 2342 308 2370 essent
331 2332 417 2365 codd.
444 2330 482 2370 (ii
499 2332 512 2367 ξ
529 2329 569 2365 67
589 2338 595 2357 :
622 2336 642 2355 v
661 2327 676 2361 ξ
695 2322 749 2361 98ἶ
772 2332 778 2350 t
803 2312 1008 2364 (receptae)
1033 2312 1149 2341 essent
1166 2302 1283 2335 Novak
1301 2313 1307 2331 :
1342 2297 1519 2329 venissent

194 2381 260 2413 cod,
279 2380 319 2421 (².)
343 2375 454 2407 Vrsini
563 2380 601 2409 27
629 2368 672 2398 M.
693 2365 832 2396 Holom.
853 2371 867 2391 e
884 2362 914 2389 il.
938 2360 952 2395 ξ
976 2355 1057 2385 118:
1081 2350 1210 2383 decimo
1228 2346 1262 2376 D
1279 2344 1322 2376 al.
1338 2348 1387 2383 pr.
