1600 2704
62 135 199 173 39100
500 109 556 146 M.
588 102 756 143 TVLLI
789 90 1094 138 CICERONIS

138 230 326 285 particula
355 222 644 272 investigamus,
677 211 956 253 redundarunt,
977 203 1071 242 hinc
1099 198 1197 238 ratio
1231 207 1321 234 curn
1353 193 1401 240 Q.
1425 197 1463 228 et

141 301 214 339 Cn.
238 288 436 334 Postumis
458 283 602 327 Curtiis
630 277 762 318 multis
792 270 1032 314 nominibus,
1055 275 1223 316 quorum
1251 259 1292 297 in
1321 253 1464 295 tabulis

142 365 214 402 iste
251 360 371 399 habet
411 354 563 393 nullum
582 362 592 396 3
637 344 730 384 hinc
770 341 843 378 HS
881 342 1018 386 quater
1055 328 1216 370 deciens
1254 326 1297 362 P.
1337 318 1466 359 Tadio

144 433 393 467 numeratum
428 414 596 458 Athenis
631 407 796 448 testibus
826 404 989 454 planum
1016 394 1157 435 faciam
1172 406 1183 440 3
1214 389 1309 428 hinc
1336 390 1470 434 empta

146 489 388 542 apertissime
421 488 611 534 praetura,
642 471 717 512 nisi
746 472 846 508 forte
878 465 920 504 id
950 462 1069 502 etiam
1097 455 1265 498 dubium
1291 458 1362 497 est,
1391 459 1472 498 quo
1491 461 1509 493 5

68 572 125 597 101
149 557 271 595 modo
292 554 364 591 iste
392 554 547 600 praetor
568 544 693 580 factus
723 535 783 574 sit.
843 533 983 570 Homo
1011 523 1159 564 scilicet
1186 526 1254 559 aut
1282 511 1474 555 industria

150 628 217 660 aut
250 630 370 668 opera
402 612 568 665 probata
596 612 663 644 aut
694 595 924 650 frugalitatis
955 586 1242 631 existimatione
1279 579 1476 632 praeclara

152 693 219 724 aut
248 681 430 730 denique,
453 676 494 714 id
524 671 634 723 quod
658 663 901 706 levissimum
930 665 1000 704 est,
1021 651 1268 695 adsiduitate,
1290 644 1360 696 qui
1386 650 1478 681 ante

154 755 404 800 quaesturam
438 752 529 780 curn
559 729 828 774 meretricibus
856 721 1146 768 lenonibusque
1174 712 1342 756 vixisset,
1365 719 1480 758 quae-

157 823 303 853 sturam
332 810 386 848 ita
414 804 596 858 gessisset
625 808 743 848 quem
773 793 825 831 ad
850 789 1018 828 modurn
1043 777 1294 832 cognovistis,
1327 776 1481 811 Romae
1503 781 1544 805 ιο

159 886 248 930 post
277 881 528 927 quaesturam
558 866 666 904 illam
700 856 888 899 nefariam
919 851 984 890 vix
1020 847 1194 886 triduum
1231 838 1482 881 constitisset,

161 945 304 982 absens
342 951 423 977 non
457 935 497 972 in
536 927 737 970 oblivione
774 918 959 960 iacuisset
997 913 1068 952 sed
1104 910 1146 947 in
1183 905 1351 945 adsidua
1383 913 1487 939 com-

164 1003 449 1046 memoratione
465 995 649 1037 omnibus
665 987 844 1029 omnium
858 979 1092 1032 flagitiorum
1104 973 1251 1017 fuisset,
1268 969 1300 1007 is
1316 971 1488 1016 repente,

166 1081 209 1111 ut
243 1073 414 1109 Romam
447 1061 564 1108 venit,
599 1054 729 1108 gratiis
767 1056 921 1102 praetor
958 1046 1085 1083 factus
1122 1046 1192 1078 est.
1249 1033 1339 1073 Alia
1376 1040 1492 1080 porro

167 1134 336 1188 pecunia
366 1144 416 1170 ne
446 1130 692 1168 accusaretur
722 1119 824 1157 data.
884 1109 960 1152 Cui
991 1107 1040 1146 sit
1070 1107 1173 1149 data,
1205 1098 1304 1138 nihil
1336 1096 1388 1135 ad
1417 1106 1495 1139 me,
1516 1104 1554 1137 ¹5

170 1201 268 1241 nihil
296 1199 348 1237 ad
375 1207 457 1234 rem
487 1188 679 1242 pertinere
706 1181 898 1222 arbitror:
939 1175 1072 1213 datam
1101 1167 1264 1219 quidem
1292 1174 1379 1201 esse
1411 1166 1496 1196 tum

91 1284 152 1307 102
173 1268 272 1305 inter
301 1259 431 1302 omnis
459 1252 606 1295 recenti
634 1245 793 1298 negotio
822 1241 936 1281 facile
961 1234 1178 1277 constabat.
1239 1230 1379 1267 Homo
1408 1223 1498 1262 stul-

175 1330 324 1370 tissime
362 1332 400 1363 et
438 1315 720 1361 amentissime,
756 1309 910 1348 tabulas
947 1315 1039 1342 cum
1078 1298 1292 1338 conficeres
1331 1298 1371 1330 et
1408 1300 1499 1326 cum

175 1386 500 1435 extraordinariae
521 1379 712 1435 pecuniae
731 1374 881 1414 crimen
910 1366 1178 1414 subterfugere
1197 1360 1328 1404 velles,
1351 1353 1444 1394 satis
1463 1360 1502 1391 te

176 1462 400 1508 elapsurum
421 1448 531 1490 omni
559 1441 783 1494 suspicione
803 1434 1041 1476 arbitrabare
1062 1428 1106 1475 si,
1128 1425 1272 1477 quibus
1292 1417 1503 1472 pecuniam
1525 1429 1565 1453 πο

178 1521 380 1567 credebas,
400 1516 446 1555 iis
476 1520 691 1563 expensum
724 1517 807 1543 non
837 1502 966 1544 ferres,
1002 1505 1133 1543 neque
1163 1490 1204 1528 in
1235 1496 1321 1526 tuas
1352 1484 1506 1524 tabulas

180 1591 304 1628 ullum
337 1593 485 1622 nomen
518 1577 692 1620 referres,
725 1582 816 1609 curn
850 1572 909 1604 tot
937 1560 1010 1601 tibi
1043 1555 1271 1597 nominibus
1300 1555 1508 1599 acceptum

183 1651 308 1694 Curtii
346 1644 559 1688 referrent?
620 1637 729 1687 Quid
767 1633 951 1685 proderat
989 1624 1062 1665 tibi
1103 1630 1142 1661 te
1180 1628 1398 1670 expensum
1435 1611 1510 1650 illis

185 1731 266 1757 non
306 1712 469 1753 tulisse?
524 1720 575 1746 an
613 1702 690 1742 tuis
729 1698 821 1738 solis
860 1691 1003 1734 tabulis
1042 1697 1081 1728 te
1119 1696 1280 1726 causam
1313 1679 1511 1720 dicturum

188 1776 446 1821 existimasti?
1535 1752 1574 1784 25

110 1827 170 1916 ἓξ
243 1848 391 1884 Verum
422 1841 474 1879 ad
511 1838 617 1876 illam
651 1834 728 1872 iam
762 1826 966 1867 veniamus
1004 1819 1243 1872 praeclaram
1281 1817 1513 1862 praeturam,

191 1910 434 1958 criminaque
474 1917 519 1943 ea
558 1912 659 1951 quae
691 1894 846 1936 notiora
885 1895 976 1928 sunt
1014 1884 1075 1924 his
1113 1880 1183 1932 qui
1219 1878 1364 1918 adsunt
1397 1883 1519 1922 quarn

193 1975 307 2016 nobis
339 1971 406 2024 qui
441 1965 618 2008 meditati
657 1963 710 2001 ad
747 1957 963 1999 dicendum
996 1947 1200 2001 paratique
1233 1940 1412 1981 venimus
1428 1951 1438 1984 3
1479 1934 1520 1972 in

196 2041 339 2092 quibus
369 2050 451 2076 non
483 2031 623 2073 dubito
662 2025 758 2077 quin
796 2018 1056 2061 offensionem
1095 2005 1363 2061 neglegentiae
1401 2001 1523 2040 vitare

246 2154 259 2173 1
286 2141 371 2173 ratio
390 2142 430 2176 ,ᾧ
443 2158 449 2166 -
461 2140 492 2174 Q.
515 2140 687 2176 postumus
705 2133 818 2160 curtus
835 2122 979 2163 SDpAal.
1070 2128 1090 2156 4
1114 2116 1289 2146 numerata
1306 2105 1394 2140 codd.
1413 2117 1420 2135 :
1444 2114 1521 2135 corr.

204 2187 344 2217 Gronov.
366 2184 410 2223 (pii,
435 2185 472 2219 ἐξ
491 2191 541 2218 20,
563 2179 619 2217 503¹
771 2173 809 2202 18
833 2177 908 2199 cum
926 2167 1016 2205 (rante
1038 2159 1172 2195 confic.)
1189 2166 1256 2187 om.
1273 2152 1338 2183 SD
1485 2156 1527 2176 20

205 2230 366 2261 arbitrare
379 2226 448 2266 pGl
539 2232 575 2252 21
602 2220 654 2251 his
672 2217 757 2256 SDp
771 2214 813 2246 al.
916 2219 957 2240 22
981 2214 1107 2238 nomen
1123 2201 1226 2232 uuum
1243 2209 1285 2238 qr
1381 2189 1528 2224 nominis

205 2272 270 2304 SD
393 2280 433 2306 24
457 2267 584 2298 solius?
612 2261 723 2292 Muell.
851 2256 894 2285 26
917 2251 1009 2283 habet
1029 2254 1052 2290 p
1079 2248 1114 2278 in
1140 2254 1207 2285 mg.
1235 2242 1313 2272 hinc
1339 2236 1459 2275 incipit
1487 2233 1529 2262 de

208 2319 364 2356 praetura
390 2312 536 2342 urbana:
571 2306 619 2338 D2
647 2303 794 2335 admissa
825 2300 859 2329 in
892 2300 1049 2337 praetura
1077 2290 1211 2322 urbana,
1248 2283 1348 2316 tertia
1378 2288 1456 2320 pars
1483 2274 1529 2306 di-

207 2358 347 2389 visionis
437 2364 477 2392 29
501 2352 580 2390 quin
594 2355 655 2389 pr:
679 2346 758 2385 quid
776 2344 808 2373 in
827 2340 891 2371 SD
907 2339 948 2370 al.
