1600 2704
101 126 149 164 37

96 394 148 440 38

105 454 144 484 82

80 2087 135 2178 383
210 2100 262 2135 At
295 2099 372 2136 hoc
411 2097 538 2134 solum
570 2096 744 2134 Africani
779 2103 1082 2134 monumentum
1113 2095 1276 2134 violasti.

173 124 210 153 81
541 117 597 155 M.
629 116 798 154 TVLLI
830 114 1138 156 CICERONIS

172 227 414 273 miserorum,
438 227 532 266 odio
553 226 822 276 improborum
841 240 851 274 3
880 239 983 276 quae
1008 225 1193 277 cognatio
1222 226 1442 266 studiorum
1462 234 1501 266 et

169 291 310 330 artium
340 303 464 341 prope
493 291 658 328 modum
689 304 770 329 non
799 291 931 330 minus
961 299 1019 330 est
1048 292 1261 331 coniuncta
1287 304 1406 342 quam
1428 291 1501 330 ista

169 369 246 406 qua
267 369 337 394 vos
357 355 610 394 delectamini
631 356 783 405 generis
804 363 843 394 et
865 355 1048 394 nominis.

223 422 380 470 Repeto
432 420 502 457 abs
556 427 604 466 te,
655 421 808 466 Verres,
866 428 1171 459 monumentum
1220 421 1262 459 P.
1313 420 1496 459 Africani.

170 485 343 524 Causam
380 483 600 522 Siculorum
646 496 767 533 quam
797 484 953 534 suscepi
987 484 1178 534 relinquo,
1215 484 1405 522 iudicium
1449 486 1500 523 de
1521 499 1537 531 5

166 549 346 599 pecuniis
394 547 623 597 repetundis
672 561 722 586 ne
761 549 809 586 sit
849 550 925 587 hoc
964 556 1151 599 tempore,
1194 549 1498 598 Segestanorum

166 613 328 651 iniuriae
358 614 636 662 neglegantur:
667 611 771 650 basis
793 614 834 650 P.
859 612 1055 662 Scipionis
1083 614 1318 660 restituatur,
1351 626 1497 652 nomen

165 677 298 715 invicti
320 676 566 726 imperatoris
596 675 803 723 incidatur,
826 676 981 727 signum
1008 677 1315 727 pulcherrimum
1339 678 1499 716 Cartha-

163 741 253 792 gine
283 749 441 792 captum
473 748 695 791 reponatur.
758 742 874 780 Haec
904 742 975 780 abs
1005 749 1043 780 te
1070 755 1151 781 non
1182 742 1402 780 Siculorum
1434 743 1498 781 de-

163 808 305 853 fensor,
337 819 418 844 non
449 813 538 844 tuus
568 813 783 852 accusator,
808 818 889 844 non
911 806 1113 856 Segestani
1140 807 1351 856 postulant,
1376 808 1446 846 sed
1467 806 1498 846 is
1522 819 1559 842 10

163 871 230 921 qui
264 872 423 910 laudern
455 870 700 920 gloriamque
740 872 781 908 P.
817 870 992 909 Africani
1037 871 1226 909 tuendam
1267 883 1498 909 conservan-

162 938 336 986 damque
375 935 557 985 suscepit.
619 936 713 973 Non
752 947 889 974 vereor
927 948 977 974 ne
1025 936 1102 974 hoc
1150 935 1323 974 officium
1360 948 1496 979 ‚meum

162 1003 203 1039 P.
229 1001 392 1040 Servilio
421 1000 541 1039 iudici
571 1013 653 1039 non
684 1000 862 1050 probem,
895 999 962 1050 qui
992 1013 1083 1039 cum
1114 1013 1173 1038 res
1201 999 1390 1038 maximas
1415 1013 1497 1050 ges-

161 1066 251 1105 serit
274 1072 613 1114 monumentaque
639 1078 798 1103 suarum
827 1078 956 1103 rerum
986 1072 1182 1115 gestarum
1213 1078 1302 1103 cum
1326 1064 1495 1104 maxime

159 1130 374 1170 constituat
407 1137 526 1180 atque
560 1129 599 1167 in
646 1129 691 1168 iis
721 1130 895 1168 elaboret
925 1131 1102 1182 profecto
1142 1131 1247 1168 volet
1281 1131 1379 1168 haec
1413 1142 1494 1168 non
1518 1143 1554 1175 15

161 1198 289 1235 solum
320 1195 400 1234 suis
429 1194 594 1244 posteris
619 1207 755 1233 verum
785 1193 904 1233 etiam
933 1194 1119 1233 omnibus
1146 1194 1235 1232 viris
1266 1193 1431 1232 fortibus
1456 1202 1494 1232 et

159 1260 274 1299 bonis
304 1259 456 1298 civibus
486 1259 752 1305 defendenda,
784 1271 865 1297 non
887 1258 1093 1309 spolianda
1114 1258 1303 1309 improbis
1325 1259 1489 1297 tradere.

158 1326 251 1363 Non
273 1336 408 1362 vereor
429 1336 478 1362 ne
499 1322 581 1370 tibi,
601 1322 648 1369 Q.
670 1323 825 1370 Catule,
838 1322 1054 1373 displiceat,
1074 1323 1183 1361 cuius
1204 1321 1491 1372 amplissimum

157 1389 242 1428 orbi
290 1396 478 1427 terrarum
526 1387 868 1437 clarissimumque
909 1394 1213 1426 monumentum
1262 1394 1331 1433 est,
1372 1399 1491 1436 quam

156 1452 346 1504 plurimos
385 1465 471 1491 esse
502 1452 687 1490 custodes
729 1458 1077 1490 monumentorum
1107 1458 1145 1490 et
1193 1458 1329 1501 putare
1362 1450 1492 1488 omnis
1514 1465 1578 1488 κο»

157 1519 286 1557 bonos
316 1516 468 1556 alienae
497 1516 642 1566 gloriae
673 1515 947 1555 defensionem
976 1517 1027 1554 ad
1048 1515 1221 1554 officium
1243 1528 1358 1553 suurn
1379 1515 1492 1564 perti-

155 1595 260 1621 nere.
323 1581 522 1631 Equidem
571 1580 710 1619 ceteris
759 1580 869 1618 istius
917 1580 1028 1618 furtis
1075 1587 1195 1630 atque
1243 1579 1396 1630 flagitiis
1440 1580 1492 1618 ita

155 1659 316 1685 moveor
336 1653 379 1684 ut
399 1658 445 1683 ea
465 1645 793 1695 reprehendenda
813 1651 967 1682 tantum
987 1651 1123 1694 putem
1143 1658 1153 1691 ;
1182 1643 1246 1682 hic
1267 1657 1359 1683 vero
1380 1651 1491 1682 tanto

155 1711 291 1749 dolore
311 1709 475 1748 adficior
491 1716 533 1747 ut
550 1709 647 1747 nihil
665 1708 761 1746 mihi
783 1708 991 1758 indignius,
1010 1708 1107 1746 nihil
1128 1707 1258 1746 minus
1280 1709 1485 1747 ferendum

155 1788 240 1813 esse
266 1773 455 1813 videatur.
513 1775 655 1812 Verres
684 1772 858 1811 Africani
890 1772 1157 1812 monumentis
1183 1773 1347 1811 domum
1376 1786 1486 1812 suam
1510 1786 1547 1818 25

154 1841 312 1889 plenam
342 1837 475 1888 stupri,
510 1839 669 1888 plenam
703 1837 834 1887 flagiti,
872 1839 1030 1888 plenam
1064 1837 1270 1876 dedecoris
1302 1837 1487 1876 ornabit?

154 1906 295 1943 Verres
329 1902 675 1954 temperantissimi
714 1901 1030 1953 sanctissimique
1063 1902 1133 1941 viri
1167 1908 1483 1949 monumentum,

156 1969 309 2008 Dianae
337 1968 590 2007 simulacrum
610 1966 779 2018 virginis,
802 1966 844 2006 in
867 1980 914 2007 ea
940 1968 1063 2006 domo
1086 1966 1311 2006 conlocabit
1339 1966 1379 2004 in
1409 1979 1486 2017 qua

156 2046 309 2082 semper
331 2031 580 2071 meretricum
601 2032 875 2082 lenonumque
896 2031 1040 2081 flagitia
1060 2032 1293 2070 versantur?

153 2174 176 2199 a
209 2160 486 2209 Tyndaritanis
524 2172 604 2198 non
643 2158 821 2198 eiusdem
860 2159 1054 2210 Scipionis
1086 2158 1280 2198 beneficio
1313 2158 1484 2208 positum

154 2224 404 2263 simulacrum
447 2223 618 2262 Mercuri
658 2223 920 2274 pulcherrime
960 2226 1106 2279 factum
1156 2223 1377 2262 sustulisti?
1434 2225 1485 2262 At

201 2336 239 2365 15
265 2326 392 2357 laboret
409 2325 460 2356 Su
482 2326 531 2365 ‘cf
551 2336 581 2361 v,
606 2329 643 2363 ἐξ
667 2327 736 2365 126,
763 2327 830 2365 158,
856 2326 930 2365 188)
1057 2330 1094 2358 16
1118 2328 1186 2358 suis
1205 2338 1267 2358 om.
1285 2331 1330 2366 pq
1446 2327 1484 2356 18

155 2370 195 2408 Q.
217 2380 281 2400 om.
295 2375 340 2408 pq
475 2379 513 2407 19
538 2369 569 2398 in
588 2369 669 2399 orbe
682 2371 725 2409 p&
849 2380 891 2410 29
916 2371 1140 2410 lenonumque
1154 2373 1215 2410 pB:
1243 2371 1400 2400 lenonum
1420 2368 1485 2400 RS

154 2424 192 2453 31
223 2422 335 2443 nonne
355 2412 416 2451 Lg.
435 2422 474 2450 42
495 2414 548 2449 &s
572 2422 619 2450 197
641 2413 698 2452 93)

1348 2095 1486 2143 Quid?
1505 2107 1545 2139 30

1572 1521 1577 1573 g

1571 1589 1575 1623 l

1569 1626 1574 1760 l

1568 1792 1572 1827 l

1564 1845 1570 1973 ff

1563 1976 1568 2047 ὲ

1560 2052 1566 2190 l

1556 2269 1561 2368 l

1554 2369 1560 2447 l

1554 2452 1558 2506 l

1550 2534 1557 2589 i

1549 2603 1560 2679 ἐ.
