1600 2704
410 124 472 162 IN
503 125 551 173 Q.
585 127 902 169 CAECILIVM
935 134 1153 176 ORATIO
1399 112 1505 191 17-53⁴

107 228 310 269 adiudicat
323 245 334 279 3
361 232 507 273 deinde
529 235 634 275 bona
653 240 798 287 vendit,
821 243 1031 291 pecuniam
1052 247 1202 297 redigit.
1264 251 1324 289 Ita
1345 253 1441 291 dum

108 306 235 343 pauca
254 297 450 348 mancipia
466 300 631 340 Veneris
651 304 814 343 nomine
830 308 980 356 Agonis
1000 322 1046 348 ac
1067 311 1254 362 religione
1275 315 1442 356 retinere

106 360 200 406 vult,
222 360 398 401 fortunas
427 365 556 404 omnis
586 366 887 421 libertatemque
914 386 1024 412 suam
1053 375 1163 415 istius
1191 377 1331 418 iniuria
1358 394 1441 430 per—

105 421 217 461 didit.
287 425 519 476 Lilybaeum
560 432 700 471 Verres
739 434 846 473 venit
888 446 1052 487 postea3
1098 454 1180 479 rem
1220 446 1436 493 cognoscit,

65 498 84 529 5
104 487 251 525 factum
280 488 488 540 improbat,
518 494 622 545 cogit
646 506 895 546 quaestorem
925 514 1040 541 suum
1071 506 1292 554 pecuniam,
1317 522 1436 559 quarn

102 564 150 588 ex
187 553 381 602 Agonidis
422 557 536 596 bonis
574 562 798 611 redegisset,
840 578 928 604 eam
968 568 1120 607 mulieri
1164 584 1325 611 omnem
1370 576 1437 614 ad-

102 629 308 657 numerare
346 628 385 659 et
422 624 597 663 reddere.
671 629 742 666 Est
783 631 926 679 adhuc,
968 632 1008 671 id
1047 637 1157 684 quod
1196 650 1265 676 vos
1305 639 1434 679 omnis
1454 651 1496 686 57

99 682 283 722 admirari
312 685 438 734 video,
471 702 551 727 non
581 692 732 740 Verres,
767 697 837 734 sed
868 697 916 745 Q.
951 699 1121 739 Mucius.
1183 703 1291 752 Quid
1327 706 1433 744 enim

99 745 226 785 facere
275 750 405 798 potuit
456 754 672 803 elegantius
723 759 775 797 ad
827 761 1035 801 hominum
1086 765 1429 818 existimationem,

39 823 79 845 10
98 811 262 860 aequius
282 815 333 852 ad
359 816 567 856 levandam
593 821 764 861 mulieris
785 826 1061 875 calamitatem,
1084 832 1359 872 vehementius
1378 837 1430 874 ad

97 878 314 924 quaestoris
353 879 558 921 libidinem
598 889 892 928 coercendam?
957 893 1120 933 Summe
1159 897 1257 936 haec
1295 900 1430 938 omnia

95 940 192 979 mihi
223 942 407 982 videntur
437 959 522 986 esse
556 950 765 990 laudanda.
825 955 903 992 Sed
938 966 1099 1006 repente
1133 972 1154 997 e
1186 962 1350 1011 vestigio
1381 978 1428 1002 ex

94 1005 257 1046 homine
285 1016 486 1060 tamquam
512 1012 646 1063 aliquo
667 1015 832 1056 Circaeo
857 1022 1005 1068 poculo
1031 1023 1157 1062 factus
1182 1034 1240 1063 est
1261 1028 1427 1077 Yerres3

93 1071 208 1109 rediit
238 1074 289 1112 ad
321 1087 363 1113 se
393 1083 512 1126 atque
544 1079 596 1116 ad
630 1092 759 1119 mores
793 1094 911 1130 suos;
953 1098 1044 1123 nam
1078 1101 1123 1125 ex
1158 1088 1223 1127 illa
1256 1094 1425 1140 pecunia

33 1145 70 1177 15
93 1148 276 1186 magnam
310 1147 461 1188 partem
489 1143 541 1180 ad
571 1155 613 1181 se
641 1144 765 1192 vertit,
798 1147 951 1186 mulieri
985 1152 1157 1191 reddidit
1186 1159 1421 1204 quantulum

89 1200 216 1239 visum
246 1210 315 1241 est.
376 1205 456 1244 Hic
485 1214 528 1244 tu
557 1207 589 1246 si
618 1210 767 1249 laesum
797 1220 836 1251 te
863 1226 887 1252 a
907 1216 1029 1255 Verre
1056 1230 1141 1257 esse
1165 1220 1274 1268 dicis,
1298 1223 1422 1271 patiar
1442 1201 1485 1239 ¹8

87 1273 126 1303 et
154 1269 373 1307 concedam
389 1285 399 1317 3
438 1271 468 1309 si
503 1272 683 1313 iniuriam
716 1276 785 1316 tibi
816 1279 959 1318 factam
989 1284 1173 1331 quereris,
1205 1287 1419 1327 defendam

86 1337 124 1368 et
143 1333 324 1381 negabo,·
353 1335 526 1386 denique
553 1340 603 1377 de
630 1339 768 1380 iniuria
790 1356 891 1392 quae
918 1345 989 1384 tibi
1016 1348 1118 1386 facta
1145 1349 1193 1388 sit
1217 1352 1419 1392 neminem

85 1403 263 1435 nostrum
294 1400 509 1448 graviorem
545 1402 717 1444 iudicem
748 1420 834 1446 esse
863 1419 1018 1459 oportet
1049 1426 1167 1462 quam
1202 1423 1240 1454 te
1274 1416 1415 1466 ipsum,

25 1473 66 1496 20
84 1460 147 1498 cui
168 1463 269 1501 facta
290 1464 442 1504 dicitur.
504 1467 543 1506 Si
571 1477 612 1507 tu
641 1483 730 1509 cum
760 1473 827 1512 illo
853 1483 990 1524 postea
1018 1477 1057 1515 in
1084 1479 1247 1528 gratiam
1269 1482 1413 1530 redisti,

83 1525 113 1563 si
153 1528 262 1566 domi
300 1529 402 1570 illius
440 1532 677 1583 aliquotiens
716 1537 832 1586 fuisti,
874 1540 904 1578 si
950 1541 1014 1581 ille
1056 1546 1163 1594 apud
1202 1553 1240 1584 te
1278 1556 1416 1596 postea

80 1593 246 1640 cenavit,
269 1603 400 1635 utrum
428 1605 466 1637 te
492 1600 748 1649 perfidiosum
777 1617 827 1642 an
855 1608 1181 1656 prevaricatorem
1202 1611 1413 1653 existimari

79 1657 232 1696 mavis?
279 1659 409 1700 Video
439 1675 524 1702 esse
553 1678 716 1705 necesse
745 1669 982 1718 alterutrum,
1007 1675 1076 1712 sed
1106 1688 1179 1725 ego
1210 1684 1341 1715 tecum
1372 1678 1411 1716 in

77 1734 126 1760 eo
147 1736 227 1761 non
248 1727 434 1775 pugnabo
456 1741 535 1778 quo
556 1731 686 1771 minus
707 1741 837 1773 utrum
859 1736 954 1775 velis
975 1738 1105 1789 eligas.

19 1802 56 1834 25
132 1788 287 1836 Quodsi
318 1804 367 1830 ne
401 1791 565 1834 iniuriae
594 1796 768 1845 quidem,
801 1812 902 1849 quae
931 1801 1001 1840 tibi
1031 1804 1082 1841 ab
1112 1803 1179 1843 illo
1210 1807 1313 1845 facta
1346 1808 1405 1854 sit,
1429 1825 1469 1858 59

75 1863 193 1890 causa
226 1864 413 1903 remanet,
447 1858 543 1908 quid
575 1861 698 1900 habes
732 1866 841 1913 quod
875 1866 1001 1915 possis
1036 1868 1166 1908 dicere
1201 1883 1318 1920 quam
1354 1873 1407 1911 ob

74 1928 156 1954 rem
186 1930 268 1956 non
297 1922 419 1960 modo
449 1922 557 1971 mihi,
584 1927 653 1964 sed
684 1927 869 1978 cuiquam
898 1935 1170 1981 anteponare?
1203 1935 1277 1973 nisi
1308 1937 1406 1975 forte

120 2029 133 2048 1
162 2019 212 2050 Ita
228 2020 284 2062 Dp
294 2026 323 2054 et
332 2023 414 2064 pler.
431 2036 438 2055 :
464 2025 528 2057 ista
545 2027 616 2066 G2L
632 2040 638 2059 :
664 2029 721 2060 illa
734 2031 777 2062 al.
797 2043 803 2061 :
828 2032 874 2062 ita
888 2033 944 2063 illa
954 2033 1113 2075 Plujgers
1202 2047 1221 2066 2
1241 2037 1403 2081 [Agonis]

72 2061 176 2102 Kays.
195 2064 316 2105 Pluyg.
338 2078 345 2097 ε
368 2067 537 2107 Agonidis
553 2070 618 2101 ΒΨ
748 2084 769 2112 9
793 2075 834 2104 ad
850 2074 1119 2120 (colligendam)
1136 2079 1223 2111 hom.
1244 2083 1343 2113 exist.
1360 2082 1400 2115 E.

70 2104 246 2147 Eberhard,
265 2108 385 2151 Pluyg.
403 2123 410 2142 :
434 2112 553 2143 malim
569 2114 611 2144 ad
628 2115 716 2146 hom.
731 2118 830 2148 exist.
851 2118 1138 2164 (conciliandam)
1287 2135 1325 2156 12
1350 2137 1401 2158 re-

69 2155 172 2186 pente
200 2161 268 2182 non
293 2151 390 2184 habet
412 2154 626 2188 Priscianus:
648 2159 716 2191 secl.
741 2159 844 2200 Kays.
874 2162 993 2204 Pluyg.
1114 2177 1132 2196 e
1158 2168 1303 2208 vestigio
1329 2181 1397 2202 om.

70 2191 288 2233 Rufinianus,
307 2197 375 2229 secl.
398 2197 519 2230 Halm.
650 2211 688 2241 13
702 2203 856 2235 -Circaeo
876 2206 936 2236 nb:
963 2207 1061 2239 Circe
1077 2209 1164 2241 DZ:
1190 2211 1319 2244 Cerceo
1338 2214 1378 2253 G,
1394 2226 1402 2246 ε

69 2234 187 2268 Circes
205 2237 318 2277 G2LK
331 2240 409 2272 Asc.
541 2254 579 2282 14
604 2246 706 2276 rediit
725 2246 765 2286 G,
781 2247 883 2280 Prisc.
902 2261 910 2280 :
934 2251 1022 2281 redit
1040 2253 1102 2284 rell.
1236 2265 1273 2295 15
1298 2259 1402 2289 vertit

68 2278 169 2318 codd„
188 2282 314 2313 averrit
339 2284 471 2325 Lamb.,
492 2287 598 2318 verrit
624 2287 752 2327 Gruter,
766 2293 889 2324 avertit
911 2292 1040 2335 Zumpt
1056 2297 1092 2334 (ii
1113 2299 1127 2335 ξ
1149 2307 1208 2337 19:
1233 2299 1266 2329 iii
1287 2303 1301 2338 ξ
1324 2303 1399 2342 137)

71 2323 111 2350 16
133 2324 217 2355 dicis
238 2325 345 2365 pG,K
366 2328 442 2360 Asc.
463 2340 471 2359 ε
495 2330 588 2361 dices
612 2331 648 2361 D
673 2337 703 2363 ct
722 2334 802 2373 pler.
926 2339 964 2368 18
989 2339 1112 2371 deinde
1141 2341 1232 2381 G1L6
1357 2354 1399 2384 25

68 2363 197 2403 Quodsi
214 2367 279 2398 ΒΨ
296 2375 325 2401 et
338 2381 418 2403 corr.
432 2378 459 2412 p
476 2384 483 2403 :
507 2375 585 2412 quid
601 2375 610 2406 2
635 2378 662 2406 si
681 2377 745 2407 rell.

1271 2441 1310 2472 2*
