1600 2704
380 98 443 136 IN
472 99 521 148 Q.
555 99 875 140 CAECILIVM
907 104 1124 146 ORATIO
1381 110 1406 148 8
1429 125 1469 157 25

76 202 223 243 iudicia
259 217 477 257 causasque
514 207 732 248 amicorum
771 218 923 260 praeter
962 213 1082 252 fidem
1121 222 1160 253 et
1203 215 1406 267 ingenium

73 269 226 307 adferre
256 278 446 320 oportere.
520 272 630 311 Nihil
662 273 733 312 erit
771 277 880 325 quod
920 290 983 315 me
1021 286 1162 328 agente
1199 280 1406 321 arbitretur

72 331 263 371 iudicium
296 333 381 374 sine
411 349 555 386 magno
589 339 802 377 multorum
837 340 1012 390 periculo
1042 355 1159 392 posse
1192 346 1400 396 corrumpi.

71 397 158 446 Ego
178 396 218 435 in
239 399 315 437 hoc
336 399 484 440 iudicio
504 401 601 439 mihi
622 402 842 442 Siculorum
864 418 1024 444 causam
1040 415 1249 458 receptam,
1265 411 1402 460 populi
1425 420 1464 451 26

32 473 50 504 5
70 461 244 500 Romani
273 472 496 515 susceptam
526 480 611 505 esse
640 467 814 516 arbitror,
838 477 880 508 ut
910 470 1007 509 mihi
1036 485 1118 510 non
1147 487 1250 512 unus
1279 476 1402 515 homo

67 524 272 576 improbus
302 528 585 578 opprimendus
619 531 678 578 sit,
701 532 742 571 id
773 535 883 583 quod
917 535 1038 574 Siculi
1067 537 1298 587 petiverunt,
1331 543 1401 580 sed

67 589 232 629 omnino
261 592 390 631 omnis
420 593 660 645 improbitas,
684 596 725 636 id
754 600 864 648 quod
893 602 1064 650 populus
1091 603 1331 642 Romanus
1321 618 1400 643 lam

66 653 134 693 diu
168 656 326 707 flagitat,
350 658 634 710 exstinguenda
667 669 787 713 atque
821 665 993 704 delenda
1023 666 1095 705 sit:
1137 667 1177 705 in
1212 681 1292 718 quo
1326 683 1399 720 ego

64 719 160 769 quid
193 720 286 759 eniti
321 730 389 761 aut
420 723 517 774 quid
548 726 700 765 efficere
734 728 894 777 possim,
927 732 1032 769 malo
1061 731 1101 769 in
1130 732 1297 772 aliorum
1329 748 1398 785 spe

7 797 45 821 10
63 784 282 836 relinquere
311 800 431 837 quam
462 788 502 827 in
532 790 709 830 oratione
739 806 827 831 mea
856 807 1013 844 ponere.

115 851 179 888 Tu
199 864 302 899 vero,
321 853 480 901 Caecili,
504 854 600 904 quid
621 858 767 905 potes?
796 871 876 907 quo
897 866 1074 910 tempore
1093 869 1161 900 aut
1182 876 1259 912 qua
1289 863 1329 902 in
1354 878 1394 904 re
1415 873 1453 908 27

61 927 142 952 non
174 917 297 955 modo
331 918 469 957 ceteris
503 919 704 969 specimen
739 922 901 972 aliquod
935 924 1091 972 dedisti,
1122 928 1193 965 sed
1225 935 1307 967 tute
1337 929 1393 968 tui

60 978 279 1028 perieulum
306 981 461 1021 fecisti?
509 985 557 1022 In
587 992 761 1024 mentem
793 986 864 1025 tibi
894 1000 974 1026 non
1000 989 1106 1028 venit
1133 991 1230 1040 quid
1260 993 1392 1043 negoti

59 1043 108 1081 sit
146 1057 305 1083 causam
339 1046 540 1096 publicam
579 1049 781 1097 sustinere,
816 1050 936 1090 vitam
976 1054 1134 1093 alterius
1173 1063 1297 1095 totam
1331 1071 1392 1096 ex-

0 1119 38 1154 15
57 1107 202 1158 plicare
220 1116 339 1160 atque
359 1123 446 1149 eam
466 1125 548 1150 non
569 1115 691 1153 modo
720 1114 760 1153 in
790 1115 931 1154 animis
960 1117 1148 1167 iudicum,
1171 1123 1241 1160 sed
1271 1122 1390 1161 etiam

55 1173 96 1211 in
117 1174 241 1213 oculis
262 1184 558 1227 conspectuque
574 1179 753 1218 omnium
771 1194 976 1231 exponere,
993 1184 1190 1224 sociorum
1207 1189 1386 1236 salutem,

54 1241 267 1278 commoda
295 1240 597 1291 provinciarum,
620 1244 698 1282 vim
729 1246 871 1296 legum,
894 1248 1122 1296 gravitatem
1150 1250 1387 1291 iudiciorum

53 1303 297 1343 defendere?
343 1306 552 1357 Cognosce
573 1321 620 1347 ex
640 1323 714 1356 me,
730 1311 919 1360 quoniam
941 1314 1017 1352 hoc
1038 1314 1208 1364 primum
1230 1324 1386 1368 tempus
1405 1325 1434 1363 9

53 1368 233 1409 discendi
264 1378 404 1410 nactus
437 1385 492 1421 es,
527 1387 647 1424 quam
681 1377 805 1414 multa
836 1390 922 1416 esse
953 1388 1131 1429 oporteat
1166 1381 1205 1419 in
1238 1395 1286 1420 eo
1317 1382 1386 1433 qui

0 1447 34 1472 ιο
51 1435 218 1473 alterum
247 1444 430 1484 accuset3
459 1451 506 1476 ex
535 1438 679 1488 quibus
709 1440 741 1479 si
771 1455 895 1480 unum
924 1443 1086 1493 aliquod
1116 1445 1156 1483 in
1183 1454 1221 1486 te
1242 1460 1385 1498 cogno-

51 1497 162 1546 veris,
185 1513 259 1550 ego
288 1500 366 1539 iam
396 1501 468 1541 tibi
497 1503 586 1553 ipse
610 1504 711 1544 istuc
740 1508 850 1557 quod
879 1509 1028 1559 expetis
1064 1523 1150 1549 mea
1181 1513 1384 1552 voluntate

49 1565 279 1604 concedam.

105 1629 281 1669 Primum
329 1632 591 1683 integritatem
639 1643 759 1686 atque
802 1638 1070 1679 innocentiam
1117 1641 1381 1692 singularem5

46 1692 144 1732 nihil
178 1703 236 1733 est
268 1696 374 1735 enim
403 1700 514 1748 quod
548 1700 678 1739 minus
713 1703 920 1742 ferendum
956 1705 1004 1743 sit
1038 1719 1157 1756 quam
1188 1708 1379 1748 rationem

0 1770 26 1802 ³5
45 1758 97 1797 ab
116 1760 239 1799 altero
259 1760 361 1801 vitae
380 1776 586 1813 reposcere
606 1779 697 1804 eum
728 1767 794 1816 qui
825 1781 906 1807 non
936 1770 1059 1819 possit
1084 1785 1177 1811 suae
1202 1775 1376 1813 reddere.

46 1822 126 1862 Hic
147 1837 220 1874 ego
241 1827 292 1864 de
320 1834 358 1865 te
385 1829 496 1877 plura
522 1843 604 1868 non
633 1830 764 1870 dicam
785 1847 791 1870 :
822 1847 945 1872 unum
975 1835 1072 1875 illud
1103 1839 1223 1876 credo
1247 1839 1376 1877 omnis
1399 1849 1438 1880 28

42 1887 219 1927 animum
239 1891 452 1939 advertere,
475 1901 513 1932 te
533 1896 665 1934 adhuc
685 1909 708 1934 a
727 1897 844 1936 nullis
866 1898 940 1937 nisi
960 1900 1011 1938 ab
1039 1900 1178 1939 Siculis
1200 1903 1376 1951 potuisse

42 1954 228 2002 cognosci
243 1969 254 2002 3
284 1956 436 1995 Siculos
457 1959 534 1997 hoc
554 1959 695 2007 dicere,
719 1975 811 2000 cum
833 1962 963 2002 eidem
986 1964 1062 2003 sint
1083 1965 1168 2004 irati
1189 1967 1252 2005 cui
1274 1975 1315 2006 tu
1337 1976 1374 2007 te

82 2066 102 2094 5
127 2067 193 2088 non
218 2068 302 2088 unus
322 2059 386 2099 prb
412 2060 516 2092 Asa:
553 2072 621 2093 non
647 2063 712 2094 nisi
737 2074 824 2095 unus
850 2065 927 2106 DG
933 2066 1015 2100 KZ:
1044 2079 1110 2100 non
1135 2074 1263 2101 tanturn
1285 2082 1373 2104 unus

42 2098 125 2138 G2.L
174 2101 223 2140 Cf
243 2112 273 2141 v,
294 2104 310 2139 §
332 2113 392 2141 170
534 2105 636 2137 homo
662 2117 727 2138 om
756 2108 836 2140 Asc.
864 2109 961 2141 Forte
983 2121 1051 2142 non
1077 2123 1163 2143 unus
1188 2114 1287 2144 modo
1313 2116 1372 2146 im-

39 2143 189 2181 probus:
222 2145 268 2176 Cl.
297 2146 377 2177 Rev.
406 2148 488 2178 xvii.
522 2150 584 2188 198
777 2161 794 2186 7
829 2154 967 2185 omnino
995 2157 1105 2186 omnis
1132 2156 1372 2190 Iannoctianus

41 2185 216 2217 Gamtoniz
245 2188 389 2229 (Zumpt
414 2190 524 2231 Praef.
554 2198 589 2232 p.
624 2194 731 2233 xxvi),
766 2194 890 2236 steph„
919 2197 1232 2232 Lamb.:om11in0
1258 2202 1369 2234 codd:

37 2230 145 2260 omnis
162 2230 240 2262 Asc.
375 2234 396 2264 8
419 2244 484 2274 ego
509 2235 587 2266 πόδτ
613 2247 680 2268 om.
706 2237 771 2268 ΒΨ
887 2250 930 2272 20
954 2241 1088 2281 aliquod
1107 2244 1195 2283 rrG:
1221 2255 1285 2275 om.
1304 2245 1369 2276 ΒΨ

37 2281 75 2302 21
101 2272 191 2304 istud
207 2274 250 2316 G2
255 2274 353 2305 LKZ
440 2289 480 2317 27
506 2280 654 2310 animum
668 2282 900 2314 adv2ertererr
919 2286 1267 2320 animadverterewll.
1275 2289 1363 2329 ,.edd

38 2318 84 2355 (v,
106 2319 121 2353 ς
143 2318 220 2357 105)
310 2320 351 2350 ab
371 2321 471 2352 nullis
482 2324 544 2363 pr&
633 2325 675 2355 ab
693 2324 816 2357 Siculis
832 2326 956 2367 DGflr:
983 2340 1001 2359 a
1019 2329 1086 2361 Sic.
1107 2335 1136 2361 Ψ
1151 2332 1229 2364 Asc.
