1600 2704
96 80 365 122 ACTIONIS
396 84 458 123 IN
488 85 532 124 c,
556 86 797 125 VERREM
828 90 1127 133 SECVNDAE
1157 97 1259 135 LIB.
1285 99 1327 136 11
1366 68 1555 150 64136*

94 192 160 242 qui
188 206 279 231 cum
303 207 325 233 a
352 203 530 245 praetore
555 198 865 248 prohiberentur,
888 215 910 239 a
935 211 1119 252 quattuor
1146 209 1420 255 quaestoribus

91 256 384 307 impedirentur,
418 261 596 301 omnium
635 263 761 303 minas
798 273 917 316 atque
955 269 1090 307 omnia
1122 271 1294 320 pericula
1328 287 1420 324 prae

90 322 215 360 salute
242 336 312 362 sua
332 324 432 363 levia
458 326 639 366 duxerint
653 343 663 375 3
692 328 760 378 qui
780 329 908 379 priore
936 332 1093 372 actione
1114 334 1167 373 ita
1194 337 1418 378 testimonia

86 385 252 434 graviter
280 389 613 441 vehementerque
645 392 812 432 dixerint
839 402 881 433 ut
914 397 1172 437 Artemonem
1199 401 1418 454 Centuripi-

49 464 63 494 5
87 463 182 489 num
204 453 375 501 legatum
399 461 436 492 et
456 455 615 504 publice
636 464 776 496 testem
799 460 847 508 Q.
873 462 1112 502 Hortensius
1132 475 1414 515 accusatorem,

85 528 165 554 non
187 523 327 555 testem
348 530 434 557 esse
454 519 611 559 diceret.
673 523 830 561 Etenim
856 524 920 563 ille
941 539 1031 564 curn
1054 537 1213 579 propter
1232 530 1414 572 virtutem

83 588 120 618 et
141 581 262 619 fidem
285 596 375 621 curn
403 586 607 634 Androne,
630 587 792 627 homine
819 590 1098 632 honestissimo
1119 603 1157 633 et
1183 596 1410 645 certissimo,

81 654 164 684 tum
182 647 301 686 etiam
322 657 481 699 propter
500 652 767 702 eloquentiam
786 655 934 703 legatus
954 670 977 694 a
997 658 1076 696 suis
1093 659 1244 699 civibus
1265 664 1413 702 electus

79 719 148 759 est,
171 719 214 750 ut
243 721 378 762 posset
407 716 551 754 multas
572 716 682 755 istius
711 725 750 756 et
770 719 894 758 varias
921 720 1080 761 iniurias
1107 737 1226 774 quam
1254 727 1411 776 apertis-

21 790 56 813 10
77 775 175 814 sime
195 776 308 815 vobis
328 778 638 830 planissimeque
659 782 861 832 explicare.

130 840 324 880 Dixerunt
354 844 571 891 Halaesini,
596 845 839 896 CatinenseS,
861 851 1130 900 Tyndaritani,
1156 856 1406 905 Hennenses,
1429 859 1484 907 65

76 905 350 955 Herbitenses,
391 909 666 959 Agyrinenses,
709 913 855 960 Netini,
902 917 1129 965 Segestani:
1177 932 1407 961 enumerare

72 970 202 1009 omnis
228 984 310 1010 non
337 980 395 1011 est
420 987 591 1014 necesse.
651 976 766 1015 Scitis
790 990 907 1028 quam
937 981 1049 1019 multi
1076 990 1114 1020 et
1142 996 1260 1033 quam
1284 988 1407 1024 multa

70 1034 199 1084 priore
241 1036 397 1076 actione
439 1038 629 1078 dixerint:
673 1054 779 1079 nunc
817 1050 855 1080 et
894 1043 947 1081 illi
995 1054 1033 1083 et
1077 1047 1215 1097 reliqui
1258 1049 1404 1089 dicent.

13 1115 49 1148 15
73 1099 226 1138 Omnes
260 1101 433 1152 denique
463 1103 539 1141 hoc
570 1103 610 1142 in
641 1105 713 1143 hac
743 1118 861 1144 causa
891 1107 1129 1159 intellegent,
1164 1112 1238 1150 hoc
1270 1114 1404 1154 animo
1431 1126 1486 1160 ¹57

69 1176 156 1203 esse
187 1164 340 1204 Siculos
375 1174 427 1213 ut,
463 1166 493 1205 si
526 1166 566 1205 in
601 1167 718 1207 istum
752 1170 1070 1212 animadversum
1106 1188 1187 1214 non
1227 1177 1286 1222 sit,
1329 1180 1402 1218 sibi

67 1229 345 1280 relinquendas
366 1232 509 1271 domos
529 1245 575 1271 ac
596 1234 709 1273 sedes
735 1248 824 1274 suas
845 1244 882 1275 et
903 1250 949 1275 ex
971 1238 1102 1277 Sicilia
1122 1241 1399 1283 decedendum

64 1302 184 1344 atque
211 1296 314 1335 adeo
343 1296 573 1347 fugiendum
604 1312 690 1338 esse
719 1300 964 1340 arbitrentur.
1028 1306 1115 1343 Hos
1146 1307 1327 1347 homines
1359 1318 1399 1348 tu

63 1361 318 1410 persuadebis
338 1363 390 1400 ad
411 1363 603 1402 honorem
623 1371 742 1415 atque
761 1366 1063 1416 amplitudinem
1082 1377 1188 1408 tuam
1210 1374 1398 1421 pecunias

6 1442 44 1464 20
63 1425 251 1464 maximas
282 1428 484 1467 voluntate
514 1442 584 1467 sua
613 1430 856 1470 contulisse?
913 1434 1056 1481 Credo,
1089 1436 1157 1485 qui
1192 1446 1230 1476 te
1260 1438 1299 1476 in
1331 1447 1397 1478 tua

60 1489 217 1530 civitate
239 1491 481 1531 incolumem
503 1508 588 1532 esse
610 1496 770 1543 nollent,
795 1496 833 1535 hi
856 1507 1116 1539 monumenta
1136 1508 1226 1541 tuae
1247 1504 1396 1544 formae

59 1568 105 1594 ac
125 1556 297 1595 nominis
318 1556 358 1595 in
380 1557 459 1596 suis
489 1558 712 1598 civitatibus
733 1574 818 1600 esse
839 1562 1062 1612 cupiebant.
1124 1567 1205 1605 Res
1226 1569 1395 1608 declara-

60 1619 115 1658 bit
144 1628 187 1659 ut
214 1621 417 1672 cupierint.
480 1624 564 1661 Iam
595 1625 747 1663 dudum
777 1626 883 1665 enim
911 1627 1007 1666 mihi
1035 1629 1201 1669 nimium
1227 1634 1394 1673 tenuiter

59 1684 280 1724 Siculorum
319 1700 409 1737 erga
443 1695 481 1726 te
514 1690 726 1728 voluntatis
759 1700 989 1741 argumenta
1028 1694 1210 1745 colligere
1243 1698 1389 1746 videor,

0 1766 37 1798 25
59 1757 188 1788 utrum
209 1758 357 1790 statuas
378 1753 571 1792 voluerint
592 1753 663 1793 tibi
684 1763 853 1795 statuere
873 1770 923 1794 an
945 1759 1070 1796 coacti
1093 1760 1179 1799 sint.

113 1816 174 1853 De
213 1828 292 1865 quo
326 1817 403 1855 hoc
437 1818 599 1857 homine
632 1819 811 1858 auditum
845 1829 902 1859 est
937 1836 1138 1873 umquam,
1175 1829 1284 1876 quod
1319 1829 1389 1868 tibi
1414 1840 1472 1878 158

54 1878 210 1926 accidit,
232 1887 275 1918 ut
295 1880 378 1919 eius
399 1881 439 1919 in
460 1883 661 1932 provincia
684 1892 835 1924 statuae
856 1886 895 1924 in
917 1887 1012 1926 locis
1034 1890 1202 1939 publicis
1223 1893 1385 1941 positae,

54 1943 194 1992 partim
225 1944 342 1983 etiam
372 1944 412 1983 in
441 1947 607 1986 aedibus
637 1950 765 1996 sacris,
798 1964 867 2000 per
896 1951 975 1990 vim
1004 1961 1043 1991 et
1067 1967 1136 2003 per
1165 1956 1384 1996 universam

55 2007 349 2048 multitudinem
371 2010 645 2050 deicerentur?
702 2015 779 2052 Tot
801 2016 981 2054 homines
1007 2017 1046 2055 in
1068 2019 1162 2057 Asia
1183 2030 1383 2070 nocentes,

0 2090 35 2121 30
54 2079 111 2111 tot
140 2073 181 2111 in
209 2073 353 2121 Africa,
383 2082 441 2114 tot
470 2075 509 2114 in
533 2076 737 2127 Hispania,
772 2080 909 2128 Gallia,
933 2082 1122 2131 Sardinia,
1150 2091 1207 2123 tot
1237 2085 1276 2123 in
1301 2087 1385 2137 ipsa

94 2187 114 2215 3
138 2177 295 2208 duxerint
311 2179 366 2209 ck:
393 2179 559 2211 duxerunt
581 2181 629 2222 Vp
645 2182 710 2213 rell.
867 2196 887 2223 4
912 2185 1061 2217 dixerint
1073 2188 1128 2217 ck:
1154 2189 1312 2222 dixerunt
1334 2192 1381 2233 Vp

52 2220 119 2250 rell.
285 2232 304 2261 5
330 2222 370 2261 Q.
390 2233 454 2255 om.
478 2224 510 2253 V
669 2236 705 2256 12
731 2226 937 2259 Netineuses
949 2229 1037 2260 codd.
1053 2235 1186 2270 practer
1202 2233 1251 2265 O:
1278 2245 1342 2266 om.
1363 2237 1381 2265 b

50 2273 249 2295 enumerare
266 2265 316 2296 O:
340 2271 373 2296 et
391 2277 481 2298 num.
500 2278 532 2298 c:
559 2279 736 2300 numerare
755 2271 820 2302 rell.
969 2282 1005 2311 13
1031 2283 1130 2312 quam
1149 2277 1243 2308 multi
1261 2283 1294 2308 et
1310 2289 1376 2310 om.

49 2305 109 2337 cO¹
257 2318 298 2339 22
323 2310 504 2341 declarabit
521 2311 590 2343 cO:
623 2313 743 2353 -avitp
761 2315 826 2345 rell.
978 2325 1018 2355 25
1045 2316 1170 2357 [utrum
1190 2344 1195 2351 .
1217 2344 1224 2351 .
1245 2344 1251 2351 .
1273 2322 1377 2352 coacti

49 2350 134 2392 sint]
152 2350 315 2393 Pluygers
334 2353 424 2392 (Ziel.
441 2359 475 2393 p.
500 2357 576 2394 1945
711 2358 752 2386 26
777 2358 839 2388 hoc
859 2357 938 2389 CO:
962 2370 1028 2391 om.
1049 2362 1114 2392 rell.
