1600 2704
41 137 307 176 ACTIONIS
329 136 390 173 IN
411 136 457 174 C.
480 136 722 173 VERREM
745 135 1043 174 SECVNDAE
1066 137 1168 174 LIB.
1190 137 1254 173 ΙΙΙ
1309 135 1366 181 64
1389 141 1451 180 148

41 248 155 285 unius
179 246 259 296 agri
279 247 467 286 decumas
488 245 604 284 tritici
625 247 802 284 modium
826 244 981 295 triginta
1003 246 1170 284 voluisse
1197 248 1341 284 addere
1359 261 1365 283 :

39 312 73 350 ei
103 318 339 360 potestatem
370 309 529 349 emendi
561 323 641 348 non
677 323 760 348 esse
794 311 947 356 factam,
983 323 1032 348 ne
1064 324 1123 348 res
1156 309 1281 348 abiret
1315 310 1365 347 ab

38 376 224 426 Apronio.
285 377 440 424 Negare
464 376 551 422 hoc,
575 374 648 412 nisi
673 376 772 412 forte
800 388 940 424 negare
961 374 1094 413 omnia
1115 374 1363 419 constituisti,
1391 391 1450 422 ¹49

38 442 146 478 nullo
175 442 297 479 modo
325 447 462 490 potes3
492 440 621 490 palam
652 453 712 477 res
741 448 848 489 gesta
879 447 935 477 est
966 439 1138 477 maximo
1167 447 1364 477 conventu

0 521 17 552 5
37 505 235 554 Syracusis
252 519 264 552 ,-
293 504 401 542 testis
418 512 476 543 est
497 512 578 543 tota
599 504 810 554 provincia,
834 512 1039 554 propterea
1060 505 1167 553 quod
1188 505 1365 553 undique

35 570 86 607 ad
125 570 313 607 emendas
351 569 540 607 decumas
579 570 707 606 solent
746 581 794 606 eo
833 568 1052 606 convenire.
1124 570 1245 617 Quod
1284 568 1364 606 sive

36 633 164 671 fateris
195 633 274 672 sive
304 632 558 679 convinceris,
591 641 688 682 quot
718 642 754 671 et
785 646 903 683 quam
934 632 1149 671 manifestis
1180 634 1218 670 in
1248 633 1364 670 rebus

35 706 191 736 teneare
221 711 301 735 non
330 697 473 735 vides?
531 698 706 735 Primum
737 705 845 735 tuam
873 711 955 735 rem
980 697 1085 735 illam
1111 704 1148 735 et
1177 698 1364 747 praedam

35 761 180 809 fuisseg
210 775 300 799 nam
330 761 370 799 ni
400 761 453 799 ita
479 769 591 808 esset,
616 775 684 799 cur
711 769 752 799 tu
781 761 1001 811 Apronium
1030 762 1214 809 malebas,
1245 775 1362 811 quem

0 840 18 863 ο
35 840 173 865 omnes
194 834 305 864 tuum
326 834 618 876 procuratorem
640 840 725 864 esse
747 827 785 864 in
807 826 995 873 decumis,
1020 834 1129 864 tuum
1161 826 1362 876 negotium

34 904 147 941 agere
169 891 443 941 loquebantur,
466 903 585 940 quam
617 890 840 928 Minucium
867 892 1054 929 decumas
1077 892 1157 940 agri
1180 890 1362 929 Leontini

34 957 217 994 sumere?
275 954 432 993 Deinde
463 954 701 992 immensum
731 962 849 1004 atque
876 954 1071 993 infinitum
1100 957 1251 993 lucrum
1279 969 1364 994 esse

34 1021 206 1067 factum3
234 1033 327 1058 nam
341 1019 372 1057 si
391 1021 482 1057 5235<
504 1027 545 1057 tu
566 1026 790 1057 commotus
807 1032 886 1057 non
904 1032 1019 1065 esses
1036 1027 1139 1058 certe
1160 1020 1236 1058 hoc
1258 1019 1362 1058 idem

34 1085 128 1122 lucri
161 1083 362 1122 Minucius
392 1083 572 1133 Apronio
602 1083 768 1122 libenter
806 1083 992 1130 dedisset,
1028 1083 1057 1121 si
1088 1083 1151 1121 ille
1185 1084 1363 1133 accipere

0 1150 230 1196 5voluisset.
292 1150 494 1197 Quantam
524 1148 638 1197 igitur
678 1148 730 1185 illi
775 1161 884 1197 spem
917 1149 1086 1198 praedae
1120 1149 1362 1198 propositam
1387 1163 1446 1195 150

33 1213 264 1252 arbitramur
290 1212 410 1251 fuisse
438 1214 505 1262 qui
536 1220 688 1251 tantum
715 1225 898 1262 praesens
926 1214 1076 1251 lucrum
1108 1214 1214 1250 nulla
1243 1226 1361 1263 opera

33 1280 231 1328 insumpta
269 1278 548 1327 contempserit
591 1286 710 1327 atque
750 1277 999 1327 despexerit?
1075 1277 1231 1316 Deinde
1280 1279 1362 1327 ipse

35 1342 235 1381 Minucius
259 1355 478 1392 numquam
506 1343 601 1380 tanti
638 1343 782 1380 habere
813 1344 1011 1388 voluisset,
1042 1343 1071 1380 si
1103 1343 1290 1381 decumas
1321 1352 1361 1381 tu

33 1408 117 1456 lege
158 1406 375 1445 Hieronica
410 1408 625 1453 venderes:
656 1408 725 1445 sed
758 1407 850 1456 quia
883 1407 959 1445 tuis
994 1407 1106 1444 novis
1148 1407 1286 1446 edictis
1324 1417 1361 1446 et

0 1488 17 1509 υ
33 1471 286 1521 iniquissimis
314 1470 500 1509 institutis
517 1473 604 1521 plus
625 1473 828 1521 aliquanto
850 1484 890 1509 se
912 1484 1030 1521 quam
1051 1473 1239 1510 decumas
1259 1473 1362 1510 abla-

33 1544 160 1575 turum
182 1535 351 1583 videbat,
376 1536 523 1574 idcirco
545 1537 698 1585 longius
725 1549 949 1586 progressus
975 1543 1043 1574 est.
1103 1538 1155 1573 At
1184 1537 1361 1586 Apronio

33 1614 187 1650 semper
211 1601 298 1650 plus
326 1601 444 1638 etiarn
472 1601 597 1638 multo
621 1601 691 1639 abs
713 1608 750 1638 te
774 1602 1005 1650 permissum
1028 1608 1084 1638 est
1105 1614 1224 1649 quam
1253 1603 1360 1650 quod

32 1666 215 1704 edixeras.
277 1666 481 1713 Quantum
507 1665 622 1715 igitur
649 1673 855 1715 quaestum
886 1672 1070 1715 putamus
1100 1666 1244 1703 factum
1276 1679 1361 1704 esse

31 1744 99 1781 per
127 1743 218 1768 eum
247 1729 311 1768 cui
340 1730 495 1780 quidvis
526 1730 675 1769 licitum
704 1732 761 1776 sit,
780 1743 869 1768 cum
898 1737 1050 1768 tantum
1081 1730 1175 1768 lucri
1197 1731 1361 1769 voluerit

0 1796 175 1843 5addere
202 1795 233 1832 is
265 1796 339 1843 cui,
363 1796 394 1834 si
415 1797 603 1834 decumas
633 1795 802 1842 emisset,
827 1795 932 1833 idem
954 1808 1034 1833 non
1062 1794 1223 1834 liceret?
1290 1796 1361 1833 Po·
1384 1804 1442 1837 151

33 1867 176 1898 stremo
197 1859 261 1897 illa
282 1860 444 1910 quidem
467 1869 570 1899 certe
592 1860 661 1898 tibi
685 1860 858 1909 praecisa
881 1860 1060 1898 defensio
1081 1867 1148 1905 est,
1173 1859 1211 1896 in
1228 1872 1304 1908 qua
1319 1867 1360 1897 tu

32 1937 184 1974 semper
204 1924 338 1963 onmia
358 1933 425 1964 tua
446 1926 545 1963 furta
566 1933 684 1975 atque
715 1927 857 1975 flagitia
882 1927 1000 1963 latere
1017 1937 1132 1974 posse
1152 1924 1359 1962 arbitratus

31 2001 83 2035 es,
94 2001 237 2037 magno
254 1997 291 2027 te
306 1990 494 2028 decumas
508 1990 743 2035 vendidisse,
765 1990 869 2039 plebi
880 1992 1086 2028 Romanae
1103 1987 1355 2033 consuluisse,

30 2064 211 2090 annonae
235 2053 490 2102 prospexisse.
553 2055 645 2091 Non
668 2062 796 2103 potest
818 2056 894 2093 hoc
919 2054 1050 2093 dicere
1071 2055 1101 2091 is
1123 2054 1188 2102 qui
1217 2065 1358 2101 negare

31 2128 111 2154 non
142 2124 271 2165 potest
310 2131 351 2156 se
384 2119 500 2156 unius
539 2119 617 2167 agri
649 2119 837 2156 decumas
870 2132 959 2157 xxx
990 2119 1148 2157 milibus
1179 2117 1357 2155 modium

74 2230 93 2250 2
117 2222 147 2251 ei
167 2222 197 2252 O
216 2234 221 2252 :
246 2227 278 2252 et
295 2222 362 2262 eip
380 2221 445 2252 rell.
619 2231 638 2259 3
662 2223 775 2252 omnia
794 2233 919 2261 negare
938 2223 968 2253 Ο
1136 2234 1151 2262 7
1178 2224 1209 2254 in
1227 2234 1289 2253 om.
1309 2224 1355 2253 (Ο

34 2263 91 2303 (iii,
112 2267 128 2301 §
147 2266 248 2305 207):
283 2265 438 2295 maximis
464 2265 497 2294 in
523 2264 624 2294 rebus
642 2269 679 2294 ret
694 2265 710 2293 δ
727 2266 773 2294 ila
793 2271 817 2304 p
985 2277 1006 2306 9
1030 2266 1063 2296 ni
1088 2266 1141 2298 O:
1169 2267 1232 2297 nisi
1246 2272 1270 2306 p
1291 2267 1352 2296 wll.

0 2300 2 2307 ’
35 2315 82 2345 10⁷
102 2317 136 2336 11
162 2313 256 2338 tuum
274 2312 525 2347 procuratorem
543 2330 550 2337 .
573 2331 580 2338 .
601 2330 609 2338 .
629 2317 730 2346 agere
748 2308 806 2345 cO,
829 2319 941 2339 mance
951 2315 975 2349 p
994 2309 1056 2341 rell.
1228 2320 1266 2349 13
1291 2311 1352 2339 x‘x‘x

0 2344 2 2369 ’ν
32 2344 62 2380 ιῗ]
80 2351 176 2381 tritici
195 2355 382 2381 commotus
400 2352 481 2390 (om.
502 2350 549 2380 tu*
565 2355 589 2389 p
605 2354 635 2380 et
644 2350 720 2390 pler.
860 2353 897 2382 18
921 2353 1003 2383 tanti
1016 2358 1062 2393 p:
1091 2363 1156 2383 om.
1179 2353 1210 2384 O
1314 2354 1356 2381 26

32 2398 81 2422 est
98 2393 248 2424 defensio
268 2393 298 2424 O
