1600 2704
91 87 140 126 37
161 93 202 127 97
531 80 588 117 M.
619 79 787 117 TVLLI
819 78 1124 118 CICERONIS

159 198 379 240 praetorem
399 190 521 241 gloria
540 190 606 229 illa
624 189 772 228 navalis
798 202 986 239 umquam
1014 195 1073 227 tot
1099 187 1258 227 Punicis
1278 188 1485 228 Siciliensi-

160 256 313 305 busque
340 255 452 294 bellis
480 262 683 305 penetrare
709 254 839 304 potuit
852 268 862 301 3
892 253 959 303 qui
986 254 1097 291 locus
1123 252 1207 291 eius
1233 252 1343 292 modi
1363 260 1484 292 estut

157 327 249 358 ante
279 319 511 369 Syracusani
540 319 580 357 in
611 318 820 357 moenibus
849 317 939 365 suis,
962 317 1001 355 in
1030 318 1136 364 urbe,
1160 317 1200 355 in
1223 318 1308 355 foro
1327 318 1483 356 hostem

156 392 351 422 armatum
372 397 416 422 ac
438 384 625 422 victorem
647 396 766 432 quam
793 382 833 420 in
859 390 975 432 portu
1002 383 1121 420 ullam
1148 381 1322 420 hostium
1343 394 1482 420 navem

94 458 136 498 98
156 448 334 486 viderint.
397 448 487 494 Hic,
526 456 564 486 te
598 455 785 497 praetore,
826 448 1072 497 praedonum
1111 446 1314 485 naviculae
1352 460 1484 497 perva-

156 520 269 562 gatae
301 520 391 550 sunt
421 525 501 562 quo
530 511 835 550 Atheniensium
866 511 1000 550 classis
1035 513 1117 549 sola
1135 509 1139 512 ’
1150 518 1239 561 post
1273 510 1481 550 hominum

158 576 388 615 memoriam
428 575 610 614 trecentis
650 575 815 613 navibus
853 574 891 612 vi
935 588 980 613 ac
1028 574 1280 614 multitudine
1317 574 1482 621 invasit,

156 653 257 690 quae
287 640 326 678 in
361 653 409 678 eo
443 640 529 690 ipso
562 647 678 690 portu
709 639 785 678 loci
820 638 941 689 ipsius
970 647 1184 689 portusque
1214 647 1351 676 natura
1379 638 1481 677 victa

154 712 274 754 atque
295 712 475 753 superata
495 711 563 742 est.
625 702 704 741 Hic
734 702 905 753 primum
933 716 1027 752 opes
1054 702 1156 740 illius
1184 702 1349 740 civitatis
1375 715 1480 740 com-

156 768 330 807 minutae
364 769 652 818 depressaeque
686 774 800 805 sunt:
841 766 881 804 in
915 768 992 804 hoc
1025 774 1141 817 portu
1175 765 1478 804 Atheniensium

155 833 385 880 nobilitatis,
413 832 565 882 imperi,
593 831 738 882 gloriae
772 831 1015 881 naufragium
1049 831 1196 868 factum
1226 829 1476 868 existimatur.

84 900 135 948 38
157 900 270 937 Eone
294 897 417 948 pirata
445 896 661 947 penetravit
682 909 762 946 quo
789 895 905 934 simul
931 903 1051 945 atque
1077 894 1222 933 adisset
1250 908 1331 933 non
1357 896 1480 933 modo

154 976 177 1001 a
210 964 329 1001 latere
364 963 436 1000 sed
468 962 586 1000 etiam
621 975 644 999 a
674 968 783 1010 tergo
819 973 1002 1010 magnam
1041 967 1190 1010 partem
1229 959 1335 997 urbis
1369 958 1480 997 relin-

154 1028 320 1078 queret?
378 1028 554 1065 Insulam
586 1033 707 1064 totam
741 1032 1028 1075 praetervectus
1058 1032 1129 1072 est,
1159 1037 1260 1074 quae
1294 1031 1353 1062 est
1386 1023 1478 1062 urbs

155 1091 354 1142 Syracusis
384 1104 457 1129 suo
486 1090 647 1129 nomine
676 1104 722 1128 ac
753 1089 976 1136 moenibus,
1002 1102 1082 1139 quo
1111 1088 1151 1126 in
1181 1089 1270 1127 loco
1298 1087 1480 1135 maiores,

153 1164 196 1194 ut
233 1164 325 1194 ante
358 1155 449 1203 dixi,
482 1157 769 1205 Syracusanum
803 1153 979 1192 habitare
1012 1159 1233 1200 vetuerunt,
1260 1152 1382 1203 quod,
1411 1150 1479 1202 qui

153 1220 259 1258 illam
289 1227 439 1270 partem
469 1219 574 1258 urbis
605 1226 793 1266 tenerent,
819 1218 860 1256 in
889 1230 1026 1257 eorum
1056 1224 1291 1268 potestatem
1320 1223 1477 1266 portum

93 1298 134 1332 99
153 1286 327 1323 futurum
367 1284 657 1333 intellegebant.
717 1285 771 1321 At
805 1295 923 1332 quern
961 1283 1012 1320 ad
1051 1282 1217 1319 modurn
1255 1287 1314 1319 est
1346 1292 1478 1330 perva-

151 1352 288 1399 gatus!
356 1348 526 1387 Radices
575 1349 792 1398 palmarum
841 1346 1064 1397 agrestium,
1103 1359 1200 1396 quas
1247 1344 1288 1383 in
1336 1346 1476 1382 nostris

151 1413 316 1452 navibus
338 1413 577 1460 invenerant,
601 1412 809 1458 iactabant,
833 1419 875 1450 ut
895 1425 1032 1450 omnes
1053 1410 1163 1449 istius
1183 1409 1475 1460 improbitatem

151 1486 189 1517 et
232 1478 495 1516 calamitatem
546 1477 700 1516 Siciliae
750 1486 910 1526 possent
953 1488 1200 1526 cognoscere.
1272 1474 1477 1513 Siculosne

151 1543 306 1591 milites,
336 1551 584 1582 aratorumne
614 1541 772 1588 liberos,
802 1554 969 1591 quorum
1000 1548 1126 1591 patres
1157 1547 1310 1578 tantum
1343 1539 1477 1576 labore

149 1622 221 1647 suo
248 1608 432 1646 frumenti
460 1608 670 1646 exarabant
698 1615 739 1645 ut
771 1608 918 1657 populo
948 1608 1133 1643 Romano
1159 1604 1311 1654 totique
1340 1603 1477 1641 Italiae

149 1674 399 1724 suppeditare
439 1680 610 1723 possent,
653 1686 772 1710 eosne
812 1671 850 1709 in
890 1671 1016 1709 insula
1055 1669 1207 1709 Cereris
1247 1676 1370 1714 natos,
1408 1667 1475 1706 ubi

1502 777 1540 800 10

1497 1422 1537 1444 20

149 1738 319 1788 primum
354 1739 482 1787 fruges
514 1737 694 1775 inventae
729 1750 814 1774 esse
843 1735 1037 1781 dicuntur,
1069 1748 1116 1773 eo
1147 1734 1237 1772 cibo
1266 1746 1351 1772 esse
1383 1746 1474 1771 usos
1498 1744 1535 1776 25

148 1816 171 1841 a
209 1816 290 1852 quo
331 1802 495 1841 maiores
535 1815 671 1840 eorum
711 1809 861 1840 ceteros
895 1814 1055 1850 quoque
1094 1799 1268 1848 frugibus
1307 1797 1475 1836 inventis

148 1870 421 1906 removerunt!
479 1868 539 1905 Te
570 1875 747 1916 praetore
782 1865 901 1904 Siculi
935 1865 1076 1903 milites
1106 1866 1324 1915 palmarum
1355 1862 1477 1913 stirpi-

69 1953 128 1975 100
148 1932 233 1978 bus,
270 1931 416 1981 piratae
452 1931 584 1969 Siculo
618 1932 815 1968 frumento
849 1930 1079 1968 alebantur!
1137 1929 1174 1967 O
1207 1929 1476 1978 spectaculum

148 1997 331 2035 miserum
382 2004 500 2046 atque
547 1997 758 2034 acerbum!
808 1994 978 2033 ludibrio
1021 2007 1106 2033 esse
1149 1992 1256 2031 urbis
1299 1991 1476 2043 gloriam,

147 2061 283 2111 populi
307 2060 480 2099 Romani
501 2073 660 2107 nomen,
679 2060 848 2097 omnium
869 2057 1077 2097 hominum
1095 2064 1336 2096 conventum
1356 2063 1475 2105 atque

190 2173 210 2201 5
232 2163 387 2198 viderent
409 2162 454 2192 VB
546 2173 562 2201 7
587 2162 751 2193 trecentis
769 2161 909 2192 navibus
926 2159 984 2192 del.
1004 2159 1161 2192 Zielinski
1245 2160 1266 2191 8
1290 2164 1475 2199 portusque

148 2205 252 2246 RSp:
291 2217 356 2236 om.
394 2206 444 2236 V:
483 2206 552 2237 secl.
585 2205 707 2243 Halm,
741 2205 855 2236 Muell.
1009 2214 1046 2243 17
1071 2207 1273 2244 potestatem
1311 2202 1372 2233 VR
1403 2201 1475 2232 aL:

150 2255 318 2289 potestate
331 2251 373 2289 ρδ
479 2260 521 2280 20
546 2250 723 2280 invenerat
741 2249 885 2279 iaciebat
907 2248 973 2288 Vp&
1077 2257 1114 2279 21
1141 2252 1175 2278 et
1191 2258 1259 2278 om.
1278 2258 1300 2276 π
1433 2254 1476 2283 30

148 2294 297 2323 omnium
323 2292 446 2331 addidi,
475 2298 526 2323 tot
550 2292 715 2332 Zielinski,
741 2297 871 2323 tantum
898 2291 1011 2322 Muell.
1033 2303 1040 2322 t
1078 2291 1251 2321 hominum
1278 2287 1474 2320 honestissi-

149 2346 277 2367 morum
296 2335 409 2367 Eberlt.
428 2339 460 2373 ’ς
484 2337 559 2375 ΙοἹ)

1496 2066 1536 2097 30
