1600 2704
115 108 170 146 29
195 110 235 145 73
562 96 619 133 M.
641 95 809 133 TVLLI
842 93 1147 134 CICERONJS

189 207 285 247 dixit
305 220 358 255 se,
379 208 489 258 quod
502 207 615 245 sciret
631 205 704 244 sibi
719 204 872 244 crimini
887 205 1023 243 datum
1039 205 1081 242 iri
1095 203 1303 254 pecuniam
1317 202 1516 254 accepisse

189 285 320 323 neque
353 273 404 311 de
437 284 529 310 vero
559 270 791 320 archipirata
824 269 1038 319 sumpsisse
1069 267 1317 317 supplicium,
1350 268 1440 306 ideo
1475 280 1516 305 se

190 337 315 376 securi
344 349 426 375 non
453 334 688 385 percussisse
703 349 713 382 3
752 334 862 373 domi
893 346 978 372 esse
1008 334 1114 383 apud
1148 345 1233 371 sese
1265 332 1517 382 archipiratas

133 414 171 447 74
190 401 286 441 dixit
305 403 417 440 duos.
478 401 514 439 O
536 398 785 438 clementiam
815 398 951 448 populi
982 398 1154 436 Romani
1184 410 1251 435 seu
1272 396 1402 446 potius
1423 396 1517 446 pati-

190 467 336 505 entiam
376 466 514 502 miram
551 476 597 502 ac
635 464 894 513 singularem!
952 463 1091 502 Civem
1131 462 1359 500 Romanum
1391 459 1517 498 securi

191 543 276 569 esse
306 541 534 579 percussum
568 529 623 565 M.
656 527 822 575 Annius,
850 539 973 576 eques
1003 527 1220 573 Romanus,
1250 525 1355 572 dicit,
1385 532 1518 563 taces:

191 593 464 643 archipiratam
484 598 611 642 negat,
634 590 773 629 fateris.
834 590 896 628 Fit
916 590 1084 640 gemitus
1100 589 1278 629 omnium
1299 597 1337 628 et
1357 591 1518 636 clamor,

191 671 283 696 cum
321 665 454 695 tamen
487 669 510 694 a
547 656 741 706 praesenti
780 654 973 705 supplicio
1008 661 1078 693 tuo
1116 654 1310 693 continuit
1348 656 1519 704 populus

194 724 400 762 Romanus
430 734 472 760 se
500 728 538 760 et
567 721 748 771 repressit
777 727 815 758 et
845 719 978 758 salutis
1008 732 1102 758 suae
1130 720 1322 758 rationem
1343 718 1520 758 iudicum

194 786 387 826 severitati
407 786 624 825 reservavit.
685 784 824 834 Quid?
852 784 1004 822 sciebas
1025 783 1096 822 tibi
1117 782 1269 822 crimini
1290 783 1426 822 datum
1447 782 1522 822 iri?

194 864 313 901 quam
345 851 399 889 ob
431 864 512 888 rem
547 849 711 897 sciebas,
743 862 861 899 quam
894 849 946 887 ob
980 861 1062 887 rem
1098 847 1218 886 etiam
1243 846 1522 897 suspicabare?

195 915 408 954 Inimicum
439 915 614 953 habebas
652 914 851 953 neminem
868 927 878 961 ;
918 913 949 951 si
981 912 1157 959 haberes,
1190 919 1322 950 tamen
1357 925 1437 951 non
1470 913 1522 950 ita

193 982 341 1019 vixeras
371 987 413 1018 ut
442 986 592 1018 metum
622 978 741 1018 iudici
769 978 1015 1029 propositum
1043 977 1189 1016 habere
1223 978 1397 1016 deberes.
1457 979 1521 1015 An

194 1053 244 1093 te,
266 1046 305 1084 id
326 1045 434 1095 quod
455 1044 537 1083 fieri
567 1045 676 1091 solet,
698 1044 939 1082 conscientia
968 1042 1151 1081 timidum
1181 1042 1522 1092 suspiciosumque

195 1109 392 1148 faciebat?
449 1108 530 1158 Qui
561 1108 685 1158 igitur,
723 1120 814 1146 cum
853 1121 957 1146 esses
988 1120 1079 1146 cum
1111 1107 1287 1157 imperio,
1327 1108 1403 1144 iam
1438 1114 1522 1144 tum

195 1174 343 1213 crimen
383 1182 421 1212 et
451 1173 641 1212 iudicium
670 1172 874 1219 horrueris,
907 1185 997 1211 cum
1027 1179 1085 1210 tot
1116 1172 1280 1211 testibus
1315 1184 1524 1222 coarguare

137 1251 176 1285 75
195 1246 307 1289 potes
345 1239 396 1277 de
433 1238 688 1276 damnatione
724 1236 935 1275 dubitare?
1005 1238 1154 1275 Verum
1192 1236 1223 1274 si
1262 1235 1409 1274 crimen
1448 1237 1524 1275 hoc

196 1303 412 1350 metuebas,
433 1316 483 1341 ne
513 1303 600 1352 quis
635 1302 881 1352 suppositum
912 1302 982 1340 abs
1013 1309 1051 1340 te
1081 1315 1166 1340 esse
1196 1302 1343 1340 diceret
1366 1301 1432 1352 qui
1454 1315 1524 1352 pro

195 1367 429 1418 archipirata
461 1368 584 1406 securi
618 1366 802 1414 feriretur,
837 1373 967 1404 utrum
998 1368 1159 1405 tandem
1194 1365 1264 1404 tibi
1304 1367 1354 1404 ad
1392 1367 1526 1405 defen-

196 1432 347 1471 sionem
365 1431 513 1470 firmius
529 1433 611 1470 fore
627 1430 783 1482 putasti,
798 1432 837 1469 in
854 1430 1001 1470 iudicio
1017 1438 1157 1469 coactu
1176 1437 1295 1480 atque
1315 1430 1526 1480 efflagitatu

196 1510 287 1536 meo
321 1498 538 1547 producere
571 1497 622 1535 ad
661 1497 815 1546 ignotos
848 1503 957 1534 tanto
989 1503 1079 1545 post
1118 1508 1209 1534 eum
1249 1507 1367 1545 quem
1407 1496 1527 1533 archi-

197 1563 361 1613 piratam
391 1575 475 1601 esse
499 1563 661 1610 diceres,
686 1575 736 1599 an
764 1560 911 1600 recenti
938 1574 989 1608 re,
1019 1561 1230 1611 Syracusis,
1260 1561 1367 1609 apud
1398 1566 1526 1607 notos,

197 1630 442 1678 inspectante
474 1626 605 1665 Sicilia
638 1639 764 1677 paene
796 1633 889 1674 tota,
929 1625 1054 1665 securi
1089 1625 1232 1665 ferire?
1288 1624 1392 1663 Vide
1431 1625 1527 1674 quid

197 1693 346 1732 intersit
378 1700 509 1731 utrum
539 1691 763 1731 faciendum
793 1691 931 1731 fuerit:
963 1691 1004 1730 in
1038 1691 1105 1730 illo
1136 1688 1387 1741 reprehensio
1421 1689 1528 1727 nulla

197 1765 310 1805 esset,
344 1758 409 1795 hic
438 1757 617 1795 defensio
646 1758 752 1795 nulla
782 1764 851 1796 est.
912 1757 1052 1807 Itaque
1081 1755 1177 1795 illud
1207 1767 1359 1804 semper
1388 1766 1527 1792 omnes

196 1826 384 1870 fecerunt,
406 1823 482 1861 hoc
503 1821 588 1872 quis
611 1829 702 1860 ante
723 1829 771 1869 te,
793 1821 881 1872 quis
901 1828 1053 1871 praeter
1072 1828 1122 1868 te,
1144 1819 1276 1859 fecerit
1297 1831 1453 1869 quaero.

252 1888 422 1926 Piratam
451 1887 584 1925 vivum
615 1886 782 1925 tenuisti.
844 1887 977 1935 Quem
1010 1887 1061 1925 ad
1095 1886 1245 1924 finem?
1303 1884 1408 1921 Dum
1436 1895 1526 1921 cum

198 1952 362 2002 imperio
391 1950 507 1990 fuisti.
567 1952 699 2000 Quam
729 1951 782 1990 ob
816 1963 988 1998 causam,
1019 1963 1099 2001 quo
1125 1951 1316 2000 exemplo,
1349 1961 1416 1987 cur
1447 1954 1527 1985 tam

197 2017 296 2056 diu?
338 2030 417 2064 cur,
439 2016 612 2067 inquam,
641 2015 792 2055 civibus
818 2016 1011 2055 Romanis
1042 2029 1141 2066 quos
1169 2016 1315 2065 piratae
1343 2019 1527 2064 ceperant

245 2130 263 2150 2
287 2130 323 2151 se
340 2119 450 2151 securi
465 2118 557 2151 SDw
573 2131 580 2150 z
605 2129 682 2150 esse
700 2119 770 2150 curi
788 2119 844 2150 R:
868 2119 976 2150 securi
988 2119 1052 2161 pk&
1200 2119 1219 2148 8
1244 2128 1281 2149 se
1299 2115 1503 2155 continuitp
1520 2126 1527 2147 ε

200 2168 289 2195 cont.
302 2173 338 2194 se
355 2174 375 2203 q
490 2164 528 2193 16
552 2163 709 2193 iudicium
726 2167 760 2194 et
777 2163 904 2193 crimen
918 2168 942 2203 p
1032 2162 1206 2193 horrueris
1226 2160 1281 2203 Gn,
1298 2160 1352 2190 K:
1378 2159 1527 2190 horreris

201 2206 285 2237 RS:
311 2207 471 2237 horreres
486 2205 553 2237 cod.
572 2206 691 2237 Lamb.
710 2217 716 2237 :
742 2206 906 2237 horrebas
917 2206 981 2245 pk&
1078 2216 1152 2236 curn
1170 2204 1233 2235 RS
1249 2216 1255 2234 :
1280 2205 1332 2234 his
1349 2212 1422 2234 cum
1435 2202 1502 2242 qu
1519 2212 1526 2232 ε

201 2250 254 2279 hic
271 2260 346 2280 cum
364 2251 380 2278 δ
396 2249 486 2280 Nohl
501 2261 508 2280 z
533 2259 620 2280 nunc
637 2260 712 2280 cum
732 2249 766 2280 C.
784 2248 925 2280 Schenkl
1079 2258 1260 2287 coarguare
1278 2247 1333 2286 Rp
1351 2257 1357 2276 :
1382 2254 1525 2285 arguare

201 2291 296 2322 SDw
316 2292 375 2332 (iv,
396 2295 412 2329 §
434 2292 509 2332 104)
677 2303 715 2332 19
739 2293 796 2322 tibi
814 2303 876 2323 om.
897 2305 918 2322 π
1079 2301 1119 2331 25
1145 2297 1234 2322 esset
1255 2291 1320 2329 (est
1339 2289 1370 2329 δ)
1390 2312 1397 2319 .
1416 2312 1424 2320 .
1446 2311 1453 2319 .
1475 2293 1526 2318 est

201 2336 261 2364 πΙεδ
279 2346 285 2365 :
310 2345 375 2366 om.
395 2334 489 2366 st
579 2336 714 2377 omnes]
733 2336 887 2367 homines
904 2335 969 2366 RS
988 2336 1022 2373 (§
1045 2336 1084 2366 16
1100 2334 1219 2375 supra)

1543 796 1582 819 10

1546 1123 1581 1155 15

1548 1445 1586 1468 20

1549 1764 1587 1796 25
