1600 2704
1464 72 1521 99 *sar*

122 82 391 127 ACTIONIS
422 90 484 129 IN
514 94 557 132 c.
581 96 823 140 VERREM
853 107 1153 154 SECVNDAE
1183 120 1286 159 Lm.
1310 125 1329 161 1
1370 127 1425 164 26
1445 105 1505 176 6'5'

92 190 377 235 humanitatem
412 206 741 247 consuetudinem

746 224 823 260 que
854 227 965 255 suam
996 222 1179 264 retineret
1207 230 1420 275 laborabat.

90 255 239 304 Homo,

273 261 340 310 qui
367 275 521 315 semper
548 269 876 320 hospitalissimus
900 283 1242 341 amicissimusque
1273 308 1422 339 nostro-

86 332 171 357 rum
199 323 406 365 hominum
428 330 667 374 existimatus
696 348 809 388 esset,
844 347 970 385 noluit
1001 349 1122 390 videri
1151 354 1277 404 ipsum
1310 361 1417 402 illurn

85 384 281 426 Rubrium
326 390 470 433 invitus
509 398 672 439 domum
713 416 823 444 suam
871 413 1089 465 recepisse,·
1132 423 1338 471 magnifice
1378 438 1416 467 et

43 463 61 493 5
81 458 228 498 ornate,
265 462 307 492 ut
337 465 417 495 erat
451 459 491 498 in
529 462 664 512 primis
695 467 796 508 inter
827 485 919 513 suos
959 480 1156 531 copiosus}
1190 490 1412 531 convivium

78 525 305 566 comparat3
333 531 443 572 rogat
459 526 654 568 Rubrium
677 541 719 571 ut
740 548 840 585 quos
857 539 892 577 ei
913 549 1171 587 commodum
1193 552 1241 590 sit
1262 554 1408 606 invitet,

74 578 207 618 locum
237 582 312 622 sibi
341 587 424 635 soli,
454 589 486 628 si
517 592 703 645 videatur,
731 601 926 654 relinquat
942 622 952 654 ,-
981 610 1099 650 etiam
1131 615 1253 655 filium
1279 633 1405 669 suum,

72 643 329 687 lectissimum
377 653 684 710 adulescentem,
731 666 833 706 foras
881 673 931 709 ad
975 676 1242 728 propinquum
1290 698 1405 726 suum

70 711 270 756 quendam
301 715 420 755 mittit
439 721 490 758 ad
518 735 671 765 cenam.
732 731 906 773 Rubrius
927 736 1037 778 istius
1058 744 1222 784 comites
1243 747 1379 790 invitat
1394 767 1405 800 3
1423 760 1466 793 66

10 783 49 806 10
67 784 135 811 eos
167 777 296 816 omnis
317 781 457 822 Verres
487 787 670 829 certiores
700 794 791 833 facit
817 797 912 847 quid
943 815 1043 852 opus
1072 816 1183 847 esset.
1245 814 1401 856 Mature

65 838 238 889 veniunt,
276 844 546 889 discumbitur.
620 855 682 895 Fit
721 872 849 901 sermo
888 864 989 905 inter
1028 883 1105 918 eos,
1148 882 1187 912 et
1221 876 1399 920 invitatio

63 909 106 940 ut
128 904 281 946 Graeco
302 923 411 950 more
432 913 630 957 biberetur
643 934 654 968 3
683 923 862 965 hortatur
882 930 1037 981 hospes,
1056 948 1226 984 poscunt
1247 944 1398 984 maiori-

62 966 135 1006 bus
165 972 329 1021 poculis‚
366 978 584 1019 celebratur
613 986 792 1026 omnium
828 1004 1010 1034 sermone
1045 1000 1271 1053 laetitiaque
1306 1022 1396 1047 con-

58 1031 215 1073 vivium.
278 1039 542 1092 Posteaquam
586 1048 679 1088 satis
720 1055 847 1094 calere
888 1071 946 1097 res
991 1063 1145 1104 Rubrio
1193 1069 1274 1108 visa
1323 1082 1391 1122 est,

0 1111 36 1144 15
59 1097 268 1148 ‘Quaeso‚'
289 1102 427 1154 inquit,
454 1110 721 1163 ‘Philodame‚
746 1131 815 1157 cur
843 1123 894 1161 ad
925 1138 998 1163 nos
1020 1128 1139 1168 filiam
1171 1140 1278 1173 tuam
1312 1151 1389 1177 non

53 1162 156 1203 intro
176 1168 307 1207 vocari
327 1169 439 1211 iubes
456 1175 494 1212 ?’

542 1179 693 1229 Homo,
716 1184 783 1233 qui
803 1194 842 1225 et
869 1201 1024 1231 summa
1044 1197 1231 1244 gravitate
1253 1210 1290 1240 et
1312 1203 1388 1242 iam

51 1226 91 1266 id
120 1231 258 1270 aetatis
288 1242 326 1272 et
345 1249 486 1286 parens
517 1254 538 1280 e

541 1253 630 1292 sset,
653 1247 844 1300 obstipuit
874 1255 1045 1297 hominis
1068 1260 1235 1312 improbi
1265 1268 1382 1308 dicto.

50 1293 202 1334 Instare
223 1298 408 1340 Rubrius.
469 1306 574 1346 Tum
605 1309 680 1358 ille,
703 1321 745 1352 ut
769 1316 919 1367 aliquid
939 1327 1209 1377 responderet,
1229 1335 1383 1382 negavit

46 1359 166 1398 moris
187 1374 272 1402 esse
294 1366 534 1409 Graecorum
566 1382 608 1412 ut
629 1376 668 1414 in
699 1381 881 1422 convivio
902 1385 1071 1427 virorum
1101 1396 1382 1437 accumberent

0 1436 26 1458 ιο
45 1423 237 1465 mulieres.
300 1430 380 1470 Hic
395 1440 479 1473 tum
500 1437 599 1477 alius
613 1454 659 1479 ex
679 1443 755 1482 alia
774 1455 893 1495 parte,
913 1453 921 1469 ‘
935 1452 1053 1491 Enim
1069 1468 1159 1495 vero
1173 1460 1378 1501 ferendum

42 1488 119 1528 hoc
158 1492 320 1542 quidem
354 1511 436 1537 non
468 1510 552 1551 est3
594 1515 756 1547 vocetur
796 1513 935 1552 mulier
952 1518 980 1554 3’
1031 1520 1081 1558 Et
1111 1521 1226 1562 simul
1257 1528 1376 1567 servis

41 1553 120 1593 suis
135 1557 309 1599 Rubrius
326 1570 368 1601 ut
388 1563 546 1606 ianuam
568 1572 797 1614 clauderent
813 1586 851 1615 et
867 1578 940 1629 ipsi
960 1583 1011 1620 ad
1033 1585 1123 1624 foris
1140 1589 1373 1632 adsisterent

39 1616 214 1668 imperat.
276 1626 398 1674 Quod
418 1630 486 1669 ubi
507 1631 572 1672 ille
596 1634 796 1686 intellexit,
820 1640 859 1680 id
887 1644 948 1694 agi
974 1656 1093 1697 atque
1125 1651 1163 1690 id
1184 1656 1308 1702 parari
1330 1666 1372 1696 ut
1391 1663 1432 1706 67

37 1682 139 1722 filiae
168 1699 262 1727 suae
286 1689 343 1729 vis
367 1694 592 1745 adferretur‚
617 1713 748 1741 servos
780 1718 871 1745 suos
901 1711 952 1747 ad
983 1724 1023 1749 se
1045 1724 1157 1754 vocat
1173 1732 1182 1764 3
1212 1719 1272 1758 his
1302 1721 1370 1759 im—

0 1757 144 1797 5perat
178 1760 220 1790 ut
254 1767 295 1793 se
329 1755 458 1807 ipsum
499 1766 716 1816 neglegant,
750 1771 868 1810 filiam
910 1776 1125 1818 defendant
1144 1797 1153 1829 3
1193 1797 1369 1827 excurrat

31 1813 171 1864 aliquis
192 1818 261 1867 qui
281 1821 358 1860 hoc
379 1830 532 1865 tantum
553 1830 761 1872 domestici
777 1838 869 1876 mali
890 1840 970 1879 filio
992 1845 1153 1885 nuntiet.
1207 1850 1367 1891 Clamor

30 1877 178 1919 interea
206 1883 249 1921 fit
278 1892 361 1925 tota
390 1890 540 1940 domo3
580 1894 680 1935 inter
709 1913 840 1941 servos
874 1905 999 1944 Rubri
1039 1918 1158 1960 atque
1198 1914 1362 1965 hospitis

27 1941 192 1984 iactatur
222 1949 331 1988 dorni
366 1966 460 1993 suae
491 1957 547 1996 vir
577 1961 782 2009 primarius
814 1976 852 2006 et
884 1971 1006 2010 homo
1037 1975 1363 2030 honestissimus,-

24 2020 96 2057 pro
112 2022 154 2048 se
170 2012 338 2064 quisque
359 2031 498 2059 manus
511 2025 638 2064 adfert
653 2041 663 2074 3
682 2042 784 2079 aqua
798 2034 971 2085 denique
988 2039 1150 2079 ferventi
1167 2056 1190 2080 a
1205 2045 1357 2086 Rubrio

0 2086 5 2104 ι
23 2070 110 2122 ipso
131 2076 389 2121 Philodamus
409 2087 665 2134 perfunditur.
727 2096 841 2135 Haec
862 2099 929 2138 ubi
951 2101 1031 2141 filio
1052 2107 1230 2146 nuntiata
1251 2120 1352 2159 sunt,

63 2180 84 2208 6
108 2189 280 2221 comparat
308 2186 364 2227 Dp
391 2190 454 2220 rell.
486 2192 572 2225 Non.
610 2195 782 2235 (Zielinski
804 2207 837 2242 p.
873 2204 974 2243 193):
1008 2215 1149 2247 apparat
1183 2212 1212 2251 q¹
1240 2213 1351 2245 Muell.

23 2228 60 2259 17
85 2223 244 2264 obstipuit
264 2230 399 2271 <ops.p¹
417 2239 483 2273 [φλ
503 2247 510 2266 :
534 2239 708 2279 obstupuit
725 2242 782 2274 Dr
796 2246 860 2277 rell.
979 2251 1016 2280 18
1041 2251 1095 2282 ille
1115 2254 1155 2283 πὸ
1173 2266 1179 2285 z
1204 2266 1267 2287 om.
1289 2258 1354 2288 ΒΨ

19 2273 59 2302 27
85 2276 199 2305 pugna
216 2270 305 2303 inter
321 2280 431 2307 contra
449 2279 535 2311 codd.
557 2282 764 2321 Rufinianus
875 2292 916 2321 28
941 2293 1124 2331 primarius
1146 2297 1232 2330 Non.
1255 2301 1324 2332 edd.
1346 2313 1352 2332 :

19 2308 147 2346 primus
164 2313 252 2346 codd.
272 2327 278 2346 :
312 2318 464 2357 soptimus
482 2335 493 2353 ς
510 2323 598 2356 et‘ed.
614 2326 722 2370 lunt.)
814 2333 913 2365 homo
931 2336 970 2365 πὸ
988 2336 1074 2369 Non.
1097 2351 1103 2370 :
1131 2351 1195 2371 0111.
1217 2341 1282 2373 DV
