1600 2704
56 96 323 141 ACTIONIS
355 79 415 132 IN
446 91 491 130 C.
514 83 756 124 VERREM
788 76 1087 119 SECVNDAE
1119 74 1223 111 LIB.
1245 71 1283 107 V
1332 75 1470 115 43113

32 209 326 258 exstinguere,
365 199 582 254 graviorem
612 194 719 245 apud
752 187 938 241 sapientis
971 184 1121 224 iudices
1151 195 1193 221 se
1226 182 1308 219 fore
1338 177 1389 216 ab

59 274 191 314 inferis
212 277 353 310 testem
374 277 494 316 quam
514 261 546 300 si
565 259 677 298 vivus
697 256 738 294 in
759 253 949 293 iudicium
971 249 1252 300 produceretur
1268 258 1278 292 3
1307 250 1390 281 tum

61 336 243 379 avaritiae
263 334 403 379 solum,
423 330 456 368 si
475 327 632 371 viveret,
653 333 771 367 nunc,
799 330 890 357 cum
917 315 970 354 ita
996 320 1098 352 esset
1119 316 1292 354 necatus,
1314 319 1393 345 sce-

62 403 150 444 leris
174 397 363 440 audaciae
386 389 627 433 crudelitatis
655 392 796 425 testem
821 383 913 421 fore.
976 380 1063 417 Iam
1086 376 1151 415 illa
1174 373 1394 425 praeclara:

26 487 44 519 5
63 481 144 508 non
174 464 334 504 testium
364 459 486 498 modo
517 462 701 497 catervas,
734 461 825 488 cum
855 454 921 484 tua
952 456 1012 482 res
1042 448 1229 492 ageretur,
1255 437 1326 476 sed
1345 435 1396 473 ab

64 533 126 572 dis
158 527 340 568 manibus
373 519 646 562 innocentium
678 517 832 552 Poenas
867 511 1223 554 sceleratorumque
1263 499 1398 539 Furias

66 597 107 636 in
135 604 247 634 tuum
278 588 469 629 iudicium
498 597 584 624 esse
604 587 813 624 venturas,
844 588 928 614 sese
958 574 1049 611 ideo
1077 571 1263 609 leviorem
1284 576 1399 604 suum

68 672 204 700 casum
242 658 403 706 fingere,
442 650 552 701 quod
591 648 667 685 iam
712 651 803 682 ante
847 641 972 679 aciem
1013 635 1208 675 securium
1247 639 1401 669 tuarum

70 724 267 774 Sextique,
288 719 347 760 tui
375 715 580 761 carnificis,
607 712 758 750 vultum
788 714 826 746 et
856 716 1017 743 manum
1047 699 1221 745 vidisset,
1241 708 1332 734 cum
1363 693 1402 730 in

14 807 55 830 10
72 795 270 829 conventu
301 784 446 823 civium
487 781 760 818 Rornanorum
798 772 904 808 iussu
935 776 1004 806 tuo
1038 764 1162 803 securi
1196 761 1301 800 cives
1326 760 1404 797 Ro-

72 853 180 895 mani
217 852 432 891 ferirentur.
492 846 556 884 Ne
595 841 727 885 multa,
766 836 926 879 iudices,
967 831 1144 869 libertate
1182 838 1301 876 quam
1334 836 1404 861 vos
1427 835 1486 867 114

75 919 192 958 sociis
212 914 387 960 dedistis,
408 913 482 950 hac
510 909 575 947 ille
603 907 642 944 in
666 900 920 942 acerbissimo
950 893 1143 945 supplicio
1168 888 1406 929 miserrimae

76 980 270 1022 servitutis
289 979 435 1017 abusus
456 981 525 1013 est.

133 1046 387 1087 Condemnat
422 1037 551 1079 omnis
585 1036 635 1074 de
674 1030 813 1071 consili
853 1024 1071 1070 sententia3
1112 1030 1245 1060 tamen
1279 1028 1408 1066 neque
1427 1023 1481 1061 44

23 1128 60 1159 15
81 1112 153 1151 iste
182 1110 222 1149 in
252 1115 360 1148 tanta
388 1119 429 1144 re
458 1110 516 1142 tot
549 1098 757 1139 hominum
787 1096 832 1132 T.
865 1090 1042 1129 Vettium
1077 1088 1128 1125 ad
1163 1098 1204 1123 se
1235 1080 1407 1127 arcessit,

81 1182 331 1227 quaestorem
348 1182 474 1215 suum,
490 1166 602 1206 cuius
623 1160 788 1202 consilio
805 1163 986 1200 uteretur,
1003 1164 1132 1201 neque
1153 1151 1196 1187 P.
1212 1146 1409 1190 Cervium,

83 1244 201 1281 talem
236 1239 372 1283 virum,
409 1237 592 1284 legatum,
624 1227 692 1278 qui
723 1224 815 1274 quia
856 1223 1004 1270 legatus
1043 1217 1118 1254 isto
1156 1220 1334 1264 praetore
1373 1209 1410 1246 in

85 1305 217 1346 Sicilia
242 1303 315 1342 fuit
341 1300 488 1352 primus
512 1296 562 1335 ab
589 1294 664 1332 isto
694 1291 812 1329 iudex
841 1285 1006 1325 reiectus
1036 1288 1105 1327 est,
1129 1279 1197 1317 sed
1225 1279 1276 1316 de
1302 1278 1413 1313 latro-

87 1383 194 1416 num,
228 1370 305 1407 hoc
339 1372 397 1404 est
431 1364 481 1402 de
513 1358 703 1399 comitum
743 1363 902 1392 suorum
942 1344 1135 1386 sententia
1173 1342 1415 1380 condemnat

28 1452 70 1476 πο
89 1434 229 1475 omnis.
290 1431 370 1470 Hie
404 1426 537 1467 cuncti
576 1420 711 1467 Siculi,
743 1412 960 1456 fidelissimi
998 1419 1117 1460 atque
1154 1402 1415 1455 antiquissimi
1438 1414 1497 1445 115

89 1501 197 1547 socii,
220 1495 395 1550 plurimis
415 1490 559 1533 adfecti
580 1484 781 1527 beneficiis
802 1496 823 1520 a
845 1477 1057 1518 maioribus
1078 1472 1230 1518 nostris,
1254 1469 1417 1520 graviter

89 1569 390 1606 commoventur
410 1566 448 1597 et
468 1558 519 1596 de
545 1553 624 1593 suis
651 1546 832 1601 periculis
860 1541 1103 1590 fortunisque
1128 1536 1313 1576 omnibus
1337 1546 1419 1584 per-

91 1631 326 1670 timescunt:
370 1622 530 1671 indigne
564 1620 693 1657 ferunt
727 1614 833 1651 illam
868 1605 1118 1647 clementiam
1154 1596 1421 1640 mansuetudi-

92 1706 263 1744 nemque
298 1687 420 1729 nostri
454 1682 592 1735 imperi
631 1681 671 1718 in
710 1684 860 1717 tantam
896 1669 1168 1711 crudelitatem
1202 1660 1421 1702 inhumani-

35 1774 74 1806 25
93 1767 294 1807 tatemque
329 1766 414 1793 esse
453 1758 694 1791 conversam,
729 1735 986 1781 condemnari
1026 1740 1083 1772 tot
1121 1729 1303 1769 homines
1342 1738 1423 1764 uno

94 1832 271 1873 tempore
291 1819 401 1858 nullo
421 1813 596 1859 crimine,
618 1806 891 1850 defensionem
917 1812 1077 1839 suorum
1102 1798 1293 1834 furtorum
1318 1803 1424 1842 prae-

95 1896 220 1927 torem
241 1883 467 1934 improbum
491 1892 539 1917 ex
564 1871 837 1924 indignissima
865 1873 989 1906 morte
1015 1859 1289 1902 innocentium
1310 1868 1426 1906 quae-

97 1965 190 1991 rere.
250 1947 360 1987 Nihil
394 1943 488 1984 addi
521 1942 599 1980 iam
630 1938 792 1980 videtur,
825 1931 986 1975 iudices,
1024 1928 1074 1966 ad
1108 1927 1210 1963 hanc
1241 1918 1426 1970 improbi-

98 2024 219 2055 tatem
268 2010 481 2051 amentiam
530 2002 883 2047 crudelitatemque
932 2006 1059 2043 posse‚
1100 1998 1138 2029 et
1181 1994 1286 2026 recte
1329 1982 1426 2022 nihil

42 2098 82 2131 30
100 2080 265 2120 videtur.
329 2076 433 2114 Nam
468 2071 500 2109 si
534 2081 625 2107 cum
657 2065 821 2104 aliorum
858 2056 1109 2108 improbitate
1143 2058 1275 2098 certet,
1311 2050 1428 2098 longe

145 2193 165 2222 5
190 2181 249 2213 sed
265 2185 336 2210 tum
353 2177 394 2207 ab
406 2180 430 2216 p
527 2174 548 2202 6
571 2168 881 2202 sceleratorumque
893 2160 958 2201 pleb
975 2157 1231 2198 (sceleratorum
1248 2152 1283 2193 q)
1301 2150 1427 2182 Cluent.

106 2231 122 2264 ξ
143 2236 201 2265 171
222 2236 228 2255 :
253 2223 382 2254 scelere
395 2227 493 2258 quam
511 2224 597 2255 quae
614 2209 713 2242 RSD
728 2221 735 2240 ι
759 2206 992 2242 scelerumque
1009 2200 1130 2231 Lamb.
1149 2197 1219 2228 edd.
1394 2201 1428 2222 11

104 2270 259 2301 libertate
284 2263 422 2296 R²SD2
456 2270 523 2290 —em
548 2257 613 2288 R¹5
746 2263 786 2290 24
813 2250 846 2279 in
873 2251 1000 2278 tantam
1031 2245 1118 2284 Vpfi:
1153 2245 1280 2272 tantam
1306 2238 1339 2268 in
1369 2234 1434 2267 RS

106 2324 146 2352 27
171 2308 401 2343 innocentium
423 2305 490 2335 Va:
513 2310 584 2332 -um
602 2297 665 2330 RS
797 2303 838 2332 29
863 2291 909 2322 nil
927 2287 1093 2325 Zielinski,
1109 2291 1142 2326 p.
1164 2284 1224 2323 178
