1600 2704
60 116 328 156 ACTIONIS
351 116 411 154 IN
434 116 478 155 C.
501 115 743 153 VERREM
765 115 1064 155 SECVNDAE
1086 117 1190 155 LIB.
1216 117 1274 155 IV
1347 126 1391 154 21

58 225 139 265 Hic
166 237 265 275 quos
297 223 442 274 putatis
469 223 583 262 fletus
607 222 827 271 mulierum,
850 236 947 273 quas
976 224 1277 263 lamentationes
1307 225 1390 264 fieri

56 290 187 329 solitas
213 302 298 328 esse
322 288 362 327 in
391 288 500 327 hisce
526 288 674 327 rebus?
702 301 804 338 quae
830 287 990 326 forsitan
1011 288 1123 327 vobis
1144 301 1284 338 parvae
1304 302 1389 328 esse

55 354 270 400 videantur,
305 354 374 393 sed
408 367 595 404 magnum
627 360 666 392 et
699 353 885 392 acerbum
915 353 1094 392 dolorem
1123 361 1387 400 commovent,

53 418 292 458 mulierculis
314 417 553 469 praesertim,
575 431 666 457 curn
693 417 908 468 eripiuntur
928 430 950 456 e
971 416 1154 456 manibus
1179 430 1225 455 ea
1245 417 1388 467 quibus

16 497 32 529 5
52 484 103 522 ad
127 497 187 523 res
217 483 369 522 divinas
390 482 446 522 uti
467 490 718 530 consuerunt,
742 494 844 532 quae
864 495 887 520 a
907 481 986 520 suis
1014 489 1263 533 acceperunt,
1286 495 1387 532 quae

53 547 93 587 in
114 548 261 587 familia
283 561 438 599 semper
457 549 625 587 fuerunt.

106 612 188 651 Hic
209 612 330 652 nolite
351 620 577 663 exspectare
597 613 693 652 dum
719 625 792 663 ego
822 613 920 651 haec
947 612 1112 651 crimina
1134 625 1248 663 agam
1275 612 1388 651 ostia-

51 676 133 724 tim,
166 677 216 715 ab
251 678 450 726 Aeschylo
489 677 760 727 Tyndaritano
798 677 916 716 istum
955 684 1130 728 pateram
1167 677 1386 723 abstulisse,

50 754 74 780 a
111 742 318 780 Thrasone
357 741 451 781 item
491 741 762 792 Tyndaritano
800 743 996 792 patellam,
1036 755 1059 779 a
1098 743 1389 791 Nymphodoro

0 821 33 844 ιο
52 805 310 856 Agrigentino
339 805 565 845 turibulum.
625 807 729 847 Cum
761 806 870 844 testis
897 819 943 844 ex
974 806 1105 845 Sicilia
1128 807 1246 853 dabo,
1269 819 1388 856 quem

50 872 157 910 volet
187 870 252 910 ille
281 870 397 921 eligat
424 884 543 922 quem
573 885 647 922 ego
682 871 916 921 interrogem
951 872 1002 910 de
1032 871 1196 922 patellis,
1233 871 1386 922 pateris,

52 935 256 974 turibulis:
305 949 386 975 non
432 937 554 975 modo
594 935 787 986 oppidum
833 937 996 982 nullum,
1038 936 1108 975 sed
1151 949 1201 975 ne
1244 937 1387 975 domus

51 1001 213 1051 quidem
241 1004 320 1041 ulla
350 1004 471 1053 paulo
502 1002 734 1053 locupletior
764 1015 900 1052 expers
934 1001 1050 1040 huius
1081 1001 1245 1041 iniuriae
1275 1015 1386 1052 repe-

50 1065 178 1104 rietur.
240 1068 319 1116 Qui
345 1080 435 1106 cum
468 1067 508 1105 in
540 1067 765 1106 convivium
792 1066 974 1113 venisset,
1003 1066 1034 1104 si
1061 1066 1275 1117 quicquam
1305 1079 1387 1106 cae-

0 1146 30 1178 15
50 1130 118 1169 lati
164 1139 378 1182 aspexerat,
424 1144 565 1170 manus
627 1131 836 1176 abstinere,
878 1130 1040 1177 iudices,
1092 1144 1173 1170 non
1221 1138 1385 1181 poterat.

51 1196 124 1235 Cn.
149 1196 361 1247 Pompeius
387 1203 456 1243 est,
480 1195 596 1235 Philo
625 1195 693 1246 qui
715 1195 797 1242 suit,
821 1195 1124 1245 Tyndaritanus.
1186 1196 1226 1234 Is
1247 1208 1386 1235 cenam

49 1261 110 1300 isti
159 1263 279 1301 dabat
335 1262 443 1313 apud
489 1261 621 1300 villam
666 1261 707 1300 in
756 1261 1038 1311 Tyndaritano.
1116 1261 1226 1300 Fecit
1277 1264 1386 1312 quod

50 1326 170 1366 Siculi
202 1341 283 1366 non
315 1327 541 1375 audebant3
571 1326 647 1374 ille,
681 1326 775 1365 civis
812 1328 1019 1365 Romanus
1050 1327 1159 1376 quod
1190 1334 1281 1373 erat,
1320 1327 1386 1365 im-

50 1391 194 1443 punius
229 1392 269 1431 id
294 1405 335 1431 se
365 1393 558 1431 facturum
595 1391 745 1443 putavit
761 1406 771 1439 3
809 1390 994 1441 adposuit
1025 1392 1208 1441 patellam
1239 1391 1279 1429 in
1309 1405 1388 1441 qua

0 1469 33 1493 ao
52 1455 176 1506 sigilla
204 1464 314 1495 erant
343 1456 506 1507 egregia.
567 1457 647 1495 Iste
674 1455 865 1495 continuo
891 1463 933 1494 ut
954 1455 1061 1502 vidit,
1088 1469 1169 1494 non
1194 1456 1387 1495 dubitavit

51 1520 148 1560 illud
170 1522 322 1573 insigne
342 1522 545 1573 penatium
571 1520 905 1572 hospitaliumque
932 1521 1096 1560 deorum
1127 1534 1174 1559 ex
1203 1521 1387 1571 hospitali

50 1600 187 1626 mensa
218 1589 368 1636 tollere,
392 1589 462 1627 sed
493 1595 637 1635 tamen,
666 1588 775 1638 quod
804 1594 895 1625 ante
929 1587 979 1625 de
1006 1586 1117 1625 istius
1150 1586 1388 1626 abstinentia

49 1651 235 1700 dixeram,
260 1652 392 1703 sigillis
412 1652 556 1692 avulsis
578 1652 771 1702 reliquum
800 1658 1004 1701 argentum
1026 1650 1110 1690 sine
1130 1652 1208 1689 ulla
1228 1651 1387 1690 avaritia

49 1717 230 1757 reddidit.
273 1717 412 1766 Quid?
451 1719 675 1768 Eupolemo
690 1716 906 1764 Calactino,
925 1717 1076 1754 homini
1095 1715 1228 1762 nobili,
1247 1717 1387 1755 Lucul-

0 1798 31 1831 25
49 1782 176 1821 lorum
198 1782 343 1834 hospiti
364 1795 410 1823 ac
430 1782 690 1834 perfamiliari,
713 1782 780 1832 qui
807 1795 913 1820 nunc
933 1782 1040 1832 apud
1060 1781 1273 1820 exercitum
1295 1795 1385 1820 curn

50 1848 93 1886 L.
132 1849 299 1887 Lucullo
338 1856 406 1895 est,
447 1861 529 1888 non
568 1847 675 1887 idem
712 1848 833 1886 fecit?
907 1846 1087 1886 Cenabat
1124 1847 1231 1896 apud
1270 1859 1386 1893 eum;

49 1921 253 1963 argentum
289 1914 352 1952 ille
391 1920 565 1952 ceterum
604 1925 746 1963 purum
786 1913 1034 1963 adposuerat,
1068 1925 1118 1950 ne
1152 1924 1271 1961 purus
1302 1910 1386 1960 ipse

49 1977 341 2029 relinqueretur,
370 1979 452 2017 duo
485 1979 629 2029 pocula
660 1990 741 2016 non
776 1990 933 2028 magna,
960 1989 1095 2015 verum
1130 1983 1262 2014 tamen
1294 1988 1385 2014 cum

49 2043 297 2082 emblemate.
350 2042 430 2081 Hic
451 2050 655 2092 tamquam
672 2040 855 2081 festivum
877 2054 1068 2086 acroama,
1089 2053 1138 2078 ne
1159 2039 1243 2078 sine
1264 2041 1386 2078 corol-

0 2121 32 2154 30
49 2108 144 2147 lario
174 2109 224 2147 de
253 2107 435 2146 convivio
469 2107 700 2153 discederet,
722 2105 872 2145 ibidem
906 2105 1081 2144 convivis
1115 2104 1384 2155 spectantibus

50 2173 287 2212 emblemata
307 2173 512 2211 evellenda
533 2171 691 2211 curavit.

105 2238 247 2288 Neque
278 2251 351 2288 ego
385 2250 491 2276 nunc
530 2236 641 2275 istius
674 2237 777 2275 facta
810 2236 945 2274 omnia
983 2247 1212 2274 enumerare
1250 2247 1383 2282 conor,

50 2314 178 2351 neque
209 2315 309 2352 opus
340 2309 399 2342 est
429 2315 503 2341 nec
535 2302 617 2340 fieri
644 2302 725 2339 ullo
752 2301 874 2339 modo
903 2307 1056 2350 potest:
1086 2306 1238 2339 tanturn
1269 2300 1384 2338 unius

93 2415 112 2435 2
137 2415 239 2444 parva
252 2404 361 2437 Halm
552 2415 588 2436 11
616 2405 657 2436 de
676 2403 823 2445 patellis,
846 2404 986 2444 pateris,
1004 2402 1161 2435 turibulis
1174 2402 1235 2434 del.
1253 2401 1383 2440 Eberh„

50 2447 139 2478 Nolzl
257 2458 295 2488 13
319 2448 410 2480 nulla
427 2449 490 2479 Rs

1410 129 1453 163 47

1408 594 1459 621 22

1407 645 1448 685 48

1405 1723 1449 1754 49
