1600 2704
84 113 127 151 18
146 126 188 159 45
512 110 569 147 M.
600 109 770 147 TVLLI
801 107 1107 148 CICERONIS

144 228 307 273 putaret.
341 220 449 268 Quid
466 219 570 258 enim
588 219 658 258 tibi
672 219 793 258 navi?
817 219 883 269 qui
898 219 1023 269 siquo
1035 217 1193 269 publice
1206 217 1472 268 proficisceris,

144 285 313 337 praesidi
345 292 383 324 et
414 292 595 324 vecturae
627 297 745 322 causa
783 291 943 334 sumptu
982 282 1144 334 publico
1181 282 1334 333 navigia
1371 296 1476 333 prae-

145 352 289 389 bentur
303 365 313 399 3
342 349 521 400 privatim
551 356 683 387 autern
713 361 787 387 nec
817 347 1011 399 proficisci
1042 360 1244 398 quoquam
1271 355 1383 398 potes
1403 361 1476 387 nec

145 429 340 454 arcessere
370 428 429 454 res
459 413 735 453 transmarinas
766 427 813 452 ex
842 412 887 451 iis
917 412 1013 452 locis
1038 412 1078 450 in
1110 411 1254 462 quibus
1275 420 1313 451 te
1332 413 1477 452 habere
1573 460 1580 473 Ἴ

83 485 125 526 46
146 481 244 519 nihil
276 482 375 519 licet.
437 479 594 518 Deinde
633 491 701 517 cur
739 477 952 528 quicquam
992 485 1127 516 contra
1166 479 1270 528 leges
1304 478 1478 529 parasti?
1497 492 1514 524 5
1578 482 1580 490 ¹

146 547 303 584 Valeret
333 547 409 583 hoc
440 544 587 583 crimen
617 543 657 581 in
683 543 748 581 illa
768 550 898 581 vetere
923 542 1127 581 severitate
1148 556 1193 581 ac
1215 542 1403 593 dignitate
1423 541 1477 580 rei

145 610 355 660 publicae3
384 621 491 646 nunc
521 621 603 647 non
633 608 755 646 modo
785 613 823 645 te
852 608 928 645 hoc
960 607 1123 646 crimine
1148 620 1228 646 non
1256 620 1385 657 arguo,
1408 607 1478 645 sed

146 688 195 712 ne
220 674 284 712 illa
304 674 467 724 quidem
495 672 698 713 communi
719 671 1004 722 vituperatione
1026 673 1296 721 reprehendo:
1325 674 1387 710 Tu
1408 671 1478 710 tibi

146 740 221 776 hoc
261 750 480 787 numquam
523 745 647 787 turpe,
688 749 906 786 numquam
954 735 1221 783 criminosum,
1262 749 1478 786 numquam
1572 778 1578 792 ·.

145 802 385 841 invidiosum
413 803 495 841 fore
525 800 682 853 putasti,
717 800 973 840 celeberrimo
1004 803 1093 840 loco
1118 803 1248 851 palam
1277 800 1349 840 tibi
1376 801 1479 840 aedi·
1500 817 1538 840 10
1576 798 1579 832 3?

145 868 251 906 ficari
281 866 499 906 onerariam
528 879 672 906 navem
700 865 741 904 in
771 865 972 916 provincia
992 878 1111 916 quam
1142 873 1184 904 tu
1205 879 1295 905 cum
1315 865 1481 917 imperio
1575 865 1579 872 '

145 932 389 971 obtinebas?
443 931 553 979 Quid
581 945 649 971 eos
679 931 788 982 loqui
817 930 885 982 qui
907 930 1105 979 videbant,
1138 931 1234 981 quid
1262 931 1480 972 existimare

146 1011 214 1036 eos
235 997 302 1048 qui
321 996 538 1037 audiebant
558 997 795 1037 arbitrabare
812 999 828 1036 ?
857 996 1015 1036 inanem
1043 1004 1081 1036 te
1108 1010 1249 1036 navem
1269 1011 1354 1037 esse
1375 999 1480 1037 illam

146 1063 186 1100 in
202 1062 358 1101 Italiam
371 1064 667 1102 adducturum?
696 1061 985 1109 naviculariam,
1001 1075 1091 1100 curn
1108 1063 1279 1101 Romam
1295 1062 1479 1111 venisses,

147 1141 233 1167 esse
256 1129 450 1167 facturum
467 1130 485 1166 ?
540 1129 604 1167 Ne
635 1127 732 1166 illud
756 1126 918 1177 quidem
944 1127 1153 1178 quisquam
1184 1135 1336 1178 poterat
1360 1128 1481 1179 suspi-
1501 1140 1540 1174 15
1576 1130 1577 1138 ¹

148 1193 237 1241 cari,
268 1201 306 1232 te
336 1193 376 1232 in
405 1192 520 1232 Italia
545 1192 785 1232 maritimum
816 1193 961 1232 habere
991 1193 1160 1232 fundum
1191 1200 1230 1232 et
1254 1193 1305 1232 ad
1334 1194 1480 1232 fructus

147 1259 416 1309 deportandos
464 1258 683 1298 onerariam
727 1271 868 1298 navem
915 1271 1152 1309 comparare.
1228 1258 1323 1297 Eius
1372 1260 1482 1298 modi

148 1323 304 1361 voluisti
325 1324 376 1362 de
396 1330 435 1362 te
457 1336 681 1363 sermonem
702 1336 787 1362 esse
809 1323 987 1363 omnium
1011 1324 1141 1374 palam
1163 1330 1206 1361 ut
1227 1324 1482 1374 loquerentur

148 1395 186 1426 te
216 1388 322 1426 illam
351 1401 493 1428 navem
523 1401 659 1439 parare
687 1401 788 1439 quae
818 1389 1004 1439 praedam
1026 1402 1073 1428 ex
1094 1388 1224 1428 Sicilia
1244 1389 1479 1440 deportaret,

88 1462 128 1497 47
149 1461 185 1491 et
216 1454 268 1492 ad
300 1466 346 1492 ea
377 1455 477 1491 furta
508 1466 609 1503 quae
641 1452 862 1503 reliquisses
898 1460 1147 1493 commearet.
1203 1454 1352 1493 Verum
1384 1455 1482 1494 haec
1502 1467 1541 1490 20
1574 1462 1575 1476 ³

146 1519 292 1566 omnia,
314 1518 347 1557 si
366 1520 487 1558 doces
508 1531 652 1557 navem
677 1519 728 1557 de
755 1526 821 1557 tua
851 1519 1018 1569 pecunia
1045 1518 1303 1567 aedificatam,
1325 1520 1481 1559 remitto

146 1592 266 1634 atque
297 1585 490 1622 concedo.
547 1584 625 1622 Sed
657 1584 745 1630 hoc,
778 1584 901 1622 homo
933 1584 1212 1632 amentissime,
1252 1597 1334 1623 non
1373 1583 1482 1623 intel-

146 1648 242 1698 legis
272 1647 399 1698 priore
427 1647 584 1686 actione
612 1647 663 1686 ab
693 1647 786 1697 ipsis
816 1647 898 1686 istis
928 1649 1187 1696 Mamertinis,
1210 1650 1286 1687 tuis
1307 1649 1482 1687 laudato-

148 1713 265 1760 ribus,
289 1726 374 1752 esse
394 1713 623 1751 sublatum?
679 1714 783 1751 Nam
809 1712 905 1752 dixit
932 1713 1070 1761 Heius,
1093 1713 1274 1764 princeps
1302 1712 1479 1760 civitatis,

149 1778 330 1828 princeps
352 1777 462 1816 istius
489 1776 692 1828 legationis
714 1791 815 1828 quae
844 1779 894 1817 ad
926 1785 1033 1816 tuam
1063 1778 1331 1817 laudationem
1362 1777 1480 1816 missa
1501 1791 1540 1822 25
1566 1803 1567 1822 2

148 1851 219 1891 est,
241 1857 381 1882 navem
412 1842 482 1881 tibi
511 1842 640 1893 operis
669 1842 837 1893 publicis
869 1842 1198 1881 Mamertinorum
1218 1855 1303 1881 esse
1324 1843 1478 1889 factam,

149 1907 265 1958 eique
285 1907 488 1946 faciendae
509 1914 730 1946 senatorem
762 1907 1045 1946 Mamertinum
1070 1906 1228 1957 publice
1255 1906 1479 1957 praefuisse.

152 1971 321 2022 Reliqua
359 1979 417 2010 est
457 1970 645 2011 materies.
722 1973 841 2010 Hanc
881 1971 1058 2022 Reginis,
1096 1978 1138 2009 ut
1176 1970 1250 2021 ipsi
1289 1971 1481 2009 dicunt—

150 2036 306 2076 tametsi
344 2043 387 2075 tu
424 2049 566 2086 negare
604 2049 685 2075 non
724 2035 1062 2087 potes—publice,
1102 2036 1212 2085 quod
1252 2035 1479 2073 Mamertini

198 2151 212 2172 1
239 2140 314 2179 Quo
332 2140 422 2170 enim
441 2139 544 2171 Prisc.
627 2139 703 2171 navi
722 2140 841 2180 (nave)
866 2149 950 2179 opus
967 2139 1028 2170 fuit
1044 2139 1145 2170 Prisc.
1161 2140 1178 2169 δ
1254 2138 1479 2179 proficisceris

154 2209 161 2215 .
179 2208 185 2214 .
204 2207 210 2214 .
233 2185 436 2223 praebentur
453 2195 474 2213 π
490 2195 496 2214 :
520 2183 785 2223 proficiscereris
803 2207 810 2214 .
835 2207 841 2213 .
861 2206 868 2214 .
886 2184 1131 2223 praeberentur
1146 2181 1211 2213 RS
1402 2192 1421 2212 2
1446 2187 1479 2212 et

154 2227 312 2266 praesidii
330 2228 346 2256 δ
499 2237 518 2264 4
542 2236 717 2258 arcessere
734 2238 755 2256 π
772 2237 778 2256 ;
804 2235 977 2257 accersere
994 2225 1078 2257 RS&
1095 2226 1155 2266 (iv,
1178 2229 1193 2263 ξ
1215 2227 1290 2265 115)
1458 2235 1479 2264 9

153 2274 250 2309 turpe
268 2280 448 2309 numquam
468 2280 532 2301 om.
547 2271 591 2310 pb
608 2281 615 2300 :
638 2274 737 2309 turpe
756 2279 819 2300 om.
841 2269 881 2309 qk
1034 2280 1067 2300 11
1096 2269 1129 2299 in
1148 2279 1187 2300 ea
1205 2270 1221 2299 δ
1357 2279 1394 2307 14
1420 2269 1478 2298 de-

154 2312 329 2343 ducturum
349 2315 365 2342 δ
454 2313 691 2343 naviculariam
708 2318 741 2344 te
758 2313 775 2342 δ
929 2322 970 2350 23
994 2312 1069 2343 istis
1086 2312 1169 2351 ipsis
1188 2312 1254 2343 tuis
1269 2311 1369 2343 Mam.
1387 2312 1475 2342 laud.

148 2356 213 2394 pk&
332 2366 373 2396 24
398 2357 557 2395 princeps
574 2356 717 2387 civitatis
728 2356 830 2396 prkfiz
853 2366 918 2387 om.
936 2354 1030 2387 st
1050 2355 1097 2395 (ii,
1121 2359 1136 2393 ξ,
1158 2356 1212 2396 13)
1335 2355 1377 2385 26
1402 2364 1477 2386 esse

152 2398 362 2430 aedificatam
374 2400 418 2438 pb
508 2409 548 2438 27
573 2404 725 2430 senatum
742 2399 856 2430 Monet
