1600 2704
86 147 358 186 ACTIONIS
389 148 451 186 IN
481 148 526 187 C.
549 148 793 184 VERREM
824 148 1125 187 SECVNDAE
1156 150 1261 187 LIB.
1285 150 1327 187 II
1364 159 1419 198 45
1442 161 1499 185 111
1526 127 1531 131 »

85 266 124 297 et
155 260 205 297 de
239 266 308 298 tuo
339 258 414 298 isto
448 260 593 298 scelere
627 258 776 297 nefario
809 258 864 296 nil
899 272 1065 308 queror3
1103 260 1180 297 hoc
1214 260 1304 298 dico
1335 273 1417 299 non

83 323 129 362 iis
168 323 236 374 qui
274 323 482 363 Sthenium
520 331 675 370 norunt,
717 325 794 363 hoc
826 331 885 362 est
923 324 1073 363 nemini
1106 338 1242 363 eorum
1278 325 1344 374 qui
1377 326 1416 363 in

84 388 215 427 Sicilia
248 390 595 437 fuerunt,—nemo
633 388 739 427 enirn
771 388 924 439 ignorat
962 402 1043 438 quo
1077 388 1142 427 hic
1182 389 1222 427 in
1258 389 1417 428 civitate

83 466 153 491 sua
191 455 411 504 splendore,
453 467 531 504 qua
568 454 676 504 apud
713 453 843 492 omnis
883 453 1035 492 Siculos
1076 453 1266 503 dignitate
1297 461 1417 504 atque

42 530 64 561 5
83 518 372 557 existimatione
404 518 477 566 sit3
515 520 586 557 sed
619 526 662 557 ut
686 518 741 557 illi
775 532 936 569 quoque
967 518 1035 569 qui
1070 519 1110 557 in
1141 532 1187 557 ea
1216 519 1417 570 provincia

83 597 164 622 non
193 584 350 621 fuerunt
378 582 604 634 intellegere
630 583 784 634 possint
808 583 848 622 in
875 597 956 634 quo
983 584 1146 623 homine
1173 592 1215 622 tu
1237 585 1417 623 statueris

82 649 306 698 exemplum
338 647 421 687 eius
453 648 574 695 modi,
612 650 722 698 quod
756 661 847 686 cum
882 657 1041 699 propter
1072 649 1320 699 iniquitatem
1362 650 1416 689 rei

81 722 165 751 tum
195 713 313 753 etiam
343 721 502 765 propter
530 714 703 753 hominis
737 715 971 765 dignitatem
1003 716 1191 755 acerbum
1228 717 1415 755 omnibus

79 786 199 829 atque
219 778 510 818 intolerandum
530 780 736 819 videretur.
782 782 905 819 Estne
926 781 1110 820 Sthenius
1132 781 1162 819 is
1184 782 1261 831 qui,
1286 782 1415 821 omnis
1434 762 1491 808 46

23 861 63 883 10
81 845 252 882 honores
273 843 383 883 dorni
404 857 497 883 suae
524 843 709 883 facillime
729 857 820 882 00111
841 846 1009 895 adeptus
1037 853 1150 893 esset,
1173 846 1416 896 amplissime
1440 831 1498 853 ¹¹²

80 922 126 947 30
166 908 554 960 magnificentissime
584 909 713 959 gessit,
749 909 817 959 qui
851 909 1045 960 oppidum
1086 923 1167 948 non
1200 911 1415 950 maximum

80 973 260 1012 maximis
281 988 327 1012 ex
356 973 525 1024 pecunia
546 987 615 1012 sua
639 973 735 1012 locis
756 975 1037 1013 communibus
1066 976 1416 1026 monumentisque

79 1038 291 1086 decoravit,
309 1038 421 1077 cuius
442 1040 492 1077 de
513 1038 659 1077 meritis
680 1038 719 1076 in
741 1052 823 1076 rem
844 1038 1044 1088 publicam
1066 1039 1415 1078 Thermitanorum

81 1104 315 1154 Siculosque
336 1103 538 1142 universos
559 1102 631 1141 fuit
645 1116 769 1141 aenea
789 1103 923 1141 tabula
944 1103 1019 1141 fixa
1039 1104 1222 1142 Thermis
1240 1104 1279 1142 in
1297 1105 1413 1152 curia,

23 1184 61 1216 ¹5
81 1170 121 1208 in
142 1183 220 1220 qua
240 1168 399 1219 publice
419 1175 500 1206 erat
520 1168 570 1206 de
590 1167 707 1205 huius
728 1167 932 1206 beneficiis
949 1168 1135 1219 scriptum
1159 1177 1197 1207 et
1218 1168 1416 1208 incisum?

80 1247 182 1284 quae
215 1234 350 1271 tabula
381 1240 465 1271 tum
498 1231 664 1282 imperio
695 1239 764 1270 tuo
795 1234 958 1279 revulsa,
995 1246 1102 1271 nunc
1135 1247 1157 1272 a
1188 1247 1251 1273 me
1281 1242 1414 1274 tamen

79 1301 285 1350 deportata
332 1305 401 1345 est,
447 1304 490 1336 ut
537 1310 676 1335 omnes
719 1296 835 1335 huius
876 1299 1048 1336 honores
1096 1298 1196 1337 inter
1236 1312 1328 1338 suos
1375 1307 1414 1338 et

78 1363 382 1414 amplitudinem
422 1369 583 1412 possent
622 1375 871 1412 cognoscere.
934 1364 1057 1401 Estne
1096 1363 1160 1402 hic
1200 1364 1266 1413 qui
1306 1366 1413 1414 apud
1439 1380 1497 1411 113

80 1430 153 1469 Cn.
192 1427 439 1478 Pompeium,
472 1426 729 1466 clarissimum
761 1426 898 1474 virum,
931 1441 1021 1466 00111
1056 1436 1263 1467 accusatus
1297 1437 1413 1477 esset,

18 1511 61 1533 20
79 1495 189 1544 quod
223 1501 382 1544 propter
411 1493 456 1532 C.
490 1491 593 1530 Mari
621 1491 923 1530 familiaritatem
958 1500 995 1531 et
1030 1492 1413 1543 hospitium-contra

79 1572 161 1598 rem
199 1558 400 1609 publicam
440 1557 608 1596 sensisse
647 1570 738 1595 eum
777 1556 925 1596 inimici
965 1565 1003 1596 et
1042 1566 1289 1598 accusatores
1328 1559 1411 1598 eius

78 1623 268 1671 dicerent,
317 1636 488 1673 cumque
531 1621 654 1672 magis
701 1621 899 1661 invidioso
941 1622 1104 1661 crimine
1152 1636 1271 1673 quam
1320 1637 1411 1663 vero

78 1697 346 1736 arcesseretur‚
370 1688 423 1727 ita
451 1702 475 1727 a
499 1688 572 1728 Cn.
596 1687 790 1737 Pompeio
810 1688 1015 1726 absolutus
1042 1696 1100 1727 est
1125 1696 1167 1727 ut
1188 1689 1227 1727 in
1249 1702 1297 1729 eo
1325 1689 1411 1740 ipso

78 1754 226 1793 iudicio
248 1753 462 1805 Pompeius
482 1755 590 1792 hunc
610 1752 784 1803 hospitio
805 1766 878 1791 suo
898 1753 1173 1803 dignissimum
1195 1757 1411 1794 statueret?

15 1835 58 1867 25
79 1819 132 1858 ita
158 1832 275 1870 porro
300 1820 482 1858 laudatus
507 1819 774 1868 defensusque
794 1817 845 1856 ab
867 1818 1053 1857 omnibus
1078 1818 1218 1858 Siculis
1240 1827 1282 1858 ut
1303 1819 1408 1858 idem

80 1884 294 1934 Pompeius
314 1897 396 1923 non
415 1884 466 1922 ab
486 1883 649 1922 homine
670 1884 810 1930 solum,
834 1884 904 1922 sed
925 1883 1042 1921 etiarn
1063 1897 1085 1922 a
1106 1884 1307 1934 provincia
1327 1891 1410 1923 tota

78 1961 119 1986 se
140 1948 256 1986 huius
283 1947 532 1987 absolutione
559 1946 656 1986 inire
680 1946 842 1997 gratiam
867 1947 1145 1986 arbitraretur?
1202 1950 1409 1986 Postremo

77 2020 188 2051 estne
208 2012 273 2050 hic
294 2011 361 2062 qui
382 2019 420 2050 01
440 2011 616 2050 animum
642 2011 682 2049 in
703 2024 785 2050 rem
807 2011 1007 2061 publicam
1036 2011 1173 2050 habuit
1194 2012 1277 2050 eius
1299 2012 1408 2051 modi

77 2085 115 2116 et
136 2084 290 2115 tantum
314 2076 546 2115 auctoritate
565 2076 672 2126 apud
699 2088 791 2114 suos
812 2075 907 2114 civis
932 2075 1060 2126 potuit
1081 2084 1123 2114 ut
1144 2077 1346 2126 perficeret
1367 2077 1407 2115 in

17 2155 59 2187 30
78 2141 210 2181 Sicilia
231 2143 337 2181 solus
357 2148 396 2180 te
419 2148 608 2192 praetore,
632 2142 741 2190 quod
768 2153 850 2180 non
871 2142 994 2180 modo
1023 2140 1176 2180 Siculus
1195 2154 1315 2180 nemo
1336 2143 1406 2181 sed

122 2255 136 2276 1
163 2246 292 2277 scelere
309 2245 439 2276 nefario
459 2243 553 2285 Opq:
578 2243 643 2275 nef.
661 2243 739 2276 scel.
761 2244 779 2274 b
796 2243 863 2274 rell.
978 2243 1024 2274 ni}
1042 2244 1164 2285 scripsi.
1178 2244 1257 2276 Ziel.
1277 2249 1407 2277 secutus

78 2287 130 2328 (p.
154 2291 230 2330 144)
409 2290 430 2319 6
455 2292 527 2328 tup
545 2287 610 2319 rell.
628 2299 635 2317 :
663 2297 729 2318 om.
751 2287 782 2318 O
961 2297 976 2325 7
1003 2288 1076 2318 eius
1087 2293 1156 2327 pq:
1191 2289 1290 2319 huius
1310 2288 1350 2319 0¹
1369 2290 1406 2319 ὸδ

79 2342 116 2371 17
141 2333 320 2372 deportata
338 2331 408 2363 (50¹
424 2343 430 2362 :
466 2336 593 2371 report.
615 2330 680 2362 rell.
787 2330 886 2361 huius
905 2329 951 2371 Cp
968 2330 1033 2362 rell.
1050 2342 1055 2361 ι
1081 2331 1152 2362 eius
1173 2331 1203 2362 Ο
1363 2344 1404 2363 22

12 2410 18 2413 ,
76 2385 219 2415 cumque
235 2376 298 2406 nk:
332 2385 405 2406 curn
422 2385 490 2414 quo
508 2374 601 2406 CO¹:
627 2374 715 2413 quod
732 2383 806 2405 cum
827 2374 864 2404 ὁδ
1006 2384 1048 2414 23
1072 2385 1091 2405 a
1108 2386 1172 2405 om.
1193 2375 1221 2405 C
1362 2387 1403 2414 24

75 2423 239 2450 statueret
258 2417 337 2450 COb
353 2418 406 2460 (ut
420 2419 499 2450 coni.
516 2417 662 2459 Ernesti)
680 2429 686 2448 x
711 2418 865 2448 statuerit
883 2417 946 2449 rell.
1096 2428 1138 2458 29
1162 2419 1349 2492 civeslsltssos
1366 2430 1406 2458 qr
