1600 2704
70 150 127 189 49

80 680 134 717 50

75 738 134 769 123

150 154 209 178 122
516 133 561 170 Μ
605 127 773 169 TVLLI
804 120 1111 166 CICERONIS

146 247 377 289 auctoritate
411 252 449 284 et
484 240 791 282 Halaesinorum
831 246 986 274 summa
1022 232 1224 270 voluntate
1257 227 1472 265 valuerunt.

147 315 212 353 Ab
232 313 308 352 isto
328 318 366 350 et
386 321 539 361 praeco,
562 304 629 356 qui
649 302 784 349 voluit,
806 300 917 338 illum
938 295 1117 336 ordinem
1137 291 1263 344 pretio
1283 296 1477 329 mercatus

148 387 218 426 est,
253 385 291 417 et
325 374 434 428 pueri
465 382 658 412 annorum
690 379 830 407 senum
859 370 1147 414 septenumque
1184 358 1332 397 denum
1371 366 1479 393 sena-

149 443 293 484 torium
331 452 479 480 nomen
513 433 723 476 nundinati
754 438 871 478 sunt3
909 435 947 467 et
981 425 1089 477 quod
1130 419 1348 466 Halaesini,
1385 417 1480 456 anti-

150 506 330 560 quissimi
350 512 388 544 et
409 499 625 542 fidelissimi
642 496 737 537 socii
752 504 872 545 atque
891 490 1019 538 amici,
1044 491 1198 527 Romae
1214 485 1480 534 impetrarant,
1503 493 1521 524 5

151 581 194 612 ut
214 572 321 623 apud
342 583 383 608 se
404 582 453 606 ne
474 562 662 614 suffragiis
682 560 845 612 quidem
865 556 947 596 fieri
967 555 1111 601 liceret,
1135 552 1175 591 id
1196 549 1322 601 pretio
1343 555 1384 586 ut
1401 546 1483 586 fieri

153 644 287 688 posset
307 632 446 673 effecit.

210 696 455 751 Agrigentini
476 696 526 735 de
547 700 685 732 senatu
709 688 937 739 cooptando
959 683 1152 735 Scipionis
1173 682 1278 730 leges
1303 677 1485 726 antiquas

155 766 318 812 habent,
338 764 377 801 in
399 760 542 812 quibus
563 765 601 796 et
622 757 687 795 illa
706 755 846 794 eadem
871 757 1007 790 sancta
1026 754 1117 787 sunt
1138 753 1175 784 et
1196 746 1273 782 hoc
1293 740 1462 792 amplius
1480 755 1486 778 :

157 844 248 870 cum
263 825 608 879 Agrigentinorum
623 822 704 860 duo
716 830 860 870 genera
873 815 960 862 sint,
979 825 1103 852 unum
1117 817 1305 853 veterum,
1321 808 1488 845 alterum

158 897 390 934 colonorum
417 901 517 940 quos
537 889 583 925 T.
608 883 784 924 Manlius
808 887 962 932 praetor
982 892 1029 917 ex
1049 883 1207 916 senatus
1235 872 1418 911 consulto
1439 870 1490 908 de

159 958 316 1011 oppidis
361 955 582 995 Siculorum
626 947 789 989 deduxit
832 944 1101 996 Agrigentum,
1147 946 1307 978 cautum
1349 942 1407 974 est
1451 934 1490 971 in

162 1022 357 1075 Scipionis
381 1019 533 1070 legibus
560 1029 610 1054 ne
637 1015 767 1065 plures
793 1017 924 1050 essent
953 1008 993 1046 in
1023 1012 1161 1046 senatu
1188 1017 1235 1042 ex
1258 1003 1491 1041 colonorum

161 1101 327 1129 numero
357 1097 477 1136 quam
501 1095 548 1121 ex
572 1087 702 1119 vetere
732 1073 1086 1126 Agrigentinorum.
1147 1070 1239 1115 Iste,
1268 1065 1335 1116 qui
1360 1063 1493 1104 omnia

162 1155 245 1193 iura
274 1151 399 1203 pretio
427 1152 682 1196 exaequasset
711 1140 970 1189 omniumque
999 1148 1127 1175 rerum
1156 1133 1345 1173 dilectum
1375 1136 1494 1178 atque
1537 1143 1553 1175 5

163 1218 375 1259 discrimen
407 1211 576 1264 pecunia
610 1206 841 1253 sustulisset,
877 1217 959 1243 non
998 1202 1120 1240 modo
1154 1199 1219 1237 illa
1250 1208 1351 1247 quae
1387 1200 1496 1233 erant

165 1282 302 1323 aetatis
341 1278 489 1319 ordinis
528 1281 795 1326 quaestusque
833 1267 1071 1320 permiscuit,
1108 1264 1177 1302 sed
1212 1261 1330 1301 etiam
1365 1258 1404 1296 in
1437 1257 1497 1295 his

166 1348 323 1388 duobus
362 1341 570 1394 generibus
610 1337 754 1377 civium
793 1345 987 1373 novorum
1018 1337 1275 1376 veterumque
1314 1321 1495 1362 turbavit.

87 1431 149 1462 1²4
168 1415 272 1452 Nam
311 1422 403 1449 cum
442 1413 544 1446 esset
578 1418 625 1443 ex
664 1408 793 1441 vetere
831 1409 998 1437 numero
1036 1393 1199 1445 quidam
1238 1396 1394 1429 senator
1434 1388 1498 1426 de-

167 1485 356 1522 mortuus,
389 1481 426 1512 et
458 1484 549 1510 cum
579 1483 625 1508 ex
654 1475 821 1515 utroque
849 1475 991 1514 genere
1014 1473 1083 1510 par
1112 1468 1297 1496 numerus
1325 1452 1497 1502 reliquus

167 1550 279 1588 esset,
309 1547 481 1579 veterem
506 1532 683 1584 cooptari
710 1542 872 1570 necesse
901 1534 982 1567 erat
1006 1524 1169 1574 legibus,
1200 1528 1242 1559 ut
1272 1519 1303 1558 is
1333 1517 1500 1568 amplior

168 1618 354 1646 numerus
386 1610 499 1642 esset.
560 1600 674 1648 Quae
705 1608 796 1634 cum
828 1594 882 1632 ita
913 1606 954 1631 se
988 1603 1048 1630 res
1078 1588 1251 1632 haberet,
1283 1592 1416 1622 tamen
1451 1581 1502 1620 ad

169 1669 287 1711 istum
309 1676 487 1719 emptum
507 1669 699 1704 venerunt
719 1661 830 1699 illum
855 1660 989 1697 locum
1009 1652 1250 1694 senatorium
1271 1662 1353 1688 non
1374 1648 1501 1686 solum

170 1744 331 1781 veteres,
372 1744 507 1771 verum
546 1729 664 1768 etiam
704 1724 806 1764 novi.
867 1721 929 1760 Fit
967 1727 1011 1759 ut
1043 1717 1169 1770 pretio
1207 1727 1333 1754 novus
1372 1712 1503 1750 vincat

1512 818 1549 839 10

1520 1466 1559 1488 20

170 1801 398 1849 litterasque
425 1810 448 1835 a
474 1802 651 1846 praetore
680 1792 830 1830 adferat
850 1786 1118 1838 Agrigentum.
1178 1778 1422 1831 Agrigentini
1452 1777 1503 1815 ad
1525 1794 1539 1815 2
1547 1794 1564 1825 5

173 1866 291 1904 istum
320 1865 469 1913 legatos
500 1858 660 1897 mittunt
692 1854 761 1906 qui
789 1865 881 1892 eum
910 1853 1015 1900 leges
1049 1850 1219 1888 doceant
1253 1841 1504 1883 consuetudi-

172 1941 346 1979 nemque
366 1925 545 1966 omnium
573 1932 767 1962 annorum
793 1919 1078 1960 demonstrent,
1101 1919 1143 1951 ut
1167 1911 1240 1949 iste
1264 1909 1505 1957 intellegeret

173 1996 207 2034 ei
238 2008 279 2033 se
309 1993 419 2032 illum
449 1993 583 2030 locum
609 1984 835 2026 vendidisse
866 1981 929 2021 cui
958 1993 1008 2019 ne
1035 1975 1318 2018 commercium
1343 1972 1505 2023 quidem

173 2073 258 2099 esse
293 2063 490 2109 oporteret
506 2070 516 2103 ;
557 2064 725 2104 quorum
763 2046 940 2088 oratione
973 2044 1057 2090 iste,
1093 2054 1185 2081 cum
1223 2038 1392 2090 pretium
1428 2035 1506 2074 iam

142 2139 152 2146 ·
175 2123 403 2173 accepisset,
426 2134 477 2159 ne
497 2119 691 2158 tantulum
713 2113 875 2164 quidem
905 2114 1129 2149 commotus
1150 2112 1218 2145 est.
1281 2103 1395 2141 Idem
1417 2098 1507 2139 fecit
1531 2114 1543 2126 ἢ

226 2237 259 2256 11
289 2225 324 2256 L.
345 2224 404 2256 σΟι
578 2231 615 2260 13
639 2220 673 2250 in
691 2222 812 2249 senatu
828 2214 897 2246 cO:
926 2224 991 2244 om.
1009 2217 1033 2253 p
1049 2210 1113 2242 rell.
1291 2217 1329 2244 14
1355 2209 1507 2236 veterum

178 2270 314 2301 Hotom.
520 2274 557 2304 15
581 2263 740 2295 delictum
754 2267 801 2301 p:
825 2259 995 2289 delectum
1014 2256 1031 2286 b
1046 2253 1115 2286 edd.
1330 2260 1369 2288 19
1393 2253 1507 2278 vetere

180 2312 267 2343 codd.
288 2324 294 2343 :
319 2316 470 2342 veterum
488 2309 574 2349 vulg.
711 2314 752 2335 22
775 2303 940 2334 haberent
957 2312 977 2330 π
1103 2307 1143 2334 24
1168 2304 1282 2326 verum
1305 2292 1364 2323 VO
1382 2303 1387 2321 :
1413 2291 1508 2331 sedp

180 2355 244 2387 rell.
383 2355 423 2384 28
447 2353 556 2384 locum
573 2351 664 2382 illum
687 2349 718 2379 V
803 2346 854 2377 cui
871 2353 980 2383 neque
1002 2341 1033 2372 V
