1600 2704
94 520 112 552 5

76 840 114 863 10

71 1491 110 1513 20

69 2137 111 2168 30

136 135 408 175 ACTIONIS
441 135 504 174 IN
534 135 580 176 C.
602 135 845 173 VERREM
875 136 1174 175 SECVNDAE
1207 137 1312 175 LIB.
1335 137 1371 173 V
1411 137 1466 177 68

135 257 242 283 nunc
263 244 369 283 oculi
388 243 558 283 coniecti
584 250 676 282 sunt
699 243 776 282 hoc
806 243 893 294 ipso
920 252 1096 294 tempore
1120 245 1160 283 in
1185 259 1308 284 unum
1336 259 1469 296 quem-

134 322 212 359 que
239 316 429 356 nostrum,
451 321 530 358 qua
557 309 637 347 fide
666 320 741 358 ego
769 321 964 355 accusem,
991 322 1070 358 qua
1094 309 1282 359 religione
1306 310 1346 348 hi
1373 310 1470 349 iudi-

133 382 234 422 cent,
265 388 344 425 qua
370 382 413 413 tu
437 373 588 412 ratione
614 374 816 412 defendas.
879 375 941 412 De
968 374 1155 413 omnibus
1185 374 1313 422 nobis,
1342 375 1374 413 si
1401 375 1469 425 qui

133 443 330 480 tantulum
357 442 410 480 de
431 447 538 480 recta
563 439 723 490 regione
750 440 962 486 deflexerit,
990 453 1070 479 non
1102 440 1167 478 illa
1195 441 1312 479 tacita
1343 441 1469 480 existi-

132 506 255 544 matio
280 518 402 556 quarn
427 511 545 543 antea
568 512 825 543 contemnere
855 505 1053 552 solebatis,
1083 506 1153 543 sed
1182 506 1397 544 vehemens
1424 519 1469 544 ac

132 570 300 609 liberum
325 569 462 620 populi
487 569 661 608 Romani
688 569 879 608 iudicium
906 578 1181 619 consequetur.
1242 571 1362 609 Nulla
1385 570 1467 617 tibi,

133 634 295 683 Quinte,
318 648 410 673 cum
431 633 507 672 isto
534 633 728 684 cognatio,
751 635 858 673 nulla
885 634 1138 673 necessitudo
1155 649 1164 681 ς
1193 634 1338 684 quibus
1358 648 1470 673 excu<

132 699 352 738 sationibus
387 706 503 737 antea
536 698 704 736 nimium
739 698 779 737 in
813 699 947 749 aliquo
979 699 1127 738 iudicio
1157 699 1332 738 studium
1357 707 1469 738 tuum

133 765 347 803 defendere
379 764 546 809 solebas,
582 776 716 801 earum
751 763 895 802 habere
926 763 966 801 in
1006 765 1082 801 hoc
1121 763 1282 803 homine
1320 765 1469 802 nullam

133 836 258 878 potes.
319 829 434 877 Quae
459 828 532 867 iste
568 828 607 866 in
642 828 843 878 provincia
878 829 1009 878 palam
1039 828 1256 875 dictitabat,
1293 842 1383 867 cum
1422 842 1469 868 ea

131 905 234 942 quae
273 892 441 932 faciebat
480 899 547 931 tua
584 905 626 931 se
660 892 805 931 fiducia
843 893 970 932 facere
1007 892 1177 940 dicebat,
1211 906 1256 931 ea
1290 907 1340 931 ne
1378 907 1468 932 vera

132 964 321 1007 putentur
340 956 413 996 tibi
434 956 604 995 maxime
625 964 683 995 est
704 956 1006 1007 providendum.
1068 958 1154 1007 Ego
1176 956 1253 995 mei
1274 957 1466 997 rationem

131 1021 210 1060 iarn
242 1021 346 1061 offici
380 1022 542 1061 confido
575 1035 662 1060 esse
690 1021 876 1060 omnibus
906 1021 1161 1072 iniquissimis
1192 1021 1269 1060 mei
1298 1024 1468 1072 persolu-

132 1094 211 1124 tam
231 1101 241 1134 ;
284 1100 378 1124 nam
416 1086 536 1124 istum
575 1086 711 1137 paucis
751 1086 856 1124 horis
895 1086 1044 1136 primae
1083 1086 1250 1126 actionis
1287 1086 1469 1126 omnium

132 1150 358 1189 mortalium
408 1149 614 1190 sententiis
667 1150 942 1188 condemnavi.
1015 1151 1231 1200 Reliquum
1278 1150 1469 1190 iudicium

131 1215 209 1253 iam
241 1229 324 1254 non
355 1216 408 1255 de
437 1228 526 1254 mea
557 1215 647 1261 fide,
683 1227 786 1264 quae
824 1221 1030 1264 perspecta
1062 1222 1135 1261 est,
1169 1228 1243 1253 nec
1274 1216 1325 1254 de
1359 1215 1469 1254 istius

129 1280 218 1327 vita,
242 1293 345 1331 quae
371 1281 560 1319 damnata
584 1286 654 1326 est,
677 1279 748 1317 sed
775 1279 826 1318 de
847 1278 1044 1318 iudicibus
1072 1287 1120 1325 et,
1146 1292 1233 1318 vere
1259 1287 1301 1318 ut
1324 1280 1467 1327 dicam,

130 1345 181 1384 de
202 1353 240 1384 te
261 1346 437 1383 futurum
457 1352 527 1383 est.

184 1411 238 1449 At
273 1423 355 1460 quo
389 1417 567 1460 tempore
596 1410 771 1447 futurum
806 1416 864 1447 est
880 1411 1044 1447 ?-nam
1075 1409 1115 1448 id
1145 1410 1313 1448 maxime
1344 1410 1468 1460 provi-

129 1477 309 1515 dendum
344 1482 428 1522 est3
469 1473 618 1513 etenim
657 1487 748 1512 cum
787 1474 974 1512 omnibus
1002 1474 1041 1512 in
1076 1475 1204 1521 rebus,
1237 1482 1321 1512 tum
1356 1474 1396 1512 in
1427 1488 1468 1514 re

130 1540 289 1591 publica
319 1539 522 1590 permagni
554 1539 746 1578 momenti
775 1547 834 1577 est
864 1539 961 1577 ratio
990 1546 1109 1589 atque
1140 1539 1344 1578 inclinatio
1373 1547 1468 1578 tem-

128 1618 282 1655 porum.
341 1605 499 1654 Nempe
531 1617 590 1650 eo,
627 1617 718 1642 cum
751 1605 920 1654 populus
956 1604 1163 1642 Romanus
1197 1604 1305 1643 aliud
1342 1617 1466 1654 genus

128 1670 337 1708 hominum
362 1677 481 1720 atque
507 1669 628 1707 alium
657 1669 837 1708 ordinem
864 1670 915 1707 ad
942 1682 1002 1707 res
1032 1669 1263 1708 iudicandas
1293 1669 1464 1719 requirit,

128 1748 273 1785 nempe
312 1736 397 1785 lege
442 1735 492 1773 de
540 1733 695 1773 iudiciis
729 1733 1008 1783 iudicibusque
1047 1734 1158 1772 novis
1196 1736 1467 1784 promulgata3

128 1813 248 1850 quam
270 1813 351 1838 non
375 1799 408 1838 is
434 1799 696 1850 promulgavit
723 1812 804 1849 quo
832 1798 994 1838 nomine
1024 1798 1282 1848 proscriptam
1312 1799 1463 1847 videtis,

128 1865 199 1904 sed
228 1864 292 1902 hic
319 1864 554 1911 reus,—-hic,
583 1864 757 1914 inquam,
784 1877 854 1902 sua
881 1877 950 1913 spe
979 1871 1099 1913 atque
1129 1864 1317 1914 opinione
1345 1878 1466 1914 quam

127 1930 179 1968 de
199 1929 311 1967 vobis
339 1929 459 1968 habet
485 1930 613 1979 legem
639 1928 745 1967 illam
777 1928 1027 1967 scribendam
1058 1930 1465 1979 promulgandamque

127 1994 286 2033 curavit.
348 1996 490 2045 Itaque
519 2007 611 2033 cum
638 1993 767 2043 primo
795 2007 909 2044 agere
938 1993 1155 2044 coepimuS‚
1183 1995 1244 2032 lex
1273 2006 1354 2032 non
1383 2001 1464 2033 erat

128 2061 376 2110 promulgata
392 2074 402 2107 ;
450 2072 542 2098 cum
581 2058 654 2097 iste
693 2065 818 2096 vestra
858 2058 1062 2097 severitate
1101 2066 1302 2109 permotus
1341 2060 1465 2098 multa

129 2124 239 2174 signa
277 2125 441 2163 dederat
480 2136 600 2173 quam
638 2122 691 2162 ob
730 2136 811 2161 rem
851 2136 1107 2173 responsurus
1142 2137 1223 2162 non
1258 2123 1463 2171 videretur,

130 2189 279 2228 mentio
313 2190 365 2227 de
398 2190 484 2238 lege
519 2190 626 2226 nulla
658 2188 777 2227 fiebat
794 2202 803 2234 ;
832 2196 1090 2238 posteaquam
1126 2188 1198 2227 iste
1232 2189 1395 2228 recreari
1426 2196 1465 2227 et

129 2253 354 2292 confirmari
388 2253 492 2292 visus
527 2260 596 2300 est,
627 2254 688 2292 lex
718 2251 849 2291 statim
879 2255 1124 2304 promulgata
1154 2261 1222 2293 est.
1283 2253 1359 2294 Cui
1389 2253 1463 2304 legi

172 2359 193 2388 8
216 2357 282 2389 alio
309 2358 453 2397 quodam
480 2358 546 2389 iud.
577 2356 682 2397 Kays.
837 2366 877 2388 10
901 2361 999 2396 potes
1027 2355 1076 2387 S:
1110 2361 1225 2396 potest
1242 2356 1275 2387 R
1423 2368 1463 2396 24

128 2411 253 2441 nempe
269 2401 329 2432 del.
351 2401 451 2440 Kays.
544 2401 642 2431 novis
660 2411 725 2432 om.
748 2412 767 2429 π
901 2409 940 2439 25
965 2410 1029 2438 quo
1046 2398 1138 2431 RSW
1156 2411 1162 2430 ε
1187 2401 1280 2431 cuius
1297 2401 1313 2430 δ
1329 2412 1335 2430 :
1361 2411 1426 2432 om.
1439 2406 1465 2441 p

1491 148 1552 183 175

1493 380 1554 421 176

1489 570 1591 622 (176)

1486 927 1548 974 69

1492 995 1550 1029 Ῑ77

1487 2002 1549 2042 178
