1600 2704
71 112 119 150 19
141 119 180 150 50
503 104 560 141 M.
591 103 760 141 TVLLr
792 102 1097 142 CICERONIS

136 213 480 252 Tauromenitanis
501 212 713 263 imperasse
733 219 771 251 et
791 212 1038 251 Mamertinis
1059 211 1264 258 remisisse,
1286 225 1382 250 num
1403 212 1467 251 cui

135 278 303 318 dubium
333 278 475 330 poterit
505 292 589 318 esse
618 277 714 328 quin
742 278 863 317 Verre
893 285 1070 328 praetore
1098 279 1187 327 plus
1218 276 1468 317 Mamertinis

136 345 283 394 cybaea
310 358 429 395 quam
457 343 801 383 Tauromenitanis
829 344 969 382 foedus
1000 342 1236 393 opitulatum
1257 342 1335 382 sit?
1393 344 1468 380 Re-

137 409 304 448 citentur
324 411 492 448 foedera.

64 480 118 509 20
196 476 279 513 Isto
299 474 412 524 igitur
433 482 511 521 tuo,
535 487 653 524 quem
673 475 725 513 ad
746 475 910 514 modum
924 474 1006 524 ipse
1021 474 1235 525 praedicas,
1259 473 1464 521 beneficio,
1485 491 1504 522 5

137 546 180 577 ut
210 552 269 577 res
299 538 458 585 indicat,
490 538 615 588 pretio
648 546 767 589 atque
800 540 981 578 mercede
1011 538 1186 577 minuisti
1221 537 1466 576 maiestatem

135 603 188 641 rei
210 603 401 652 publicae,
426 602 600 641 minuisti
619 603 762 641 auxilia
780 602 916 653 populi
938 603 1121 650 Romani,
1141 602 1315 640 minuisti
1332 602 1466 652 copias

135 667 327 706 maiorum
358 668 498 706 virtute
527 681 573 707 ac
603 667 793 718 sapientia
822 675 1079 718 comparatas,
1102 667 1291 706 sustulisti
1319 667 1377 706 ius
1398 668 1467 706 im-

134 732 226 782 peri,
264 732 541 771 condicionem
573 733 784 781 sociorum,
819 733 1048 771 memoriam
1080 732 1275 772 foederis:
1318 733 1386 783 qui
1419 747 1467 772 ex

134 798 292 836 foedere
313 797 399 848 ipso
420 811 559 836 navem
576 799 637 836 vel
654 811 778 848 usque
794 799 844 837 ad
862 799 1080 845 Oceanum,
1098 797 1130 836 si
1150 798 1463 848 imperassemus,
1488 812 1527 835 10

133 869 293 911 sumptu
326 862 579 912 periculoque
614 875 685 900 suo
715 870 904 900 armatam
943 869 1061 912 atque
1099 870 1277 900 ornatam
1313 861 1466 902 mittere

133 927 367 973 debuerunt,
392 926 431 964 hi
453 941 501 966 ne
522 927 562 965 in
583 928 681 965 freto
701 934 792 965 ante
809 940 878 965 sua
894 933 997 965 tecta
1013 933 1051 965 et
1066 926 1209 965 domos
1226 925 1462 977 navigarent,

134 1006 183 1031 ne
219 1005 288 1030 sua
326 992 483 1031 moenia
514 999 729 1042 portusque
763 992 1030 1039 defenderent,
1072 991 1197 1041 pretio
1230 991 1302 1030 abs
1336 998 1374 1030 te
1406 991 1465 1029 ius

74 1070 111 1103 51
134 1057 302 1096 foederis
324 1065 362 1095 et
383 1056 520 1106 imperi
542 1056 819 1095 condicionem
845 1058 1105 1096 redemerunt.
1165 1055 1275 1104 Quid
1295 1055 1464 1094 censetis

133 1121 172 1159 in
206 1122 282 1160 hoc
315 1122 473 1160 foedere
510 1121 692 1159 faciendo
726 1120 895 1159 voluisse
935 1122 1195 1160 Mamertinos
1234 1120 1463 1171 impendere
1484 1133 1524 1166 15

132 1186 288 1233 laboris,
320 1199 474 1236 operae,
497 1186 688 1237 pecuniae
718 1199 768 1225 ne
798 1187 895 1224 haec
925 1186 1084 1225 biremis
1112 1185 1412 1233 adscriberetur,
1432 1185 1464 1224 si

132 1251 172 1291 id
194 1253 275 1290 ullo
296 1253 417 1291 modo
436 1259 597 1301 possent
617 1264 639 1289 a
660 1251 800 1290 nostris
828 1250 1040 1290 maioribus
1068 1250 1304 1301 impetrare?
1359 1251 1464 1289 Nam

131 1329 223 1354 cum
262 1316 340 1354 hoc
379 1328 522 1353 munus
560 1314 838 1365 imponebatur
876 1322 955 1353 tam
993 1328 1108 1365 grave
1146 1314 1303 1361 civitati,
1341 1314 1465 1353 inerat

131 1380 267 1419 nescio
297 1393 377 1430 quo
406 1381 528 1419 modo
557 1379 597 1418 in
626 1380 694 1418 illo
723 1381 881 1419 foedere
910 1379 1106 1419 societatis
1136 1379 1247 1430 quasi
1268 1381 1463 1429 quaedam

131 1453 225 1484 nota
246 1445 451 1484 servitutis.
512 1445 634 1492 Quod
660 1453 754 1492 tum,
782 1445 1004 1485 recentibus
1033 1445 1112 1484 suis
1137 1444 1285 1491 officiis,
1315 1444 1464 1494 integra
1484 1460 1524 1483 20

131 1525 181 1557 re,
206 1510 321 1549 nullis
353 1509 489 1561 populi
515 1510 689 1548 Romani
715 1509 1022 1557 difficultatibus,
1044 1523 1067 1548 a
1088 1509 1300 1548 maioribus
1321 1509 1463 1547 nostris

131 1577 291 1615 foedere
320 1575 485 1626 adsequi
516 1589 596 1614 non
627 1582 851 1626 potuerunt,
874 1575 915 1614 id
940 1588 1058 1621 nunc,
1081 1575 1189 1613 nullo
1210 1587 1313 1613 novo
1334 1573 1463 1612 officio

131 1654 215 1689 suo,
238 1648 295 1680 tot
315 1641 428 1679 annis
449 1640 688 1691 post,-iure
704 1640 842 1691 imperi
863 1639 985 1679 nostri
1005 1639 1216 1690 quotannis
1233 1646 1462 1688 usurpatum

130 1719 177 1745 ac
216 1719 371 1755 semper
408 1713 829 1753 retentum‚——summa
877 1705 915 1743 in
954 1705 1183 1744 difficultate
1231 1703 1400 1750 navium,
1440 1716 1462 1741 a

133 1771 177 1811 C.
200 1772 322 1809 Verre
351 1770 477 1821 pretio
505 1770 682 1810 adsecuti
712 1778 813 1817 sunt,
836 1784 881 1809 ac
911 1783 991 1809 non
1022 1771 1098 1808 hoc
1123 1770 1250 1808 solum
1270 1768 1458 1815 adsecuti,
1483 1779 1520 1812 25

132 1849 182 1875 ne
204 1848 344 1874 navem
364 1836 527 1875 darent:
557 1849 722 1885 ecquem
750 1844 923 1883 nautam,
938 1848 1104 1885 ecquem
1118 1833 1294 1882 militem,
1313 1834 1380 1884 qui
1395 1842 1463 1873 aut

132 1899 171 1938 in
199 1901 324 1939 classe
352 1907 419 1938 aut
448 1899 489 1938 in
518 1899 714 1950 praesidio
744 1907 857 1947 esset,
880 1907 918 1939 te
947 1906 1125 1950 praetore
1154 1912 1222 1949 per
1251 1898 1461 1938 triennium

132 1963 362 2003 Mamertini
381 1965 605 2004 dederunt?

73 2075 109 2099 ῃ
188 2029 372 2080 Denique
401 2043 493 2068 cum
523 2043 569 2069 ex
598 2037 756 2070 senatus
788 2031 969 2070 consulto
998 2029 1173 2080 itemque
1200 2042 1246 2069 ex
1273 2031 1357 2080 lege
1389 2030 1462 2067 Te-

70 2097 85 2106 ω

179 2141 191 2161 1
220 2143 297 2163 num
318 2134 369 2164 cui
381 2133 445 2174 pk&
460 2145 465 2165 :
493 2144 571 2165 num
588 2135 665 2174 quid
683 2133 778 2165 RSqt
907 2144 945 2165 12
969 2134 1077 2174 hipk6
1092 2145 1099 2164 ε
1123 2138 1157 2164 et
1173 2131 1246 2172 RS,
1266 2134 1294 2163 ei
1314 2132 1456 2171 lordum,

131 2175 201 2206 cdd.
285 2182 362 2208 ante
380 2187 445 2208 om.
463 2177 526 2208 RS
543 2180 598 2218 (ut
613 2178 708 2209 etiam
729 2181 744 2215 ξ
763 2187 804 2217 55
821 2177 924 2218 infraN
1037 2187 1074 2216 15
1098 2177 1252 2208 faciundo
1266 2178 1308 2216 ρδ
1421 2177 1459 2207 18

132 2219 400 2260 imponeretur-p
535 2221 670 2252 inerant
687 2221 715 2252 S
730 2221 841 2260 (habet
856 2221 888 2251 R
904 2232 924 2251 n
942 2225 1043 2261 supra
1060 2220 1135 2259 lin.)
1153 2232 1159 2250 :
1183 2230 1227 2250 an
1245 2221 1377 2250 Inerant
1393 2243 1400 2250 .
1422 2243 1427 2249 .
1449 2243 1456 2250 .

132 2264 296 2300 quaedam
316 2265 436 2295 notae?
526 2274 567 2294 22
591 2275 681 2296 novo
693 2264 756 2304 pk&
774 2277 779 2294 :
806 2275 868 2295 om.
890 2264 954 2294 RS
1042 2273 1082 2303 23
1108 2269 1157 2294 tot
1174 2263 1270 2293 annis
1285 2287 1291 2294 .
1306 2287 1312 2294 .
1330 2285 1337 2292 .
1354 2263 1458 2293 nostri

133 2315 196 2335 om.
218 2305 281 2336 RS
429 2308 501 2338 iure
518 2308 647 2348 imperii
665 2331 673 2340 .
697 2332 703 2339 .
722 2334 728 2340 .
747 2318 885 2348 semper
901 2313 1070 2338 retentum
1087 2305 1232 2337 Cinnam
1245 2310 1373 2337 secutus
1389 2305 1457 2336 secl.

132 2347 305 2389 Brugnola
437 2357 598 2391 usurpato
620 2375 628 2383 .
646 2375 654 2383 .
674 2375 681 2384 .
701 2356 868 2392 retentop
883 2354 935 2390 (ul
944 2351 1022 2382 coni.
1045 2350 1105 2382 le.
1123 2349 1261 2388 Luther)
