1600 2704
84 149 133 187 25
152 144 194 176 60
520 131 575 167 M.
607 125 777 165 TVLLI
806 120 1113 165 CICERONIS

151 251 235 288 eius
256 247 309 286 rei
330 244 541 296 postulant.
602 238 731 277 Amici
752 247 928 275 recusare
955 245 1005 270 ne
1033 229 1140 280 quod
1167 224 1358 265 iudicium
1379 234 1478 260 neve

152 315 274 365 ipsius
291 308 464 360 cognitio
484 307 551 344 illo
566 304 729 343 absente
751 302 801 340 de
817 295 1104 339 existimatione
1124 291 1207 330 eius
1227 287 1479 328 constituere-

153 388 225 426 tur,
248 385 286 416 et
315 374 431 414 simul
458 371 554 409 illud
582 369 687 407 idem
717 365 914 417 postulare
935 374 1015 399 non
1037 356 1279 397 desistebant
1298 359 1341 391 ut
1368 364 1410 389 se
1429 350 1480 388 ad

92 450 130 482 61
153 446 258 494 leges
272 453 361 480 suas
375 437 546 476 reiceret.
588 435 669 472 Iste
682 431 854 481 amplam
871 434 1018 471 nactus,
1034 422 1102 461 ubi
1115 421 1221 459 videt
1234 430 1320 457 esse
1332 413 1482 465 aliquid

155 508 263 558 quod
292 502 409 544 amici
437 501 602 539 absente
633 496 815 546 Epicrate
845 493 994 530 nollent
1026 486 1248 529 defendere,
1280 482 1483 520 adseverat
1504 486 1521 519 5

157 586 198 611 se
218 571 301 609 eius
322 567 375 606 rei
396 567 436 604 in
460 564 594 615 primis
621 562 818 600 actionem
848 558 1040 595 daturum.
1101 551 1204 590 Cum
1235 558 1373 585 omnes
1402 556 1484 593 per-

158 635 352 684 spicerent
372 632 423 669 ad
443 629 561 667 istum
584 639 664 664 non
685 625 807 662 modo
834 621 919 659 illos
946 628 1131 656 nummos
1155 613 1223 663 qui
1242 625 1311 662 per
1331 608 1485 648 simula-

158 700 307 738 tionem
336 697 386 735 ab
421 695 497 732 isto
525 691 697 731 exierant
726 686 938 731 revertisse,
962 683 1031 721 sed
1062 681 1187 718 multo
1216 676 1334 715 etiam
1365 672 1485 723 pluris

159 777 249 803 eum
270 768 407 812 postea
426 768 612 796 nummos
638 751 856 797 abstulisse,
878 747 994 787 amici
1022 745 1246 796 Epicratem
1273 739 1486 778 defendere

160 827 403 871 destiterunt,
425 823 498 861 iste
520 819 711 870 Epicratis
738 817 845 855 bona
869 812 1034 852 Bidinos
1063 808 1197 848 omnia
1222 803 1423 856 possidere
1449 807 1488 839 et
1511 812 1548 834 10

161 893 235 932 sibi
256 892 400 930 habere
421 887 541 926 iussit.
601 884 666 922 Ad
692 882 757 920 illa
778 881 849 918 HS
875 880 902 916 f)
923 873 1156 915 hereditaria
1174 868 1340 909 accessit
1368 865 1489 916 ipsius

161 959 324 1007 antiqua
346 955 415 993 HS
437 949 697 1002 quindeciens
722 945 902 997 pecunia.
959 943 1104 978 Vtrum
1133 949 1194 975 res
1220 935 1272 973 ab
1301 931 1413 971 initio
1437 931 1491 968 ita

163 1024 283 1061 ducta
312 1026 370 1058 est
403 1031 454 1056 an
487 1016 539 1054 ad
570 1020 788 1052 extremum
822 1008 876 1046 ita
904 1006 1104 1056 perducta,
1126 1014 1177 1039 an
1206 1000 1259 1038 ita
1287 1008 1406 1047 parva
1433 1001 1492 1032 est

164 1084 340 1137 pecunia,
364 1096 414 1121 an
443 1081 475 1119 is
501 1081 624 1117 homo
643 1078 784 1114 Verres
814 1079 857 1110 ut
883 1072 980 1108 haec
1004 1080 1105 1118 quae
1135 1063 1215 1104 dixi
1240 1060 1371 1113 gratiis
1391 1059 1493 1097 facta

165 1165 251 1190 esse
271 1150 476 1188 videantur
489 1147 506 1182 ?
1515 1131 1553 1166 ¹5

105 1223 144 1254 62
222 1214 302 1252 Hic
341 1224 447 1250 nunc
485 1210 537 1248 de
575 1204 730 1245 miseria
764 1201 999 1246 Siculorum,
1037 1195 1199 1240 iudices,
1239 1189 1383 1231 audite.
1443 1188 1495 1233 Et

169 1277 377 1319 Heraclius
398 1276 461 1313 ille
478 1275 743 1323 Syracusanus
772 1275 810 1306 et
836 1265 901 1304 hic
922 1263 1088 1302 Bidinus
1116 1258 1319 1308 Epicrates
1345 1250 1496 1302 expulsi

168 1344 284 1383 bonis
308 1340 493 1380 omnibus
522 1339 694 1375 Romam
721 1337 911 1371 venerunt
929 1343 939 1376 3
968 1323 1168 1370 sordidati,
1190 1320 1360 1360 maxima
1375 1317 1497 1356 barba

169 1418 207 1448 et
237 1406 392 1457 capillo,
414 1406 568 1442 Romae
597 1397 804 1439 biennium
832 1406 955 1446 prope
984 1393 1152 1429 fuerunt.
1212 1386 1316 1425 Cum
1347 1384 1390 1420 L.
1414 1382 1498 1418 Me-

171 1475 284 1512 tellus
305 1471 345 1509 in
365 1466 608 1519 provinciam
628 1463 827 1514 profectus
848 1465 916 1505 est,
939 1464 1023 1494 tum
1037 1453 1100 1492 isti
1113 1452 1216 1490 bene
1229 1442 1499 1488 commendati
1520 1452 1559 1475 20

171 1551 263 1577 cum
291 1535 457 1573 Metello
486 1543 565 1569 una
591 1525 902 1579 proficiscuntur.
965 1519 1161 1563 Metellus,
1185 1514 1301 1553 simul
1327 1523 1373 1549 ac
1393 1507 1499 1547 venit

173 1608 393 1653 Syracusas,
415 1604 627 1644 utrumque
647 1589 814 1635 rescidit,
838 1594 877 1626 et
896 1587 948 1625 de
969 1583 1152 1633 Epicrate
1172 1586 1211 1618 et
1231 1579 1281 1616 de
1300 1572 1498 1614 Heraclio.

175 1670 223 1706 In
257 1665 460 1713 utriusque
494 1658 609 1698 bonis
638 1655 736 1695 nihil
765 1660 846 1692 erat
875 1651 984 1701 quod
1013 1644 1163 1686 restitui
1191 1648 1337 1693 posset,
1366 1637 1441 1676 nisi
1471 1635 1503 1674 si

101 1716 157 1815 ἒξ
176 1731 272 1782 quid
293 1726 440 1767 moveri
459 1728 549 1764 1000
575 1736 657 1761 non
677 1724 867 1771 potuerat.
928 1716 1088 1753 Fecerat
1108 1711 1185 1748 hoc
1205 1704 1357 1756 egregie
1376 1701 1504 1754 primo

226 1845 239 1864 1
266 1831 424 1864 iudicium
446 1827 526 1859 VO:
551 1835 674 1857 novum
692 1823 758 1853 iud.
774 1826 798 1861 p
812 1820 875 1851 rell.
1013 1827 1032 1846 2
1056 1815 1127 1845 eius
1144 1810 1288 1843 existim.
1308 1807 1338 1837 O
1484 1814 1505 1843 3

177 1877 256 1909 illud
273 1876 362 1907 idem
381 1874 477 1914 titem
500 1871 545 1909 V)
562 1868 622 1899 VO
637 1879 643 1898 :
668 1867 757 1897 idem
775 1862 856 1894 illud
868 1867 892 1903 p
909 1861 971 1892 rell.
1052 1870 1071 1896 4
1097 1856 1242 1895 amplam
1262 1851 1343 1891 VOp
1359 1861 1366 1881 t
1390 1857 1504 1880 occas-

178 1924 293 1953 ionem
320 1930 346 1949 5.
367 1918 387 1948 l.
414 1914 541 1947 addidit
566 1917 603 1942 ut
626 1910 777 1951 glossam
789 1907 847 1949 p¹z
883 1903 1029 1943 amplam
1057 1899 1269 1932 occasionem
1286 1894 1367 1935 qu:
1402 1890 1502 1931 ampl.

180 1975 250 1996 occ.
267 1960 455 1993 calumniae
473 1957 509 1987 ὸδ
530 1955 600 1986 edd.
626 1955 652 1995 <⁴
664 1953 757 1984 Serv.
772 1950 817 1982 ad
832 1949 922 1988 Verg.
940 1947 1024 1977 Aen.
1040 1946 1093 1975 vii.
1111 1934 1438 1982 796Labicus—o’urb
1451 1934 1507 1972 τῆς

179 2007 292 2045 λαβῆς,
307 2013 405 2044 quam
421 2001 539 2032 Latine
553 1997 735 2037 “amplam
746 1994 765 2007 ”
778 2002 947 2029 vocamus,
965 1989 1068 2020 Vales.
1080 1985 1259 2018 adAmm.
1273 1980 1374 2012 Marc.
1388 1978 1457 2009 xxi.
1474 1987 1507 2015 2,

185 2063 210 2089 1,
231 2050 274 2079 Α.
293 2046 460 2086 Kiessling
474 2044 507 2074 in
526 2041 712 2077 Fleckeisen,
731 2048 811 2069 cnm.
833 2038 923 2074 1871,
943 2045 973 2074 p.
994 2030 1079 2071 486‚'
1098 2026 1250 2067 Mueller)
1343 2033 1380 2061 14
1404 2023 1507 2052 homo

182 2104 248 2125 om.
269 2093 299 2123 Ο
508 2096 545 2125 15
568 2085 749 2115 videantur
765 2090 842 2111 esse
862 2079 892 2109 Ο
909 2081 942 2117 ςξ
964 2077 1024 2107 108
1041 2074 1144 2114 infra)
1353 2076 1393 2105 19
1415 2065 1506 2095 bien-

184 2137 240 2167 nio
273 2135 301 2165 V
318 2135 404 2166 Cum
435 2131 485 2171 Op
517 2129 581 2159 rell.
599 2139 605 2158 :
647 2126 737 2166 quod
767 2125 810 2155 ad
842 2122 873 2153 V
900 2120 1025 2161 (quoad
1053 2117 1142 2157 Mai)
1279 2111 1316 2142 L.
1351 2108 1430 2155 VQ:
1463 2106 1503 2144 Q.

178 2186 203 2220 p
222 2179 284 2210 rell.
463 2184 505 2204 20
530 2173 561 2203 in
579 2169 789 2210 provinciam
806 2161 895 2196 codd.
908 2167 1037 2204 praeter
1053 2160 1091 2197 O,
1111 2160 1144 2190 in
1161 2167 1227 2198 quo
1244 2159 1290 2187 est
1305 2153 1382 2185 hinc
1401 2149 1504 2189 tybri.

185 2224 262 2252 hinc
282 2222 314 2251 in
335 2218 540 2259 provinciam
555 2213 752 2246 Clausulam
771 2209 912 2241 vindicat
926 2204 1091 2242 Zielinski,
1106 2207 1165 2243 pp.
1188 2209 1292 2240 Ι93-4
1467 2201 1505 2222 21

186 2265 283 2295 simul
305 2274 342 2293 ac
363 2262 457 2292 venit
479 2259 525 2299 Vp
542 2261 569 2289 et
579 2258 657 2297 pler.
677 2267 684 2286 t
719 2253 817 2285 simul
841 2251 979 2283 advenit
998 2247 1079 2279 cO¹k
1210 2253 1251 2273 22
1276 2238 1414 2271 rescidit
1441 2235 1508 2267 cO:

188 2307 347 2339 rescindit
367 2305 434 2334 an)
580 2310 622 2338 23
646 2298 709 2329 nisi
725 2298 753 2328 si
770 2296 849 2336 quid
865 2293 912 2325 cO
927 2305 934 2324 :
958 2303 989 2323 n.
1008 2291 1035 2322 si
1052 2289 1143 2329 quod
1159 2298 1200 2317 π;
1225 2296 1257 2317 n.
1278 2283 1367 2323 quod
1387 2280 1432 2311 Vb
1446 2277 1510 2309 rell.

189 2362 229 2389 24
254 2353 407 2389 potuerat
432 2345 511 2376 cO¹:
545 2347 680 2383 poterat
709 2341 772 2372 rell.
801 2341 892 2378 (corr.
915 2336 947 2366 V
956 2346 995 2367 ex
1021 2331 1172 2373 poteret)
1245 2328 1424 2366 Vtrumque
1449 2321 1509 2353 im·

186 2394 302 2435 probat
316 2389 479 2427 Zielinski,
494 2393 528 2428 p.
551 2397 609 2426 194
700 2385 761 2414 hoc
783 2382 832 2413 O:
857 2381 939 2411 haec
960 2377 1023 2410 rell.
