1600 2704
39 104 83 132 12
105 110 145 141 30
469 92 526 129 M.
559 90 728 128 TVLLI
761 86 1068 129 CICERONIS

103 204 276 245 libidinis
298 217 383 244 esse
403 211 546 254 posset.
609 204 702 240 Huc
723 213 862 240 omnes
883 199 1078 246 mulieres,
1099 196 1336 247 quibuscum
1364 194 1436 233 iste

101 278 321 317 consuerat,
358 268 660 315 conveniebant,
702 279 867 317 quarum
906 262 1137 303 incredibile
1184 269 1242 301 est
1289 268 1438 311 quanta

103 336 317 375 multitudo
346 334 460 373 fuerit
489 332 716 384 Syracusis,-
745 333 822 370 huc
854 329 1036 370 homines
1067 326 1174 378 digni
1206 325 1317 364 istius
1344 325 1437 363 ami-

102 401 204 447 citia,
239 399 347 450 digni
390 399 469 438 vita
503 399 566 437 illa
606 396 874 446 conviviisque
908 395 1130 434 veniebant.
1205 393 1314 430 Inter
1352 390 1436 429 eius

104 465 211 504 modi
247 465 349 503 viros
383 471 420 503 et
453 463 635 502 mulieres
667 463 801 500 adulta
831 468 959 499 aetate
992 459 1093 497 filius
1128 457 1366 503 versabatur,
1394 463 1436 494 ut
1456 467 1474 500 5

99 544 205 578 eum,
234 528 385 568 etiamsi
412 536 549 566 natura
579 541 602 565 a
626 526 797 576 parentis
827 524 1084 564 similitudine
1113 522 1321 573 abriperet,
1346 534 1437 559 con-

99 596 272 634 suetudo
306 602 440 632 tamen
473 606 519 631 ac
551 591 759 642 disciplina
797 590 915 641 patris
947 589 1115 628 similem
1148 601 1232 627 esse
1267 594 1434 636 cogeret.

38 673 76 704 3ยน
105 660 198 697 Huc
214 658 347 696 Tertia
362 657 428 695 illa
447 658 638 708 perducta
658 669 726 706 per
742 656 879 695 dolum
896 663 1016 704 atque
1032 653 1194 692 insidias
1208 652 1258 691 ab
1274 651 1437 691 Rhodio

103 723 264 762 tibicine
279 722 468 761 maximas
489 723 529 761 in
550 722 660 760 istius
678 720 811 760 castris
826 719 1001 759 effecisse
1022 718 1164 758 dicitur
1184 718 1329 765 turbas,
1345 731 1436 756 cum

104 789 265 838 indigne
285 794 482 839 pateretur
503 800 598 826 uxor
613 785 840 826 Cleomenis
855 784 1097 835 Syracusani,
1115 783 1258 823 nobilis
1285 783 1433 831 mulier,
1459 795 1497 818 10

105 854 279 904 itemque
300 867 396 893 uxor
416 851 682 899 Aeschrionis,
706 853 876 890 honesto
896 852 986 889 loco
1006 857 1108 896 nata,
1131 848 1171 886 in
1197 856 1438 887 conventum

103 933 218 958 suurn
253 920 365 958 mimi
396 918 538 958 Isidori
568 917 688 956 filiam
717 916 882 956 venisse.
942 916 1023 954 Iste
1053 922 1186 953 autem
1220 913 1436 960 Hannibal,

104 985 171 1035 qui
204 985 243 1023 in
277 985 356 1024 suis
381 983 517 1023 castris
545 983 686 1021 virtute
711 988 865 1033 putaret
884 987 1065 1031 oportere
1086 992 1166 1018 non
1191 991 1333 1029 genere
1361 991 1439 1016 cer-

104 1050 186 1097 tari,
219 1050 273 1089 sic
304 1052 406 1088 hanc
436 1048 612 1087 Tertiam
641 1046 777 1087 dilexit
806 1054 849 1085 ut
879 1059 966 1085 eam
996 1058 1131 1084 secum
1161 1058 1207 1083 ex
1237 1043 1439 1094 provincia

37 1123 84 1160 13
104 1117 337 1166 deportaret.
398 1117 458 1154 Ac
479 1127 547 1165 per
567 1126 635 1152 eos
663 1112 759 1160 dies,
782 1125 873 1151 cum
895 1111 968 1150 iste
988 1124 1079 1149 cum
1100 1109 1220 1160 pallio
1241 1122 1438 1160 purpureo
1460 1123 1496 1156 15

103 1181 292 1230 talarique
327 1180 462 1219 tunica
495 1186 711 1218 versaretur
743 1177 784 1216 in
818 1176 1007 1216 conviviis
1047 1175 1315 1222 muliebribus,
1357 1188 1438 1214 non

104 1247 407 1285 offendebantur
438 1244 620 1283 homines
659 1256 789 1293 neque
828 1243 992 1281 moleste
1030 1241 1207 1280 ferebant
1238 1240 1378 1279 abesse
1415 1253 1439 1278 a

103 1312 188 1349 foro
220 1310 502 1360 magistratum,
536 1321 617 1347 non
649 1308 708 1346 ius
743 1306 833 1354 dici,
863 1319 945 1345 non
977 1305 1122 1345 iudicia
1154 1306 1264 1354 fieri,
1304 1308 1438 1345 locum

103 1376 212 1414 illum
242 1375 365 1413 litoris
394 1386 623 1425 percrepare
648 1380 776 1411 totum
807 1371 1014 1410 mulierum
1044 1370 1208 1410 vocibus
1237 1378 1438 1420 cantuque

104 1440 374 1490 symphoniae,
414 1439 454 1477 in
492 1440 579 1478 foro
616 1437 815 1477 silentium
858 1449 944 1476 esse
982 1450 1183 1476 summum
1230 1449 1437 1476 causarum
1457 1450 1499 1474 20

103 1513 222 1556 atque
252 1505 356 1552 iuris,
383 1517 465 1544 non
494 1504 671 1543 ferebant
701 1503 883 1541 homines
916 1503 1106 1550 moleste3
1135 1514 1217 1540 non
1247 1501 1353 1540 enim
1378 1501 1438 1540 ius

102 1571 242 1609 abesse
269 1570 477 1609 videbatur
505 1583 527 1607 a
548 1571 633 1607 foro
654 1581 783 1618 neque
803 1567 960 1615 iudicia,
983 1568 1053 1606 sed
1080 1566 1137 1606 vis
1165 1574 1203 1606 et
1228 1567 1438 1606 crudelitas

105 1644 141 1674 et
163 1637 360 1674 bonorum
379 1635 521 1674 acerba
542 1642 580 1673 et
600 1633 762 1684 indigna
782 1632 959 1683 direptio.

41 1715 82 1746 32
160 1702 283 1739 Hunc
318 1709 359 1738 tu
391 1700 506 1750 igitur
543 1700 820 1750 imperatorem
859 1711 944 1737 esse
982 1698 1176 1746 defendis,
1213 1697 1438 1738 Hortensi?

105 1766 220 1804 huius
248 1767 360 1812 furta,
387 1765 553 1815 rapinas,
580 1763 850 1815 cupiditatem,
880 1763 1166 1812 crudelitatem,
1198 1764 1435 1815 superbiam,
1457 1776 1498 1808 25

104 1833 243 1878 sceluS,
275 1830 484 1869 audaciam
514 1843 640 1869 rerum
671 1837 867 1880 gestarum
906 1829 1179 1880 magnitudine
1217 1837 1336 1880 atque
1370 1829 1439 1868 im-

106 1895 307 1945 peratoriis
328 1895 512 1934 laudibus
533 1903 662 1945 tegere
678 1894 861 1934 conaris?
920 1895 1001 1934 Hic
1018 1894 1167 1934 scilicet
1186 1903 1245 1935 est
1266 1903 1441 1935 metuen-

104 1962 202 1999 dum
233 1974 283 1999 ne
312 1962 363 1999 ad
393 1959 540 2000 exitum
570 1959 812 1999 defensionis
842 1967 932 2000 tuae
964 1967 1074 2000 vetus
1109 1960 1174 1999 illa
1212 1961 1441 2000 Antoniana

105 2026 267 2065 dicendi
288 2026 386 2064 ratio
406 2034 525 2076 atque
540 2025 751 2064 auctoritas
773 2027 1000 2076 proferatur,
1014 2039 1065 2064 ne
1081 2025 1270 2065 excitetur
1285 2027 1439 2073 Verres,

108 2104 158 2130 ne
196 2093 420 2131 denudetur
450 2104 473 2129 a
507 2099 677 2142 pectore,
711 2104 760 2130 ne
795 2090 994 2130 cicatrices
1026 2092 1197 2142 populus
1232 2093 1439 2131 Romanus
1460 2105 1500 2138 30

154 2195 174 2224 8
197 2195 238 2224 ab
258 2193 395 2225 Rhodio
411 2194 548 2226 tibicine
566 2198 594 2225 et
612 2203 649 2224 12
675 2193 796 2225 Isidori
813 2194 883 2225 secl.
905 2193 1056 2225 Heraeus
1190 2204 1228 2235 15
1253 2194 1441 2235 deportarit

110 2236 218 2268 Halm
331 2240 369 2268 16
393 2238 555 2277 talarique
573 2237 784 2278 Naugerius:
810 2239 950 2277 parique
967 2237 1030 2269 RS
1047 2237 1110 2269 rell.
1223 2247 1260 2278 17
1285 2239 1441 2270 homines
1561 2255 1566 2274 2

111 2281 145 2310 in
170 2290 210 2310 eo
230 2281 272 2319 pb
299 2280 454 2319 (Nonich,
476 2287 510 2320 p.
536 2282 616 2321 358)
729 2291 749 2311 a
773 2281 846 2312 soro
869 2280 955 2321 SDq
979 2281 1045 2312 aL:
1085 2281 1158 2312 soro
1181 2279 1258 2322 Rpk
1400 2282 1443 2311 26
1560 2276 1566 2310 แผ

111 2324 336 2362 imperatoriis
354 2333 432 2354 corr.
449 2335 490 2364 qr
506 2336 510 2355 :
539 2324 752 2364 imperatoris
771 2323 804 2355 R
820 2336 826 2355 :
852 2325 1112 2364 imperatoribus
1124 2325 1189 2365 prk
