1600 2704
105 91 160 138 76
184 96 243 128 186
549 94 604 131 M.
638 94 806 132 TVLLI
837 94 1144 133 CICERONIS

180 203 451 254 Carpinatium
472 213 721 244 revertemur.
772 206 1085 256 Inspiciebamus
1110 207 1308 256 Syracusis
1328 221 1351 246 a
1371 208 1504 258 Carpi-

179 268 286 307 natio
312 271 511 308 confectas
540 271 691 309 tabulas
713 270 920 317 societatis,
943 284 1044 321 quae
1071 271 1345 321 significabant
1371 272 1504 310 multis

178 333 406 372 nominibus
435 348 503 373 eos
533 335 714 374 homines
739 349 935 373 versuram
964 349 987 373 a
1016 335 1244 385 Carpinatio
1271 336 1409 374 fecisse
1435 335 1503 386 qui

178 398 365 448 pecunias
404 399 515 437 Verri
553 399 778 446 dedissent3
820 400 927 450 quod
966 399 1036 437 erit
1075 399 1186 438 vobis
1225 401 1313 438 luce
1350 400 1502 446 clarius,

178 461 338 508 iudices,
382 470 465 501 turn
509 477 600 502 cum
640 477 708 502 eos
756 463 861 513 ipsos
902 465 1122 514 produxero
1169 464 1237 513 qui
1284 465 1479 502 dederunt
1495 478 1504 511 ;
1524 479 1541 508 5

177 527 408 577 intellegetis
448 528 553 565 enim
592 527 657 565 illa
696 535 872 577 tempora
909 541 978 578 per
1016 541 1130 577 quae,
1169 541 1259 566 cum
1299 535 1430 566 essent
1463 527 1503 565 in

177 591 362 641 periculo,
404 591 529 641 pretio
573 604 658 630 sese
699 593 949 630 redemerunt
987 604 1077 630 curn
1123 592 1322 630 societatis
1359 591 1503 630 tabulis

176 667 258 692 non
297 656 425 693 solum
463 656 692 694 consulibus
727 669 861 694 verum
892 656 1010 695 etiam
1044 656 1246 695 mensibus
1280 656 1502 695 convenire.

177 720 280 758 Cum
310 720 408 758 haec
439 719 607 758 maxime
637 733 964 771 cognosceremus
999 729 1038 760 et
1067 721 1107 759 iu
1138 721 1321 760 manibus
1350 722 1504 760 tabulas

175 784 422 831 haberemus,
465 792 624 834 repente
671 785 882 835 aspicimus
929 786 1062 824 lituras
1105 786 1188 825 eius
1236 786 1345 825 modi
1392 786 1504 836 quasi
1526 803 1566 824 10

175 850 371 898 quaedam
404 850 565 888 vulnera
605 850 826 888 tabularum
866 850 1045 888 recentia.
1107 851 1246 889 Statim
1277 851 1503 900 suspicione

175 913 314 952 offensi
339 914 391 952 ad
418 927 465 952 ea
488 914 571 964 ipsa
601 914 763 952 nomina
787 915 923 952 oculos
943 914 1200 965 animumque
1219 915 1499 953 transtulimus.

177 980 298 1016 Erant
328 985 514 1027 acceptae
549 978 741 1028 pecuniae
776 979 819 1018 C.
855 980 1077 1017 VERRVCIO
1115 980 1157 1018 C.
1194 991 1240 1026 F„
1281 979 1337 1017 sic
1371 987 1503 1018 tamen

175 1050 217 1080 ut
238 1056 363 1092 usque
383 1044 434 1081 ad
454 1044 620 1081 alterurn
644 1045 680 1080 R
705 1043 854 1081 litterae
876 1051 1100 1082 constarent
1125 1044 1311 1094 integrae,
1331 1043 1503 1093 reliquae

174 1120 312 1145 omnes
333 1115 464 1146 essent
484 1107 523 1145 in
545 1108 657 1146 litura
676 1122 685 1154 3
713 1109 889 1154 alterum,
914 1108 1080 1155 tertium,
1096 1116 1292 1158 quartum,
1310 1110 1503 1158 permulta
1525 1126 1562 1157 15

174 1180 283 1210 erant
304 1172 481 1210 eiusdem
504 1172 613 1211 modi
639 1172 810 1210 nomina.
873 1173 975 1212 Cum
1000 1172 1209 1211 manifesto
1230 1185 1289 1210 res
1310 1172 1502 1221 flagitiosa

173 1236 288 1274 litura
307 1237 527 1275 tabularum
547 1244 667 1287 atque
688 1237 848 1287 insignis
869 1236 1070 1287 turpitudo
1092 1244 1298 1283 teneretur,
1317 1249 1502 1286 quaerere

172 1300 382 1350 incipimus
420 1301 471 1339 de
506 1301 735 1351 Carpinatio
768 1301 949 1351 quisnam
982 1301 1013 1339 is
1034 1309 1136 1340 esset
1175 1300 1385 1339 Verrucius
1419 1300 1502 1350 qui-

172 1379 263 1403 cum
302 1373 434 1404 tantae
472 1365 664 1416 pecuniae
697 1365 887 1404 rationem
926 1366 1099 1404 haberet.
1160 1367 1335 1404 Haerere
1365 1366 1498 1411 horno,

171 1429 326 1477 versari,
354 1430 505 1468 rubere.
565 1431 686 1479 Quod
714 1431 798 1480 lege
823 1429 1069 1480 excipiuntur
1093 1430 1250 1468 tabulae
1274 1428 1502 1479 publicano-
1522 1445 1565 1468 20

171 1508 257 1531 rum
282 1507 362 1543 quo
389 1494 518 1533 minus
545 1496 718 1534 Romam
743 1496 1009 1545 deportentur,
1033 1502 1075 1533 ut
1100 1508 1159 1533 res
1186 1507 1306 1545 quam
1333 1494 1501 1532 maxime

171 1559 274 1596 clara
294 1567 332 1597 et
352 1566 493 1597 testata
513 1573 598 1598 esse
620 1567 763 1609 posset,
787 1559 826 1597 in
847 1559 906 1597 ius
927 1560 978 1598 ad
1000 1560 1207 1598 Metellum
1229 1558 1501 1608 Carpinatium

171 1636 272 1661 voco
301 1624 533 1673 tabulasque
564 1624 760 1663 societatis
790 1624 831 1662 in
861 1626 988 1662 forum
1016 1625 1161 1663 defero.
1223 1623 1284 1661 Fit
1309 1622 1501 1661 maximus

173 1700 385 1725 concursus
412 1688 629 1733 hominurn,
654 1696 702 1734 et,
726 1690 834 1738 quod
861 1696 941 1726 erat
969 1687 1170 1738 Carpinati
1191 1695 1285 1725 nota
1310 1700 1402 1726 cum
1426 1687 1501 1726 isto

171 1759 348 1801 praetore
375 1751 541 1790 societas
569 1765 614 1791 ac
636 1752 859 1798 faeneratio,
883 1766 1036 1790 summe
1061 1752 1341 1801 exspectabant
1362 1764 1500 1790 omnes
1522 1767 1563 1800 25

101 1800 150 1884 ’ἐξ
171 1815 363 1865 quidnam
387 1816 427 1853 in
459 1816 601 1855 tabulis
634 1824 839 1856 teneretur.
902 1818 1004 1855 Rem
1034 1818 1085 1856 ad
1118 1817 1325 1854 Metellum
1353 1816 1498 1862 defero,

95 722 131 751 18

139 728 154 761 *1

216 1930 235 1958 4
259 1920 350 1959 quod
367 1918 448 1950 cO¹:
474 1930 539 1951 om.
561 1920 627 1951 rell.
786 1928 805 1958 5
830 1919 895 1950 iud.
916 1923 983 1950 tum
1004 1918 1097 1959 Opq:
1124 1923 1191 1949 tum
1207 1928 1272 1949 om.
1294 1920 1311 1948 δ
1479 1930 1502 1958 9

172 1963 255 1993 haec
268 1968 293 2004 p
310 1963 399 2003 vulg.
416 1974 422 1994 :
448 1963 512 1993 hoc
533 1962 563 1994 Ο
581 1964 633 2002 (ex
648 1964 720 1996 hec,
741 1962 840 2000 credo,
862 1965 877 1999 ξ
900 1963 961 2002 189
978 1962 1080 2002 infin)
1212 1967 1246 1992 et
1266 1960 1338 2002 Opq
1354 1972 1359 1991 :
1384 1966 1417 1992 et
1434 1962 1500 1992 iam

170 2006 260 2046 vulg.
401 2016 440 2037 10
463 2006 536 2036 eius
556 2007 645 2036 modi
661 2006 757 2045 Erm,
778 2006 928 2037 Schuetz.
947 2009 1043 2036 anctt.
1062 2005 1132 2037 secl.
1150 2004 1281 2044 Kayser
1395 2014 1433 2043 13
1459 2005 1496 2035 C.

171 2049 335 2080 Verrucio
355 2048 406 2080 O:
430 2060 450 2080 a
467 2050 504 2080 C.
525 2049 620 2080 Ver-r.
638 2055 662 2089 p
680 2050 744 2080 rell.
814 2049 850 2080 C.
871 2059 897 2080 F.
917 2048 988 2079 cO:
1013 2059 1079 2080 om.
1093 2053 1118 2088 p
1137 2048 1201 2079 rell.
1289 2049 1328 2078 16
1351 2048 1498 2078 eiusdem

174 2093 262 2122 modi
279 2092 348 2123 cO:
372 2103 437 2123 om.
458 2092 524 2124 rell.
619 2093 797 2123 manifesto
814 2093 930 2132 scrz'p5i
944 2092 1070 2130 (manif.
1090 2095 1264 2122 teneretur
1281 2102 1287 2121 :
1311 2091 1350 2130 cf.
1370 2090 1496 2122 Cluent.

175 2138 190 2171 ξ
209 2137 266 2171 2ο)
286 2147 291 2165 ;
318 2136 496 2166 manifesta
513 2135 601 2167 codd.
707 2136 871 2175 flagitiosa
890 2135 941 2166 O:
966 2140 1037 2165 tum
1060 2135 1180 2173 (tam2)
1199 2134 1301 2172 ssagit.
1324 2133 1404 2173 rell„
1425 2144 1497 2164 cum

174 2178 275 2216 ssagit.
295 2179 431 2210 Hotom.
556 2188 592 2217 17
618 2179 717 2209 litura
734 2179 781 2209 cO
798 2190 804 2209 :
827 2188 894 2210 om.
916 2179 980 2210 rell.
1055 2177 1125 2208 Sed
1137 2187 1165 2208 v.
1181 2176 1227 2209 Cl.
1244 2176 1322 2207 Rev.
1339 2177 1428 2208 xviii.
1445 2186 1496 2215 25.

175 2221 359 2252 coniecerat
379 2221 518 2252 Mueller
538 2222 621 2252 Cum
645 2221 821 2252 manifesto
844 2231 898 2251 res
926 2221 1090 2262 flagitiosa
1117 2225 1217 2259 atque
1242 2220 1382 2258 insignis
1408 2224 1494 2259 turp.

174 2265 434 2303 tenereturfort.
455 2268 530 2294 recte
631 2266 669 2294 18
692 2265 880 2304 incepimus
898 2264 929 2295 O
1036 2274 1078 2294 20
1101 2263 1227 2294 versari
1245 2262 1293 2293 cO
1309 2274 1315 2293 :
1339 2263 1496 2300 aversari,

173 2308 304 2338 advers.
323 2307 386 2338 rell.
537 2318 577 2338 22
602 2313 635 2338 et
655 2307 704 2338 O:
729 2318 766 2339 ac
778 2314 803 2348 p
822 2308 908 2349 vulg.
1059 2315 1100 2346 23
1124 2306 1232 2337 defert
1249 2304 1309 2336 εΟι
1455 2306 1499 2336 26

174 2351 330 2389 quidnam
349 2350 395 2381 cO
412 2362 417 2380 2
442 2351 519 2389 quid
532 2356 557 2391 p
575 2351 641 2381 rell.
