1600 2704
338 102 399 140 IN
430 103 474 143 C.
507 104 750 145 VERREM
781 108 956 150 ACTIO
987 114 1171 153 PRIMA
1390 128 1415 156 2
1437 135 1455 165 5

82 207 229 246 recenti
259 209 329 248 sed
357 218 487 249 vetere
515 225 561 251 ac
590 214 775 255 diuturna
805 219 995 268 flagraret,
1027 228 1111 260 tum
1142 225 1193 262 ad
1223 225 1413 265 iudicium

81 275 416 322 corrumpendum
451 283 607 327 tempus
640 279 813 320 alienum
848 285 1076 325 offenderet.
1143 289 1283 339 Itaque
1322 305 1411 330 cum
1433 299 1452 330 6

80 348 154 385 ego
174 337 280 375 diem
308 338 532 389 inquirendi
559 342 598 381 in
626 344 797 384 Siciliam
825 349 1074 400 perexiguam
1097 356 1409 405 postulavissem‚

78 399 228 440 invenit
266 402 339 442 iste
373 404 440 454 qui
479 406 552 445 sibi
586 407 626 446 in
660 410 853 450 Achaiam
889 413 1012 453 biduo
1051 417 1269 458 breviorem
1305 422 1409 460 diem

39 481 56 512 5
76 467 317 515 postularet3
345 482 426 507 non
447 478 489 509 ut
514 470 544 509 is
572 472 677 512 idem
707 477 917 516 conficeret
938 479 1140 530 diligentia
1161 491 1199 522 et
1219 484 1410 525 industria

75 542 145 567 sua
184 533 292 580 quod
342 546 415 583 ego
458 549 548 575 meo
592 538 726 578 labore
769 549 807 579 et
846 542 984 592 tigiliis
1027 556 1264 588 consecutus
1308 564 1406 599 sum,

74 595 275 634 ——etenim
290 596 354 636 ille
370 599 593 640 Achaicus
584 603 792 652 inquisitor
812 619 861 644 ne
877 609 1129 649 Brundisium
1145 613 1306 662 quidem
1325 629 1406 665 per-

73 659 189 706 venit,
223 675 296 711 ego
326 663 498 703 Siciliam
528 674 652 706 totam
682 669 967 722 quinquaginta
998 674 1138 715 diebus
1169 678 1223 716 sic
1253 680 1332 718 obii
1364 690 1405 719 ut

72 724 252 764 omnium
284 731 521 778 populorum
549 732 868 785 privatorumque
893 738 1039 778 litteras
1071 741 1310 794 iniuriasque
1341 760 1403 784 co-

13 800 54 825 ιο
70 801 327 840 gnoscerem3
361 802 403 832 ut
429 797 681 847 perspicuum
704 800 826 839 cuixis
855 816 941 842 esse
963 813 1095 854 posset
1126 808 1329 848 hominem
1350 812 1401 850 ab

69 853 145 893 isto
166 858 387 906 quaesitum
409 874 495 900 esse
516 876 597 901 non
618 865 685 914 qui
713 880 823 905 reum
851 881 965 908 suum
992 872 1218 921 adduceret,
1243 877 1312 914 sed
1334 878 1401 927 qui

68 932 202 959 meum
225 930 381 974 tempus
403 926 612 966 obsideret.

121 986 241 1025 Nunc
258 989 380 1028 homo
395 992 679 1032 audacissimus
695 1002 814 1045 atque
834 999 1126 1040 amentissimus
1148 1004 1224 1042 hoc
1241 1005 1395 1056 cogitat.
1419 995 1443 1032 3

66 1050 266 1102 Intellegit
304 1067 368 1092 me
406 1054 458 1093 ita
494 1065 672 1105 paratum
706 1067 825 1109 atque
860 1062 1092 1104 instructum
1128 1067 1166 1105 in
1207 1068 1431 1110 iudicium¹

7 1129 44 1161 15
63 1114 196 1154 venire
216 1125 259 1154 ut
279 1131 359 1156 non
381 1120 532 1158 modo
523 1134 562 1158 1n
583 1122 741 1162 auribus
758 1126 906 1173 vestris,
923 1129 1023 1168 sed
1014 1143 1053 1168 in
1075 1132 1199 1171 oculis
1216 1135 1395 1174 omnium

62 1191 132 1216 sua
171 1181 271 1219 furta
316 1190 434 1232 atque
480 1185 624 1235 flagitia
662 1189 861 1229 defixurus
900 1192 999 1240 sim;
1048 1195 1155 1235 videt
1194 1208 1394 1240 senatores

61 1245 206 1283 multos
245 1259 330 1285 esse
370 1248 477 1287 testis
519 1252 708 1291 audaciae
754 1268 858 1303 suae,
899 1257 1005 1297 videt
1051 1263 1196 1301 multos
1241 1266 1392 1315 equites

60 1310 278 1358 Romanos,
313 1314 527 1364 frequentis
561 1325 760 1366 praeterea
795 1321 889 1360 civis
922 1332 1041 1374 atque
1075 1328 1215 1376 socios,
1248 1331 1391 1380 quibus

58 1372 143 1423 ipse
173 1375 334 1426 insignis
363 1378 521 1419 iniurias
549 1383 693 1430 fecerit,
717 1385 823 1424 videt
851 1388 968 1427 etiam
1002 1398 1059 1429 tot
1086 1400 1165 1431 tam
1191 1396 1315 1444 gravis
1340 1399 1391 1436 ab

0 1457 40 1480 20
57 1440 304 1481 amicissimis
349 1443 571 1484 civitatibus
618 1449 832 1498 legationes
875 1466 966 1491 cum
1014 1457 1182 1505 publicis
1225 1462 1390 1500 auctori-

55 1506 201 1545 tatibus
240 1509 483 1549 convenisse.
552 1513 667 1561 Quae
715 1528 805 1554 cum
854 1517 907 1556 ita
955 1519 1041 1567 sint,
1084 1535 1208 1573 usque
1251 1539 1298 1564 eo
1337 1528 1387 1566 de
1408 1534 1426 1564 8

54 1572 240 1611 omnibus
272 1574 388 1613 bonis
418 1577 520 1615 male
549 1577 754 1627 existimat,
785 1595 910 1632 usque
940 1598 988 1622 eo
1018 1589 1211 1627 senatoria
1242 1589 1387 1629 iudicia

52 1637 204 1686 perdita
231 1640 514 1692 profligataque
538 1656 624 1682 esse
646 1645 863 1694 arbitratur,
892 1657 933 1687 ut
961 1651 1037 1689 hoc
1065 1654 1193 1702 palam
1219 1655 1383 1704 dictitet,

52 1715 133 1740 non
169 1703 252 1743 sine
286 1719 404 1744 causa
435 1720 476 1746 se
508 1709 698 1758 cupidum
733 1713 924 1761 pecuniae
959 1716 1088 1764 fuisse,
1121 1720 1308 1768 quoniam
1344 1723 1383 1761 in

0 1780 34 1814 ³5
51 1768 220 1816 pecunia
249 1777 402 1808 tantum
432 1773 671 1821 praesidium
698 1777 918 1846 experiatur
944 1793 1054 1829 6556,
1086 1796 1182 1830 5656,
1212 1785 1252 1824 id
1273 1790 1382 1836 quod

50 1831 325 1872 difficillimum
360 1836 484 1884 fuerit,
517 1845 673 1889 tempus
708 1840 837 1891 ipsum
873 1844 1015 1884 emisse
1050 1846 1169 1886 iudici
1201 1851 1274 1897 sui,
1301 1865 1381 1901 quo

50 1906 179 1936 cetera
204 1900 354 1938 facilius
375 1914 505 1941 emere
533 1913 669 1953 postea
698 1916 854 1956 posset;
885 1918 937 1957 ut,
961 1912 1148 1960 quoniam
1171 1915 1379 1954 criminum

46 1962 125 2000 vim
157 1964 424 2015 subterfugere
456 1970 565 2006 nullo
599 1972 721 2009 modo
753 1982 918 2022 poterat,
949 1979 1160 2026 procellam
1191 1982 1378 2030 temporis

46 2027 246 2067 devitaret.
308 2031 464 2079 Quodsi
498 2046 579 2071 non
614 2037 736 2074 modo
770 2037 809 2075 in
842 2052 969 2087 causa,
1004 2055 1138 2081 verum
1173 2043 1213 2081 in
1244 2045 1415 2096 aliquo9

0 2107 27 2137 ‚0
46 2093 216 2133 honesto
239 2096 435 2144 praesidio
456 2106 523 2136 aut
545 2098 583 2136 in
605 2100 769 2140 alicuius
791 2104 1016 2154 eloquentia
1036 2116 1103 2146 aut
1123 2109 1244 2158 gratia
1265 2124 1375 2160 spem

44 2158 217 2208 aliquam
252 2163 509 2210 conlocasset,
542 2166 719 2214 profecto
758 2181 838 2206 non
874 2172 971 2209 haec
1006 2173 1139 2212 onmia
1177 2176 1375 2226 colligeret

41 2229 160 2273 atque
187 2235 472 2276 aucuparetur,
506 2242 587 2267 non
615 2244 741 2281 usque
767 2246 816 2271 eo
843 2235 1062 2286 despiceret
1089 2247 1373 2280 contemneret-

127 2337 147 2366 3
172 2327 319 2360 Siciliam
338 2330 391 2361 Kb
406 2343 412 2362 :
439 2331 554 2363 Sicilia
572 2330 659 2375 'pr
748 2348 767 2375 4
793 2336 953 2371 Achaiam
965 2346 1029 2381 pr>-
1046 2354 1052 2373 ε
1076 2343 1204 2375 Achaia
1221 2345 1284 2375 ΒΨ
