1600 2704
73 90 342 132 ACTIONIS
372 91 433 130 IN
464 92 508 131 C.
531 91 772 129 VERREM
803 91 1104 131 SECVNDAE
1134 92 1237 130 LIB.
1260 93 1297 128 V
1378 102 1404 138 4
1427 106 1466 130 10

73 202 277 241 Leonidae
298 201 503 241 cuiusdam
526 200 646 240 Siculi
666 200 812 239 familia
831 200 871 238 in
900 201 1166 251 suspicionem
1189 209 1246 240 est
1266 210 1406 241 vocata

73 266 364 307 coniurationis.
425 268 507 306 Res
539 267 668 305 delata
698 266 748 304 ad
778 265 907 304 istum.
968 265 1119 313 Statim,
1151 274 1194 304 ut
1223 280 1291 316 par
1320 266 1403 313 fuit,

72 332 179 372 iussu
201 332 284 372 eius
305 331 486 371 homines
514 331 581 382 qui
608 332 760 370 fuerant
788 330 981 370 nominati
1012 331 1287 381 comprehensi
1315 339 1405 369 sunt

71 397 314 449 adductique
346 397 579 447 Lilybaeum
597 411 607 445 3
657 395 821 436 domino
860 395 1137 435 denuntiatum
1178 404 1245 444 est,
1288 409 1406 434 causa

34 462 189 509 5dicta‚
233 461 420 502 damnati.
499 457 608 509 Quid
647 460 826 499 deinde?
874 460 971 511 quid
1010 460 1212 500 censetis?
1258 463 1449 508 furtum5

72 528 234 566 fortasse
265 535 332 565 aut
366 527 553 576 praedam
587 525 820 576 exspectatis
859 525 1045 576 aliquam.
1104 526 1240 565 Nolite
1279 539 1404 576 usque

71 604 228 641 quaque
253 591 359 630 idem
392 604 589 641 quaerere.
651 592 698 629 In
734 598 842 629 metu
877 590 970 629 belli
1003 591 1157 630 furandi
1193 593 1302 630 locus
1337 590 1404 641 qui

70 664 200 707 potest
217 658 332 696 esse?
361 656 478 695 etiarn
500 656 531 695 si
553 669 630 706 qua
651 656 723 695 fuit
743 656 783 694 in
806 658 879 695 hac
900 670 939 695 re
956 656 1113 696 occasio
1134 657 1405 707 praetermissa

71 729 139 760 est.
199 722 304 760 Turn
336 721 463 772 potuit
497 735 520 760 a
552 721 731 761 Leonida
763 734 1018 760 nummorum
1057 722 1206 772 aliquid
1242 724 1404 771 auferre,

13 801 52 824 10
71 799 162 824 curn
192 786 438 825 denuntiavit
467 794 510 825 ut
539 788 694 825 adesset
710 801 719 834 3
750 786 821 825 fuit
851 786 1089 826 nundinatio
1117 786 1259 837 aliqua,
1283 795 1321 826 et
1342 787 1404 826 isti

70 863 151 888 non
181 864 294 898 nova,
327 865 378 890 ne
407 864 566 889 causam
596 852 801 898 dicerent3
831 852 948 890 etiam
981 853 1078 889 alter
1109 853 1230 899 locus,
1266 860 1309 890 ut
1341 852 1406 891 ab·

70 917 336 954 solverentur:
365 917 562 955 damnatis
584 917 746 966 quidem
772 917 890 955 servis
912 929 1013 967 quae
1039 917 1253 967 praedandi
1275 925 1405 968 potest

70 994 154 1020 esse
192 981 323 1021 ratio?
369 983 533 1032 produci
573 983 624 1021 ad
663 983 901 1032 supplicium
941 995 1102 1021 necesse
1135 990 1203 1021 est.
1263 984 1404 1022 Testes

69 1046 175 1084 enirn
205 1054 297 1085 sunt
326 1048 392 1097 qui
423 1048 463 1085 in
493 1048 660 1085 consilio
689 1048 856 1093 fuerunt,
882 1055 1000 1085 testes
1030 1048 1213 1097 publicae
1234 1048 1402 1094 tabulae,

12 1124 50 1157 ¹5
69 1113 178 1149 testis
200 1111 519 1162 splendidissima
545 1111 680 1149 civitas
710 1110 944 1160 Lilybitana,
969 1111 1077 1149 testis
1103 1111 1405 1150 honestissimus

70 1176 342 1227 maximusque
381 1184 600 1216 conventus
647 1175 790 1215 civium
835 1178 1135 1215 Romanorum:
1186 1177 1267 1216 fieri
1308 1179 1405 1215 nihil

67 1250 211 1293 potest,
230 1243 476 1292 producendi
499 1248 600 1279 sunt.
663 1242 803 1290 Itaque
834 1242 1108 1291 producuntur
1136 1249 1173 1280 et
1199 1243 1249 1281 ad
1271 1244 1402 1292 palum

66 1308 285 1358 alligantur.
345 1308 475 1345 Etiam
505 1320 610 1345 nunc
640 1307 735 1344 mihi
765 1314 991 1355 exspectare
1016 1306 1217 1354 videmini,
1242 1307 1402 1353 iudices,
1428 1321 1462 1343 11

67 1373 163 1423 quid
185 1373 331 1412 deinde
360 1374 506 1411 factum
537 1372 595 1418 sit,
619 1372 727 1421 quod
759 1372 831 1410 iste
860 1371 957 1409 nihil
987 1384 1177 1422 umquam
1208 1372 1299 1411 fecit
1321 1374 1405 1412 sine

6 1451 49 1474 πο
66 1440 201 1489 aliquo
230 1446 395 1488 quaestu
425 1446 543 1487 atque
573 1438 730 1488 praeda.
789 1436 898 1483 Quid
934 1438 973 1474 in
1006 1437 1089 1475 eius
1119 1438 1227 1476 modi
1256 1451 1296 1476 re
1324 1439 1404 1476 fieri

65 1503 225 1554 potuit?
280 1502 403 1549 Quod
437 1503 695 1541 commodum
728 1509 796 1548 est,
839 1509 1062 1552 exspectate
1103 1503 1253 1540 facinus
1285 1515 1404 1552 quam

65 1570 184 1608 vultis
211 1569 437 1620 improbum
453 1582 463 1616 ,-
500 1566 655 1605 vincam
684 1574 818 1605 tamen
846 1566 1181 1617 exspectationem
1211 1567 1402 1605 omnium.

67 1633 267 1673 Homines
296 1633 450 1672 sceleris
477 1631 839 1682 coniurationisque
869 1633 1057 1678 damnati,
1086 1633 1135 1670 ad
1166 1632 1402 1682 supplicium

65 1699 208 1747 traditi,
231 1699 282 1738 ad
310 1700 444 1750 palum
477 1697 632 1748 alligati,
657 1705 818 1748 repente
846 1697 978 1736 multis
1005 1697 1163 1736 milibus
1194 1699 1402 1737 hominum

5 1780 47 1812 25
66 1764 379 1817 inspectantibus
400 1763 517 1803 soluti
538 1770 628 1801 sunt
649 1771 687 1802 et
709 1762 936 1802 Triocalino
957 1762 1011 1800 illi
1033 1762 1198 1801 domino
1219 1762 1374 1802 redditi.

120 1829 230 1877 Quid
260 1830 336 1868 hoe
365 1831 455 1867 loco
485 1835 598 1878 potes
628 1827 769 1873 dicere,
802 1828 924 1866 homo
955 1828 1236 1875 amentissime,
1268 1827 1342 1866 nisi
1364 1829 1403 1867 id

63 1896 174 1945 quod
209 1906 282 1945 ego
314 1907 395 1932 non
430 1905 591 1943 quaero,
626 1893 735 1942 quod
769 1893 942 1942 denique
978 1892 1017 1930 in
1058 1906 1097 1930 re
1130 1900 1210 1930 tarn
1243 1893 1400 1940 nefaria,

63 1962 220 2000 tametsi
249 1959 419 1999 dubitari
448 1972 529 1997 non
560 1965 700 2009 potest,
726 1966 859 1996 tamen
887 1971 937 1997 ne
961 1959 991 1996 si
1017 1958 1220 1997 dubitetur
1241 1958 1402 2008 quidem

64 2026 198 2076 quaeri
220 2032 409 2077 oporteat,
433 2025 528 2075 quid
550 2031 616 2062 aut
637 2030 829 2074 quantum
850 2031 917 2061 aut
932 2035 1012 2073 quo
1034 2024 1155 2061 modo
1176 2023 1403 2073 acceperis?

2 2103 47 2134 30
66 2091 247 2130 Remitto
273 2091 344 2129 tibi
374 2091 451 2129 hoc
481 2096 609 2127 totum
638 2096 757 2138 atque
787 2089 860 2126 ista
894 2095 932 2127 te
965 2101 1057 2126 cura
1092 2088 1244 2136 liber03
1273 2102 1403 2139 neque

65 2156 170 2195 enirn
207 2163 341 2195 metuo
376 2168 425 2194 ne
457 2155 534 2194 hoc
569 2153 754 2204 cuiquam
790 2155 1080 2203 persuadeatur,
1116 2161 1168 2201 ut,
1204 2155 1254 2193 ad
1294 2156 1402 2204 quod

109 2271 128 2301 3
152 2260 286 2292 fuerant
302 2259 390 2291 RS:
421 2264 517 2291 erant
529 2260 572 2299 ρδ
717 2259 738 2288 6
761 2259 923 2298 spectatis
939 2257 1002 2290 RS
1148 2269 1182 2290 11
1211 2259 1340 2291 diceret
1358 2261 1402 2300 p&

68 2314 106 2335 12
131 2309 244 2343 potest
260 2304 313 2334 Κδ
329 2316 335 2334 :
360 2310 476 2344 posset
491 2302 555 2335 RS
663 2311 700 2342 15
727 2301 922 2342 Lilybitana
938 2301 1139 2343 Mommsen,
1162 2306 1198 2334 nt
1213 2302 1291 2335 Dz'v.
1308 2306 1323 2342 ξ
1339 2314 1379 2344 55
1396 2316 1402 2335 :

68 2347 286 2387 Lilybaetana
302 2348 391 2389 vulg.

1251 2401 1313 2432 25*
