1600 2704
65 82 334 122 ACTIONIS
365 83 425 121 IN
456 83 502 123 C.
525 83 766 121 VERREM
798 81 1096 121 SECVNDAE
1129 82 1234 120 LIB.
1256 83 1294 119 V
1347 91 1399 130 32
1416 89 1459 129 84

65 193 106 232 in
128 195 263 232 Insula
283 202 341 233 est
361 193 645 245 Syracusanum
666 195 868 234 neminem
888 195 1011 234 voluit
1025 210 1035 243 3
1064 195 1194 243 hodie,
1219 196 1395 247 inquam,

65 259 352 308 Syracusanum
372 258 412 297 in
433 273 479 297 ea
498 267 606 309 parte
627 259 802 298 habitare
823 273 903 298 non
925 259 1015 297 licet
1030 273 1040 306 ;
1069 268 1126 297 est
1154 260 1260 297 enim
1288 262 1397 298 locus

64 336 183 372 quern
204 325 266 362 vel
286 323 402 373 pauci
421 331 582 374 possent
602 325 826 363 defendere.
887 323 1145 363 Committere
1166 323 1280 373 igitur
1307 337 1398 363 eum

64 400 145 425 non
176 387 413 426 fidelissimis
433 388 661 427 hominibus
681 388 819 435 noluit,
849 387 964 426 simul
986 389 1094 437 quod
1115 388 1165 426 ab
1200 387 1265 425 illa
1289 396 1397 437 parte

26 465 44 496 5
63 451 169 490 urbis
200 452 364 491 navibus
391 453 520 492 aditus
550 467 597 491 ex
623 455 704 492 alto
723 462 781 491 est
800 468 810 501 ,-
839 466 957 502 quam
979 453 1032 491 ob
1052 465 1133 491 rem
1155 451 1222 502 qui
1243 459 1397 490 nostros

62 516 253 555 exercitus
288 530 404 567 saepe
439 520 694 566 excluserant,
726 517 771 556 iis
806 519 974 556 claustra
1004 516 1081 555 loci
1111 516 1397 555 committenda

62 593 143 618 non
177 580 420 620 existimavit.
480 582 583 621 Vide
617 582 713 633 quid
743 582 894 621 intersit
928 582 1028 620 inter
1054 590 1162 620 tuam
1190 581 1395 620 libidinem
1417 584 1456 623 85

63 644 334 695 maiorumque
363 646 647 694 auctoritatem,
678 647 777 686 inter
804 660 978 686 amorem
1006 648 1256 696 furoremque
1283 654 1395 685 tuum

62 717 101 747 et
131 708 285 748 illorum
314 710 522 749 consilium
553 720 671 761 atque
696 712 957 762 prudentiam.
1020 711 1082 749 Illi
1101 711 1252 749 aditum
1274 711 1395 750 litoris

5 788 44 812 10
61 774 312 823 Syracusanis
331 776 573 822 ademerunt,
593 784 634 814 tu
655 776 862 826 imperium
884 776 1123 814 maritimum
1140 776 1368 815 concessisti
1386 791 1396 824 3

61 837 116 876 illi
149 838 325 878 habitare
359 839 399 878 in
434 854 482 879 eo
512 843 600 879 loco
629 843 927 891 Syracusanum,
951 854 1029 891 qua
1058 854 1177 879 naves
1207 842 1396 880 accedere

61 911 232 952 possent,
255 906 476 952 noluerunt,
504 912 546 943 tu
573 905 687 944 classi
717 913 755 944 et
782 906 948 944 navibus
976 907 1260 954 Syracusanum
1289 919 1395 956 prae-

60 980 145 1006 esse
176 968 331 1007 voluisti
348 984 358 1016 ;
387 969 530 1019 quibus
561 969 615 1007 illi
646 969 750 1008 urbis
782 983 875 1008 suae
905 977 1055 1019 partem
1083 970 1328 1018 ademerunt,
1348 970 1394 1009 iis

60 1038 102 1070 tu
127 1033 249 1071 nostri
277 1034 415 1084 imperi
439 1042 589 1084 partem
620 1034 774 1080 dedisti,
798 1042 836 1073 et
861 1047 1029 1083 quorum
1058 1033 1254 1072 sociorum
1275 1047 1394 1083 opera

3 1115 40 1148 ¹5
61 1097 293 1146 Syracusani
314 1098 428 1137 nobis
449 1098 556 1137 dicto
576 1098 781 1137 audientes
797 1106 898 1145 sunt,
922 1111 989 1136 eos
1011 1099 1255 1146 Syracusano
1285 1100 1393 1137 dicto

59 1162 256 1201 audientis
277 1176 362 1201 esse
384 1163 540 1201 iussisti.

114 1227 323 1277 Egreditur
342 1227 382 1265 in
403 1227 660 1278 Centuripina
688 1227 925 1278 quadriremi
947 1229 1183 1267 Cleomenes
1208 1241 1229 1266 e
1254 1236 1368 1278 portu
1384 1242 1394 1275 3
1413 1212 1463 1295 ἐξ

60 1292 236 1342 sequitur
266 1293 479 1342 Segestana
509 1292 629 1340 navis,
664 1292 942 1342 Tyndaritana,
978 1292 1238 1339 HerbitensiS,
1270 1294 1394 1330 Hera—

60 1356 229 1405 cliensis,
276 1357 583 1408 Apolloniensis,
635 1357 866 1404 Haluntina‚
917 1358 1114 1407 praeclara
1171 1356 1305 1395 classis
1353 1356 1392 1395 in

0 1437 41 1459 20
60 1422 243 1473 speciem,
285 1424 355 1461 sed
389 1422 504 1472 inops
543 1430 580 1461 et
619 1422 773 1460 infirma
810 1430 968 1472 propter
1006 1421 1278 1460 dimissionem
1309 1434 1393 1471 pro-

59 1495 321 1536 pugnatorum
369 1495 487 1536 atque
525 1486 726 1536 remigum.
801 1487 902 1524 Tam
937 1487 1004 1524 diu
1044 1486 1082 1523 in
1122 1485 1286 1535 imperio
1321 1498 1393 1524 suo

59 1553 224 1589 classem
245 1551 317 1589 iste
337 1560 491 1601 praetor
507 1551 672 1601 diligens
693 1550 790 1590 vidit
811 1564 929 1600 quam
961 1550 1029 1588 diu
1059 1549 1283 1588 convivium
1309 1549 1392 1588 eius

59 1614 405 1665 flagitiosissimum
438 1623 703 1665 praetervecta
743 1623 828 1663 est,
876 1615 959 1664 ipse
998 1622 1142 1661 autem,
1183 1614 1251 1664 qui
1288 1614 1392 1652 visus

59 1679 191 1718 multis
229 1680 369 1718 diebus
408 1694 489 1719 non
528 1688 640 1727 esset,
682 1688 766 1718 tum
806 1693 847 1718 se
882 1689 1014 1718 tamen
1048 1679 1087 1717 in
1134 1688 1391 1729 conspectum

0 1757 39 1788 25
59 1744 187 1781 nautis
222 1744 418 1794 paulisper
445 1746 564 1783 dedit.
625 1744 738 1784 Stetit
772 1746 942 1783 soleatus
968 1752 1121 1793 praetor
1151 1744 1286 1794 populi
1316 1746 1394 1783 Ro·

59 1808 165 1846 mani
193 1822 284 1846 cum
304 1808 423 1858 pallio
444 1823 638 1859 purpureo
659 1809 872 1859 tunicaque
894 1809 1003 1847 talari
1024 1808 1252 1847 muliercula
1280 1809 1392 1847 nixus

58 1874 98 1911 in
132 1873 254 1911 litore.
316 1874 401 1911 Iam
432 1875 508 1912 hoc
538 1874 655 1912 istum
686 1874 828 1912 vestitu
859 1874 978 1913 Siculi
1006 1873 1190 1923 civesque
1219 1873 1391 1912 Romani

58 1938 241 1988 permulti
280 1952 397 1988 saepe
440 1939 627 1977 viderant.
699 1941 963 1988 Posteaquam
1002 1939 1163 1988 paulum
1206 1945 1392 1987 provecta
1410 1946 1451 1986 87

58 2004 191 2042 classis
212 2011 270 2042 est
290 2011 328 2042 et
349 2005 578 2053 Pachynum
600 2003 739 2054 quinto
760 2003 824 2042 die
849 2003 1021 2053 denique
1050 2003 1226 2052 adpulsa,
1247 2010 1390 2040 nautae

0 2084 41 2114 30
58 2068 184 2106 coacti
214 2069 316 2107 fame
346 2068 495 2107 radices
524 2070 741 2118 palmarum
779 2068 1002 2117 agrestium,
1035 2080 1200 2117 quarum
1235 2075 1315 2104 erat
1348 2066 1388 2105 in

106 2181 118 2200 1
146 2171 178 2200 in
199 2171 307 2201 insula
328 2170 376 2211 Vp
393 2171 434 2202 al.
455 2183 460 2201 :
486 2171 595 2202 insula
611 2171 675 2201 RS
694 2174 726 2205 (ξ
744 2172 787 2201 80
803 2171 922 2211 ευριπ)
1008 2171 1257 2209 Syracusanum
1279 2170 1388 2210 Vpks:

61 2224 214 2244 -anorum
230 2214 324 2244 st
499 2224 519 2252 3
545 2219 683 2254 possent
705 2214 797 2244 VRS
814 2226 819 2244 :
844 2219 1042 2254 possuntp:
1068 2214 1199 2253 possint
1215 2213 1296 2243 Ern.
1315 2213 1384 2244 edd.

62 2258 94 2294 (ξ
124 2267 185 2296 139
209 2256 310 2297 infra}
450 2267 488 2297 19
513 2258 546 2287 in
572 2257 720 2296 speciem
745 2259 803 2287 126:
838 2257 872 2287 in
897 2258 1011 2296 speeie
1037 2256 1177 2296 RSDp:
1203 2257 1318 2296 specie
1341 2256 1384 2287 al.

62 2300 165 2337 (sort.
183 2301 224 2330 ad
242 2302 390 2339 speciem
409 2312 415 2331 :
442 2301 473 2332 ii.
492 2300 512 2340 i,
533 2304 547 2337 §
569 2302 625 2339 58)
771 2311 810 2339 27
837 2300 899 2330 hoc
918 2301 991 2339 ipso
1009 2302 1025 2329 δ
1167 2301 1209 2330 28
1232 2300 1388 2330 viderant

59 2342 218 2380 Benedict,
235 2343 303 2375 edd.
325 2355 397 2376 recc.
413 2355 420 2374 ε
445 2345 600 2375 viderunt
618 2343 708 2377 codd.
728 2343 911 2384 (Zielinski,
924 2349 979 2384 pp.
1003 2343 1123 2383 197—8)

1238 2386 1299 2417 27*
