1600 2704
126 104 148 143 7
172 111 210 134 22
534 93 590 130 M.
621 90 791 129 TVLLI
822 87 1130 128 CICERONIS

112 221 150 253 23
172 204 431 251 memorab03
467 214 574 241 nunc
604 207 758 239 tantum
787 198 828 238 id
858 197 989 237 dicam
1020 195 1129 246 quod
1158 192 1299 232 tacitus
1329 199 1372 231 tu
1401 190 1498 231 mihi

170 269 403 316 adsentiare,
425 269 574 306 nullam
609 278 690 304 rem
721 264 762 302 in
798 276 862 301 me
895 274 982 302 esse
1011 273 1131 311 quarn
1160 258 1225 297 ille
1254 263 1495 302 contemnat,

171 337 321 374 nullam
351 334 393 372 in
422 341 460 372 te
494 344 614 382 quam
648 329 907 380 pertimescat.
969 328 1109 375 Itaque
1141 335 1306 374 magnus
1340 322 1405 361 ille
1436 323 1501 360 de-

170 402 302 439 fensor
322 406 360 437 et
380 397 530 436 amicus
551 395 634 435 eius
655 394 726 433 tibi
754 394 993 443 suffragatur,
1017 403 1080 428 me
1109 394 1312 439 oppugnat
1328 400 1339 435 3
1368 393 1501 436 aperte

169 466 220 503 ab
259 463 456 502 iudicibus
495 460 592 512 petit
625 467 667 498 ut
698 466 740 497 tu
772 457 869 496 mihi
900 463 1152 505 anteponare,
1186 460 1225 491 et
1262 451 1316 489 ait
1349 451 1426 489 hoc
1459 462 1501 488 se
1522 465 1539 496 5

171 531 337 568 honeste
357 527 441 566 sine
461 528 540 565 ulla
559 523 706 563 invidia
725 536 771 562 ac
792 522 876 561 sine
906 522 984 559 ulla
1010 517 1228 558 ofsensione
1248 516 1498 554 contendere.

174 595 290 632 ‘Non
328 591 459 638 enim‚'
493 589 630 640 inquit,
666 588 786 626 ‘illud
824 594 917 637 peto
955 585 1065 635 quod
1103 583 1223 628 soleo,
1259 593 1351 619 curn
1389 579 1500 617 vehe—

172 657 342 696 mentius
363 655 562 701 contendi,
585 654 815 704 impetrare:
845 664 933 690 reus
962 656 1005 689 ut
1033 648 1257 687 absolvatur
1286 657 1367 683 non
1396 650 1499 694 peto,

173 724 243 762 sed
263 729 305 760 ut
325 720 455 771 potius
476 721 526 758 ab
547 720 624 758 hoc
654 731 773 768 quarn
803 717 854 755 ab
883 715 950 754 illo
977 720 1193 759 accusetur,
1216 711 1257 750 id
1277 717 1380 761 peto.
1441 710 1504 746 Da

174 786 270 826 mihi
298 788 376 825 hoc
391 800 401 834 3
430 785 607 824 concede
637 783 746 832 quod
775 781 888 819 facile
917 786 986 825 est,
1009 779 1117 828 quod
1149 778 1372 821 honesturn,
1395 773 1504 824 quod
1528 785 1564 808 10

175 866 256 891 non
276 851 513 890 invidiosum
532 864 541 897 3
571 848 681 898 quod
707 859 798 885 curn
827 843 994 890 dederis,
1018 842 1102 881 sine
1125 843 1206 880 ullo
1227 849 1296 879 tuo
1316 838 1502 890 periculo,

176 917 259 956 sine
279 915 441 954 infamia
466 914 564 953 illud
591 911 757 958 dederis,
779 918 823 949 ut
851 909 883 949 is
912 909 1137 947 absolvatur
1163 905 1273 944 cuius
1295 918 1367 954 ego
1388 916 1506 943 causa

119 999 158 1029 24
175 982 336 1021 labor0.'
395 982 445 1019 Et
477 979 529 1018 ait
562 978 679 1025 idern,
717 984 760 1015 ut
796 974 937 1025 aliquis
976 980 1104 1011 metus
1137 970 1347 1010 adiunctus
1378 968 1427 1007 sit
1454 967 1506 1007 ad

176 1047 350 1098 gratiam,
366 1053 492 1085 certos
514 1056 599 1083 esse
620 1042 660 1081 in
681 1040 847 1081 consilio
868 1038 1013 1089 quibus
1035 1035 1191 1076 ostendi
1212 1035 1376 1074 tabellas
1396 1032 1488 1072 velit
1494 1045 1505 1080 ;

176 1113 217 1152 id
247 1125 333 1151 esse
363 1109 575 1161 perfacile3
603 1121 685 1146 non
714 1105 821 1145 enim
851 1104 1026 1154 singulos
1055 1103 1153 1141 ferre
1187 1099 1412 1145 sententias,
1436 1097 1507 1136 sed
1533 1108 1567 1140 15

176 1177 378 1216 universos
412 1174 650 1214 constituere
668 1186 678 1220 3
716 1177 887 1210 ceratam
922 1168 991 1207 uni
1022 1167 1165 1217 cuique
1199 1166 1385 1204 tabellam
1423 1161 1507 1202 dari

177 1255 265 1282 cera
284 1240 467 1291 legitima,
491 1252 573 1277 non
593 1237 659 1276 illa
678 1235 815 1275 infami
835 1247 882 1274 ac
902 1232 1058 1272 nefaria.
1118 1233 1252 1280 Atque
1272 1228 1304 1268 is
1325 1241 1407 1267 non
1426 1235 1507 1266 tam

177 1314 334 1358 propter
354 1307 518 1344 Verrem
551 1303 702 1341 laborat
735 1313 856 1351 quam
885 1299 995 1349 quod
1024 1309 1116 1336 curn
1145 1294 1308 1333 minime
1337 1306 1397 1332 res
1426 1299 1509 1331 tota

177 1373 372 1418 delectat3
414 1368 521 1408 videt
552 1367 668 1413 enim,
702 1365 734 1404 si
771 1379 794 1403 a
824 1363 955 1415 pueris
993 1360 1205 1406 nobilibus,
1238 1371 1338 1409 quos
1376 1358 1508 1396 adhuc

178 1436 303 1482 elusit,
337 1434 369 1474 si
400 1448 423 1473 a
461 1430 842 1484 quadruplatoribus,
881 1441 981 1478 quos
1020 1439 1101 1465 non
1140 1425 1224 1463 sine
1262 1436 1380 1462 causa
1417 1435 1508 1460 con·
1529 1435 1570 1458 20

178 1500 338 1552 tempsit
358 1512 513 1549 semper
532 1511 578 1536 ac
598 1510 668 1547 pro
698 1495 822 1534 nihilo
842 1492 1003 1544 putavit,
1021 1489 1234 1530 accusandi
1256 1490 1438 1528 voluntas
1459 1487 1509 1525 ad

179 1567 282 1606 viros
320 1564 428 1604 fortis
477 1569 754 1614 spectatosque
801 1558 982 1598 homines
1024 1556 1209 1595 translata
1247 1553 1305 1600 sit,
1347 1565 1433 1591 sese
1469 1550 1510 1589 in

138 1631 162 1668 8
180 1631 335 1670 iudiciis
356 1629 503 1669 diutius
524 1625 718 1668 dominari
738 1638 819 1663 non
839 1636 966 1674 posse.
1027 1620 1137 1660 Huic
1166 1632 1240 1670 ego
1260 1617 1412 1657 homini
1432 1615 1511 1655 iam

124 1701 162 1732 ²5
180 1704 272 1736 ante
306 1694 509 1740 denuntio,
543 1692 575 1731 si
612 1705 635 1730 a
667 1704 730 1729 me
761 1702 920 1728 causam
954 1689 1057 1726 hanc
1095 1699 1164 1724 vos
1202 1684 1264 1734 agi
1297 1680 1508 1727 volueritis,

179 1761 371 1800 rationem
401 1759 455 1797 illi
485 1755 726 1797 defendendi
755 1762 878 1792 totam
908 1765 993 1791 esse
1023 1751 1265 1796 mutandam,
1288 1756 1326 1787 et
1354 1747 1408 1786 ita
1428 1760 1510 1785 mu·
1531 1760 1570 1791 ²5

180 1828 342 1866 tandam
363 1832 416 1871 ut,
439 1822 600 1862 meliore
620 1828 658 1860 et
678 1818 903 1859 honestiore
933 1815 1168 1856 condicione
1189 1827 1308 1864 quarn
1328 1826 1406 1863 qua
1426 1812 1510 1862 ipse

181 1893 262 1930 vult
283 1892 350 1937 uti,
374 1889 547 1928 imitetur
567 1885 748 1925 homines
778 1897 846 1922 eos
875 1895 975 1932 quos
1004 1881 1089 1931 ipse
1108 1879 1208 1918 vidit
1233 1877 1508 1928 amplissimos,

184 1959 226 1995 L.
252 1957 438 1997 Crassum
459 1960 497 1992 et
518 1954 573 1990 M.
598 1949 830 1995 Antonium,
855 1947 922 1998 qui
952 1946 1049 1985 nihil
1079 1958 1120 1984 se
1148 1941 1511 1983 arbitrabanturad

227 2071 246 2100 5
271 2071 289 2091 a
307 2059 374 2091 iud.
393 2059 458 2090 DQ
585 2068 602 2097 7
627 2057 717 2088 enim
736 2054 842 2094 inquit
859 2064 925 2084 om.
945 2050 1024 2090 DG2
1040 2051 1082 2083 al.
1215 2059 1237 2089 9
1260 2048 1303 2079 ab
1318 2048 1380 2078 hoc
1399 2045 1511 2086 potius

179 2107 241 2146 ρνδ
357 2114 396 2133 10
420 2104 601 2134 honestum
620 2106 671 2131 est
691 2099 770 2137 G22K
882 2107 920 2127 12
945 2096 973 2126 is
989 2105 1053 2126 om.
1072 2094 1137 2125 ΒΨ
1241 2102 1278 2132 15
1302 2090 1509 2122 sententiam

187 2147 254 2178 LK
268 2147 347 2177 Asc.
517 2156 557 2185 25
583 2150 616 2175 et
634 2145 681 2175 ita
699 2142 891 2173 mutandam
908 2140 1058 2170 Heraeus
1076 2138 1124 2176 (ii,
1145 2139 1160 2174 ,ὅ
1179 2135 1235 2176 53)
1251 2146 1257 2168 :
1284 2139 1317 2165 et
1335 2135 1380 2164 ita
1398 2139 1509 2165 tamen

186 2191 378 2222 mutandam
398 2195 422 2229 j>
437 2200 462 2219 s.
476 2190 508 2226 l.‚
524 2190 598 2219 item
612 2198 654 2226 qr
670 2186 720 2227 <ffi
733 2192 794 2226 per
807 2183 1075 2224 dittographiam,
1095 2179 1198 2219 credo)
1216 2190 1223 2210 :
1255 2183 1289 2208 et
1313 2178 1357 2208 ita
1375 2186 1510 2207 causam

187 2234 292 2275 (cam)
307 2234 501 2264 mutandam
519 2231 556 2270 G,
576 2231 654 2261 Par.
674 2231 757 2269 7822
774 2230 810 2258 δε
836 2238 901 2258 om.
920 2225 1004 2256 ow
1093 2226 1134 2254 26
1159 2221 1359 2253 condicione
1372 2221 1417 2251 sit
1430 2221 1506 2250 Asc.

188 2279 261 2317 ipse
286 2278 354 2307 vult
379 2277 427 2306 uti
455 2275 574 2315 scripsi,
600 2279 663 2314 pqr
688 2276 816 2303 secutus
842 2271 876 2300 in
902 2269 1020 2309 quibus
1045 2271 1091 2297 est
1113 2272 1147 2297 ut
1173 2269 1247 2296 ante
1272 2265 1423 2296 imitetur
1447 2261 1509 2302 (CI.

187 2322 265 2352 Rev.
285 2321 354 2351 xix.
377 2320 453 2359 160)
471 2330 478 2349 ι
502 2319 574 2358 ipse
599 2327 676 2348 esse
693 2316 763 2346 vult
775 2314 840 2355 pG,
862 2313 939 2344 Par.
956 2313 1039 2351 7822
1058 2313 1074 2341 δ
