1600 2704
1450 35 1486 51 A(

66 106 332 149 ACTIONIS
354 108 414 145 IN
436 107 482 146 C.
504 107 747 144 VERREM
768 106 1067 146 SECVNDAE
1088 106 1193 144 LIB.
1218 107 1276 143 IV
1333 113 1388 152 30
1411 107 1454 140 68

65 216 379 263 arbitrabuntur;
425 215 484 254 sin
523 216 600 254 hoc
637 227 708 254 vos
746 213 785 252 in
824 227 913 264 rege
950 221 1030 252 tam
1061 213 1200 260 nobili,
1235 227 1274 252 re
1311 221 1394 252 tam

66 281 219 330 eximia,
250 280 391 320 iniuria
421 288 501 320 tam
534 279 677 319 acerba
707 278 924 330 neglexisse
962 278 1135 324 audient,
1173 291 1254 315 non
1281 286 1395 316 erunt

65 354 144 386 tam
168 353 346 384 amentes
373 352 416 384 ut
440 357 601 395 operam
628 357 762 382 curam
783 342 992 393 pecuniam
1013 342 1247 393 impendant
1268 341 1308 379 in
1329 355 1394 380 eas

64 426 123 451 res
139 425 237 462 quas
257 410 369 450 vobis
388 418 515 461 gratas
536 411 619 449 fore
638 423 718 448 non
739 408 984 447 arbitrentur.

26 493 42 525 5
118 478 211 516 Hoc
245 477 347 523 loco,
378 476 432 524 Q.
467 475 621 522 Catule,
650 481 690 513 te
720 473 902 523 appello,
933 474 1073 522 loquor
1101 471 1207 511 enim
1239 472 1289 511 de
1325 478 1394 509 tuo

63 540 278 580 clarissimo
293 539 639 591 pulcherrimoque
660 545 931 577 monumento.
993 538 1086 576 Non
1107 536 1248 575 iudicis
1265 537 1392 574 solum

63 605 307 645 severitatem
326 605 369 648 in
389 606 466 643 hoc
486 603 661 651 crimine,
683 604 753 643 sed
774 616 896 654 prope
915 602 1065 641 inimici
1095 610 1213 652 atque
1238 614 1395 640 accusa-

62 670 154 709 toris
184 670 263 708 vim
293 669 490 720 suscipere
519 670 653 709 debes.
712 670 823 707 Tuus
853 667 958 707 enim
990 669 1117 707 honos
1149 667 1217 707 illo
1245 668 1395 717 templo

62 741 220 773 senatus
249 734 466 784 populique
498 733 673 772 Romani
704 732 910 780 beneficio,
944 732 999 770 tui
1032 731 1203 771 nominis
1236 739 1395 770 aeterna

6 814 44 837 10
62 798 251 838 memoria
275 798 391 837 simul
415 812 506 838 cum
527 799 676 849 templo
696 797 764 837 illo
785 805 1035 836 consecratur
1053 811 1062 844 ;
1093 796 1162 835 tibi
1183 797 1281 835 haec
1302 809 1395 835 cura

62 862 323 913 suscipienda,
359 863 430 901 tibi
464 865 562 902 haec
595 876 715 913 opera
744 862 937 901 sumenda
969 868 1038 909 est,
1067 868 1109 900 ut
1137 860 1392 911 Capitolium,

62 941 180 978 quem
194 928 244 967 ad
266 929 430 966 modum
452 926 767 978 magnificentius
788 934 846 966 est
866 926 1101 973 restitutum,
1119 925 1173 964 sic
1194 925 1393 976 copiosius

61 1000 243 1030 ornatum
277 992 325 1030 sit
357 1005 476 1042 quam
510 991 593 1039 fuit,
621 999 663 1030 ut
697 991 762 1030 illa
796 992 955 1029 flamma
988 990 1176 1029 divinitus
1200 989 1394 1028 exstitisse

63 1055 249 1104 videatur,
270 1069 351 1095 non
381 1069 482 1106 quae
513 1057 661 1095 deleret
682 1055 787 1094 Iovis
815 1054 967 1105 Optimi
995 1054 1161 1092 Maximi
1188 1055 1392 1105 templum,

1 1135 40 1168 15
61 1121 131 1159 sed
152 1134 254 1171 quae
273 1120 507 1171 praeclarius
528 1119 922 1170 magnificentiusque
942 1120 1184 1169 deposceret.
1235 1118 1393 1157 Audisti
1417 1129 1431 1138 ³

61 1186 110 1234 Q.
131 1185 354 1223 Minucium
371 1185 500 1224 dicere
526 1184 636 1224 domi
657 1197 750 1223 suae
770 1184 1018 1223 deversatum
1048 1196 1134 1222 esse
1147 1182 1390 1221 Antiochum

61 1263 190 1300 regem
225 1248 424 1299 Syracusis
439 1263 448 1296 3
477 1262 519 1288 se
551 1249 648 1288 illud
675 1248 773 1287 scire
799 1249 850 1287 ad
878 1248 996 1286 istum
1024 1261 1109 1287 esse
1134 1248 1323 1293 delatum,
1351 1260 1392 1286 se

60 1314 158 1354 scire
196 1327 277 1354 non
311 1313 510 1353 redditum
528 1328 538 1362 ς
565 1312 709 1353 audisti
744 1320 783 1352 et
821 1312 958 1351 audies
996 1312 1106 1351 omni
1137 1324 1158 1351 e
1192 1319 1391 1350 conventu

60 1381 304 1429 Syracusano
343 1378 411 1429 qui
450 1378 503 1417 ita
540 1378 686 1425 dicant,
726 1391 811 1416 sese
859 1376 1112 1415 audientibus
1160 1376 1256 1415 illud
1307 1376 1392 1415 Iovi

2 1460 42 1482 20
60 1443 224 1494 Optimo
260 1443 438 1482 Maximo
466 1442 642 1482 dicatum
672 1455 757 1481 esse
785 1442 837 1480 ab
875 1454 964 1491 rege
998 1441 1199 1479 Antiocho
1232 1448 1270 1479 et
1302 1453 1393 1479 con-

59 1515 263 1546 secratum.
324 1507 364 1546 Si
399 1507 516 1547 iudex
556 1521 637 1546 non
678 1519 783 1545 esses
817 1513 856 1545 et
885 1506 983 1544 haec
1012 1505 1063 1544 ad
1101 1512 1138 1544 te
1167 1505 1297 1543 delata
1332 1518 1392 1544 res

58 1580 170 1619 esset,
192 1580 230 1611 te
250 1571 500 1622 potissimum
527 1572 604 1611 hoc
631 1569 824 1622 persequi,
847 1577 885 1609 te
914 1577 1057 1621 petere,
1079 1576 1117 1608 te
1140 1582 1254 1619 agere
1280 1581 1392 1619 opor-

57 1644 163 1676 teret.
225 1637 357 1686 Quare
391 1651 472 1676 non
498 1636 639 1676 dubito
669 1649 750 1686 quo
776 1635 910 1674 animo
938 1635 1055 1674 iudex
1081 1634 1197 1673 huius
1218 1635 1390 1674 criminis

57 1715 142 1742 esse
162 1702 321 1750 debeas,
336 1702 404 1752 qui
423 1703 530 1753 apud
550 1702 670 1741 alium
692 1701 864 1741 iudicem
887 1701 1011 1739 multo
1031 1700 1155 1739 acrior
1175 1713 1294 1751 quam
1317 1714 1390 1751 ego

1 1783 16 1807 2
21 1783 39 1816 5
56 1779 143 1805 sum
163 1774 272 1805 actor
291 1774 574 1817 accusatorque
592 1779 678 1806 esse
698 1766 874 1805 deberes.

109 1831 235 1870 Vobis
255 1838 401 1880 autem,
422 1832 583 1878 iudices,
605 1830 702 1882 quid
731 1832 807 1870 hoc
835 1829 1033 1881 indignius
1053 1837 1120 1869 aut
1141 1830 1236 1881 quid
1259 1831 1388 1869 minus

55 1896 260 1935 ferendum
278 1896 400 1935 videri
416 1904 545 1947 potest
561 1898 578 1935 ?
618 1897 812 1935 Verresne
826 1896 989 1934 habebit
1005 1895 1115 1934 domi
1132 1908 1225 1934 suae
1247 1897 1388 1934 cande-

55 1961 206 1999 labrum
239 1961 344 1999 Iovis
365 1974 386 2000 e
420 1961 585 2011 gemmis
609 1974 786 2011 auroque
813 1961 1062 2011 perfectum?
1101 1961 1212 1998 cuius
1238 1961 1387 2010 fulgore

55 2027 264 2064 conlucere
275 2033 395 2076 atque
407 2025 600 2065 inlustrari
610 2025 716 2064 Iovis
723 2025 875 2075 Optimi
892 2025 1055 2063 Maximi
1069 2025 1260 2074 templum
1276 2037 1387 2075 opor-

0 2106 38 2139 30
54 2090 172 2137 tebat,
196 2090 236 2130 id
265 2091 373 2141 apud
401 2089 519 2129 istum
554 2090 594 2128 in
629 2091 712 2129 eius
747 2091 855 2129 modi
890 2089 1079 2128 conviviis
1111 2089 1382 2136 constituetur,

96 2204 115 2224 2
139 2194 306 2226 audierint
316 2196 360 2234 pb
492 2195 512 2225 8
536 2194 625 2225 enim
644 2198 694 2225 est
711 2194 816 2224 honos
833 2205 873 2224 π;
899 2197 950 2224 est
966 2193 1056 2223 enim
1074 2193 1183 2224 honos
1199 2194 1215 2223 δ
1346 2204 1382 2232 17

54 2236 130 2268 illud
156 2237 395 2269 candelabrum
423 2237 514 2269 Bake
692 2239 730 2268 18
755 2237 844 2268 omni
873 2236 956 2268 RS:
991 2246 1109 2267 omnes
1129 2237 1193 2276 p6:
1229 2236 1383 2267 homines

55 2279 155 2312 Cobet.
175 2281 261 2312 Forl.
280 2281 435 2312 homines
452 2281 540 2312 omni
689 2282 730 2312 28
755 2291 773 2312 e
791 2281 932 2321 gemmis
948 2290 1098 2320 auroque
1116 2279 1302 2319 perfectum
1320 2280 1380 2311 del.

53 2322 206 2355 Schwabe
337 2335 380 2364 30
404 2325 554 2356 eiusdem
572 2335 666 2356 conv.
688 2336 709 2354 π

1414 452 1457 488 31

1414 502 1456 543 69

1410 1808 1460 1844 32

1412 1865 1447 1898 71
