1600 2704
77 94 347 136 ACTIONIS
369 99 432 139 IN
451 101 495 140 C.
515 103 757 143 VERREM
778 107 1077 151 SECVNDAE
1100 116 1202 154 LIB.
1229 118 1294 156 III
1376 131 1405 168 9
1427 137 1464 159 22

76 204 215 244 retinet
253 206 340 247 illos
379 209 462 250 eius
501 212 657 262 spiritus
698 215 910 258 Siciliensis
951 234 1050 271 quos
1098 225 1216 265 fuisse
1256 231 1401 277 putetis

76 267 262 321 [cogitate
281 271 344 325 ac]
366 278 638 317 recordamini.
700 281 780 320 Hic
810 291 868 321 est
889 287 1088 335 Apronius
1115 303 1234 339 quem
1256 293 1295 331 in
1316 308 1402 344 pro—

72 332 199 373 vincia
220 342 302 376 tota
322 339 475 387 Verres,
496 354 587 379 cum
618 344 795 395 undique
825 349 1086 398 nequissimos
1108 355 1289 395 homines
1310 372 1401 397 con—

71 398 262 448 quisisset,
287 410 325 440 et
345 416 435 442 cum
457 404 541 455 ipse
563 420 696 447 secum
719 411 777 448 sui
808 412 944 452 similis
965 416 1139 456 duxisset
1160 433 1239 459 non
1261 436 1398 472 parum

30 475 47 507 5
70 465 224 512 multos,
248 467 423 516 nequitia
452 470 602 510 luxuria
631 475 796 514 audacia
827 478 885 516 sui
916 479 1158 522 simillimum
1187 485 1400 536 iudicavit3

67 526 198 577 itaque
214 528 309 568 istos
325 531 425 571 inter
446 547 488 573 se
509 537 686 585 perbrevi
711 546 887 591 tempore
908 557 988 583 non
1006 560 1074 594 res,
1095 562 1174 587 non
1189 551 1298 599 ratio,
1317 567 1397 592 non

66 596 361 634 commendatio
381 598 523 649 aliqua,
548 603 617 640 sed
639 605 859 645 studiorum
882 610 1084 659 turpitudo
1101 613 1397 667 similitudoque

64 656 276 696 coniunxit.
348 662 478 701 Verris
528 679 655 706 mores
704 669 906 720 improbos
953 674 1209 728 impurosque
1247 682 1394 721 nostis:
1417 697 1454 727 23

63 720 197 770 fingite
217 723 329 762 vobis
357 725 389 763 si
419 730 597 778 potestis,
619 733 790 783 aliquem
820 738 885 786 qui
913 738 951 777 in
979 742 1165 781 omnibus
1192 744 1253 783 isti
1276 748 1392 787 rebus

5 800 43 822 10
61 798 130 835 par
149 788 199 825 ad
222 789 399 829 omnium
423 794 656 843 flagitiorum
680 800 844 839 nefarias
873 803 1056 844 libidines
1078 821 1163 847 esse
1182 811 1330 859 possit3
1360 813 1391 852 is

60 850 130 889 erit
151 853 350 902 Apronius
379 856 443 896 ille
474 859 551 908 qui,
575 869 617 899 ut
647 862 730 912 ipse
760 877 840 904 non
871 870 997 907 solum
1021 871 1097 909 vita
1127 875 1196 912 sed
1227 889 1390 927 corpore

57 924 176 965 atque
197 930 263 956 ore
294 919 497 970 significat,
521 923 714 966 immensa
740 929 871 980 aliqua
891 946 1034 983 vorago
1064 944 1123 974 est
1151 946 1219 976 aut
1247 954 1386 991 gurges

57 979 238 1020 vitiorum
279 985 648 1039 turpitudinumque
686 994 876 1033 omnium.
950 999 1072 1037 Hunc
1112 1000 1150 1038 in
1199 1006 1386 1045 omnibus

55 1046 209 1096 stupris,
242 1049 347 1088 hunc
377 1050 416 1089 in
447 1053 625 1092 sanorum
661 1058 973 1107 expilationibus,
1012 1065 1117 1103 hunc
1149 1066 1187 1105 in
1223 1068 1385 1120 impuris

0 1127 33 1158 ¹5
55 1110 244 1150 conviviis
278 1114 494 1166 principem
529 1119 771 1170 adhibebat5
800 1132 1030 1177 tantamque
1069 1131 1189 1170 habet
1228 1147 1381 1175 morum

52 1174 270 1217 similitudo
300 1180 622 1222 coniunctionem
654 1194 773 1237 atque
804 1193 1057 1232 concordiam
1093 1205 1135 1234 ut
1169 1200 1379 1249 Apronius,

50 1240 116 1289 qui
148 1241 233 1281 aliis
265 1243 504 1286 inhumanus
535 1262 581 1288 ac
616 1250 813 1300 barbarus,
856 1256 917 1295 isti
956 1259 1024 1297 uni
1064 1266 1300 1303 commodus
1335 1281 1380 1305 ac

48 1304 215 1345 disertus
240 1308 463 1359 videretur3
493 1322 536 1352 ut
566 1328 684 1365 quem
717 1332 856 1360 omnes
887 1324 1063 1363 odissent
1094 1341 1224 1378 neque
1246 1331 1378 1372 videre

47 1372 202 1420 vellent,
225 1373 310 1413 sine
340 1389 388 1416 eo
410 1376 482 1416 iste
513 1392 598 1419 esse
629 1395 709 1421 non
741 1395 899 1434 posset:
929 1397 971 1427 ut
1001 1404 1089 1429 cum
1121 1393 1184 1431 alii
1216 1408 1265 1433 ne
1287 1410 1377 1436 con-

0 1449 27 1472 20
45 1434 155 1474 viviis
195 1438 356 1488 quidem
397 1441 523 1483 isdem
564 1447 708 1496 quibus
741 1452 951 1500 Apronius,
988 1456 1051 1494 hic
1092 1457 1215 1497 isdem
1257 1462 1374 1502 etiam

44 1501 196 1550 poculis
218 1511 414 1554 uteretur;
444 1516 645 1558 postremo
667 1521 707 1552 ut
739 1517 838 1554 odor
858 1520 1009 1568 Aproni
1032 1524 1275 1563 taeterrimus
1297 1527 1374 1566 oris

43 1571 80 1603 et
119 1569 493 1622 corporis‚—quem,
535 1583 577 1613 ut
615 1577 736 1626 aiunt,
779 1595 828 1619 ne
869 1583 1016 1623 bestiae
1064 1587 1226 1636 quidem
1275 1592 1373 1631 ferre

41 1634 338 1679 possent,—uni
369 1636 431 1676 isti
463 1640 592 1679 suavis
622 1650 660 1681 et
690 1643 887 1686 iucundus
920 1649 1126 1690 videretur.
1188 1655 1260 1693 Ille
1291 1665 1370 1695 erat

39 1693 79 1732 in
113 1696 297 1737 tribunali
328 1702 539 1751 proximus,
572 1706 610 1744 in
644 1709 828 1750 cubiculo
860 1715 977 1761 solus,
1014 1715 1052 1753 in
1086 1718 1268 1758 convivio
1303 1722 1370 1760 do-

0 1770 17 1803 5
38 1759 179 1809 minus,
201 1776 248 1802 ac
268 1771 351 1804 tum
374 1768 543 1809 maxime
563 1784 654 1810 cum
675 1776 896 1817 accubante
917 1788 1158 1829 praetextato
1178 1787 1367 1834 praetoris
1388 1830 1435 1858 10

36 1824 117 1863 filio
147 1830 286 1869 saltare
317 1831 356 1869 in
382 1834 564 1873 convivio
593 1839 724 1878 nudus
746 1852 940 1892 coeperat.
1001 1847 1135 1896 Hunc,
1159 1850 1212 1887 uti
1235 1850 1366 1890 dicere
1388 1890 1402 1911 2

34 1888 195 1938 institui,
227 1893 444 1946 principem
475 1900 616 1939 Verres
650 1904 701 1941 ad
732 1906 908 1946 fortunas
938 1917 1134 1949 aratorum
1166 1916 1363 1954 vexandas

32 1954 352 2008 diripiendasque
372 1974 457 2000 esse
478 1964 601 2003 voluit
619 1980 625 2003 :
656 1968 772 2008 huius
799 1973 988 2012 audaciae
1011 1975 1208 2025 nequitiae
1229 1980 1363 2018 crude-

75 2066 95 2086 2
120 2060 345 2092 recordamini
366 2062 448 2095 VO:
472 2066 620 2104 cogitate
632 2078 671 2099 ac
690 2073 915 2105 recordamini
928 2080 953 2115 p
970 2077 1037 2107 rell.

1196 2091 1216 2118 4
1241 2085 1275 2112 et
1293 2091 1357 2113 om.

34 2099 65 2129 V
233 2114 254 2143 9
277 2105 373 2136 vobis
392 2107 419 2137 si
437 2110 579 2147 potestis
595 2111 737 2151 aliquem
760 2115 922 2157 Vetpler.
944 2117 987 2160 (ἕί
1006 2126 1075 2159 pot.
1097 2117 1190 2152 v6bis
1206 2123 1283 2163 aliq.
1296 2126 1358 2166 με

29 2144 124 2176 vobis
141 2145 217 2185 aliq.
240 2148 268 2178 si
286 2153 353 2188 pot.
377 2149 407 2180 O
504 2151 578 2183 istis
599 2154 660 2185 VO
784 2169 819 2189 11
845 2163 906 2192 sed
924 2162 991 2193 cO:
1017 2165 1075 2194 sed
1093 2165 1193 2196 etiam
1212 2168 1277 2199 rell.
1298 2168 1357 2209 (iii,

30 2189 67 2224 §5
90 2197 115 2227 1,
135 2190 191 2228 56)
338 2203 377 2223 12
401 2198 494 2235 autp
511 2196 601 2238 vulg.
623 2209 630 2227 ε
655 2209 692 2229 ac
708 2200 776 2234 cod.
800 2202 869 2235 Vrs.
890 2217 896 2235 ε
923 2211 957 2237 et
974 2206 1084 2238 Halm
1107 2213 1150 2249 ᾖν,
1173 2213 1210 2248 §§
1229 2221 1281 2251 34y
1301 2215 1358 2252 643

26 2231 68 2260 26
91 2232 215 2264 saltare
240 2234 273 2264 in
299 2237 450 2268 convivio
477 2237 508 2269 Ο
533 2241 634 2280 (prob.
659 2242 738 2276 Ziel.
764 2250 798 2286 p.
830 2250 927 2287 195³st
960 2251 992 2281 in
1017 2262 1112 2283 conv.
1142 2254 1215 2285 salt.
1238 2261 1264 2296 p
1288 2257 1355 2287 rell.

28 2273 147 2311 (Deiot.
170 2279 185 2314 ξ
204 2278 259 2309 263
336 2281 446 2312 nudus
464 2292 530 2314 om.
551 2284 595 2314 vrk
707 2297 748 2327 27
773 2290 814 2320 ad
833 2291 986 2325 fortunas
1003 2294 1071 2326 cO:
1095 2297 1136 2327 ad
1155 2301 1356 2330 evertendas

26 2315 173 2350 fortunas
183 2325 210 2360 p
227 2321 293 2354 rell.

66 2382 129 2403 cxc.
146 2384 226 2406 vsu.
1226 2397 1265 2426 14
