1600 2704
632 86 956 125 PRAEFATIO

130 195 273 234 fuerint
304 196 470 235 exarati:
507 196 713 235 ‘nimirum
750 196 945 246 optimum
980 196 1076 234 illud
1108 197 1306 245 exemplar
1336 195 1462 234 Verri-

129 273 282 308 narum,
316 274 363 299 ex
393 274 474 310 quo
506 268 708 310 tamquam
741 274 787 298 ex
818 260 1020 298 communi
1059 261 1167 298 fonte
1206 272 1345 297 omnes
1374 259 1461 297 libri

130 324 310 363 meliores
342 327 548 372 fluxerunt,
572 325 666 363 olim
693 333 760 363 aut
786 338 878 363 casu
903 325 1090 375 quodam,
1105 331 1172 362 aut
1193 323 1285 373 quia
1305 323 1460 362 mediae

128 389 326 428 orationes
357 403 496 440 parurn
530 389 727 428 iucundae
773 390 1029 436 habebantur,
1071 388 1278 427 discissum
1309 387 1463 426 videtur

128 468 227 503 esse,
262 468 339 505 qua
374 454 413 492 in
452 463 612 504 ruptura
646 468 737 492 cum
770 454 960 504 perissent
995 461 1167 492 extrema
1204 452 1292 491 libri
1322 452 1334 490 i
1368 452 1461 490 folia

127 522 275 558 factum
296 527 355 558 est
375 527 417 558 ut
437 527 576 569 postea
595 519 744 570 primae
774 527 851 558 tres
878 532 968 557 cum
999 518 1180 557 extremis
1205 518 1370 565 duabus,
1394 525 1461 555 aut

127 585 246 623 etiarn
274 586 348 623 hae
379 586 482 624 duae
503 586 620 631 solae,
644 592 681 622 et
709 597 839 622 rursus
866 583 1021 622 mediae
1051 583 1138 621 illae
1166 582 1375 632 separatim
1396 584 1462 621 de-

129 650 402 697 scriberentur,
444 651 518 688 hae
552 649 713 699 quidem
754 656 912 700 propter
957 650 1202 687 severitatem
1241 647 1460 698 argumenti

127 714 344 752 rarissime’
365 714 506 765 (Praef.
531 728 566 763 p.
590 713 732 764 xxxiii).
794 715 884 762 Qua
911 713 1099 752 fidelitate
1131 712 1308 751 librarius
1344 712 1459 762 Regii

127 780 326 828 exemplar
359 779 469 828 quod
503 786 594 816 ante
626 779 763 816 oculos
793 778 966 816 habebat
1005 777 1300 826 transcripserit,
1334 791 1380 816 ex
1411 790 1460 816 eo

127 843 291 882 iudicari
322 849 452 893 potest
473 843 582 892 quod
612 842 651 879 in
673 843 710 879 iv
729 843 748 890 ξ
766 855 836 888 142
859 849 935 879 tres
963 841 1085 880 lineas
1105 854 1247 879 vacuas
1274 842 1460 892 relinquit

126 915 168 945 ut
189 908 309 946 verba
329 920 431 957 quae
451 908 579 956 legere
600 905 791 956 nequibat
813 906 902 955 (sese
922 911 1036 943 antea
1067 936 1074 943 .
1107 937 1113 943 .
1148 936 1155 942 .
1186 919 1339 955 cumque
1357 907 1461 956 eum)

126 980 265 1022 postea
294 979 587 1022 reponerentur.
650 973 805 1009 Desunt
837 972 934 1008 haec
961 971 1081 1009 verba
1109 970 1227 1008 etiam
1253 970 1292 1007 in
1319 971 1460 1009 ceteris

126 1037 296 1075 familiae
317 1039 361 1075 X
376 1036 593 1083 codicibus,
617 1037 686 1074 sed
709 1037 815 1073 nulla
836 1035 1008 1074 indicata
1029 1035 1196 1073 lacuna}

182 1103 296 1140 quta
329 1103 370 1140 R
401 1101 540 1140 merito
567 1102 777 1151 ponendus
806 1108 864 1138 est
896 1102 979 1138 Par.
1006 1112 1105 1149 7775
1136 1100 1213 1150 (S),
1240 1101 1354 1138 saecl.
1382 1099 1460 1147 xiii,

125 1166 236 1205 cuius
276 1166 425 1205 codicis
464 1166 693 1216 scriptorem
734 1165 866 1203 iudico
905 1166 1122 1215 perfectum
1156 1165 1361 1214 quoddam
1399 1179 1461 1203 ex-

125 1233 285 1282 emplar,
306 1231 420 1282 Regii
440 1232 664 1281 gemellum,
686 1238 777 1269 ante
799 1232 935 1269 oculos
957 1230 1152 1268 habuisse.
1203 1231 1251 1267 In
1264 1230 1459 1280 prioribus

125 1296 379 1335 Verrinarum
411 1295 518 1333 libris
553 1296 634 1333 duo
669 1303 823 1333 tantum
858 1294 949 1333 folia
985 1294 1104 1332 hodie
1133 1302 1353 1344 supersunt,
1377 1295 1414 1342 ii,
1433 1295 1455 1341 i,

123 1362 162 1411 ἓξ
177 1375 331 1411 90—111
367 1360 622 1399 continentia.
683 1361 767 1398 Iam
796 1360 894 1398 illud
921 1359 1112 1409 imprimis
1142 1367 1199 1397 est
1235 1361 1455 1398 notandum

125 1427 246 1476 quod,
269 1439 360 1464 cum
395 1425 514 1464 ceteri
548 1425 664 1463 huius
699 1432 829 1463 sectae
861 1424 1030 1471 codices,
1060 1424 1127 1474 qui
1163 1438 1301 1463 omnes
1331 1433 1462 1464 aetate

125 1490 360 1541 posteriores
376 1498 467 1528 sunt
483 1503 603 1540 quam
619 1491 658 1536 S,
674 1490 800 1528 isdem
817 1489 944 1528 verbis
966 1489 1030 1527 hic
1047 1489 1229 1528 desinant
1243 1491 1266 1537 ²,
1285 1504 1366 1529 non
1383 1491 1458 1529 nisi

125 1558 279 1606 expleta
295 1557 458 1594 demum
480 1555 621 1605 pagina
642 1556 718 1593 hoc
746 1556 867 1593 modo
888 1556 1021 1593 deficit
1049 1555 1081 1593 S
1097 1570 1103 1592 :
1134 1568 1213 1604 qua
1233 1568 1279 1593 ex
1300 1569 1339 1594 re
1369 1569 1461 1594 con-

125 1622 285 1660 cludere
316 1620 407 1659 licet
438 1619 639 1659 librarium
666 1621 754 1658 cod.
789 1621 827 1667 S,
857 1633 1099 1669 quamquam
1126 1619 1318 1669 potuisset
1347 1622 1459 1670 plura

125 1700 171 1724 ex
205 1685 416 1735 exemplari
451 1698 522 1724 suo
557 1685 824 1732 transcribere,
848 1686 924 1723 hoc
955 1686 1044 1723 loco
1076 1684 1329 1723 intermisisse
1359 1698 1459 1734 opus

125 1750 345 1800 ceterisque
365 1758 564 1788 auctorem
588 1749 780 1788 exstitisse
801 1763 869 1787 cur
889 1749 1015 1788 isdem
1046 1749 1173 1787 verbis
1201 1749 1458 1788 subsisterent

125 1828 264 1854 omnes
290 1815 354 1865 (s.
369 1816 442 1853 Plz.
466 1829 549 1862 xxx,
573 1828 636 1865 pp.
665 1817 736 1864 163
759 1814 874 1864 sqq).
936 1815 1077 1863 Itaque
1097 1814 1290 1852 debemus
1317 1815 1406 1852 cod.
1430 1816 1463 1853 S

124 1894 337 1931 agnoscere
358 1888 401 1918 ut
421 1880 599 1918 omnium
622 1880 661 1917 in
684 1879 829 1917 familia
844 1879 887 1915 X
907 1878 973 1928 qui
995 1878 1141 1928 priores
1162 1878 1282 1917 libros
1309 1879 1458 1917 habent

124 1945 307 1984 codicum
325 1952 539 1995 parentem.
586 1946 637 1982 Et
654 1943 830 1982 recensio
851 1957 969 1993 quarn
991 1943 1205 1992 praebebat
1227 1945 1259 1982 S
1270 1943 1347 1981 iam
1364 1943 1459 1982 inde

124 2011 175 2048 ab
195 2010 308 2048 initio
328 2009 581 2048 Verrinarum
602 2022 727 2058 usque
751 2009 802 2047 ad
823 2008 859 2054 ii,
883 2007 906 2055 i,
924 2009 943 2057 ᾧ
968 2022 1052 2054 111,
1075 2007 1223 2057 quippe
1243 2008 1293 2046 ab
1314 2008 1456 2046 eodem

126 2076 235 2112 fonte
265 2081 422 2123 sumpta
451 2088 472 2112 e
500 2087 580 2123 quo
610 2072 773 2112 derivati
800 2080 891 2110 sunt
921 2071 1007 2110 libri
1036 2072 1135 2119 iv-v‚
1158 2073 1265 2110 haud
1296 2071 1456 2110 minoris

167 2169 177 2186 ¹
203 2169 306 2200 Haud
322 2170 505 2200 absurdum
530 2169 630 2200 fuerit
653 2169 706 2199 hic
724 2179 986 2200 commemorare
1010 2170 1152 2199 eandem
1177 2168 1248 2199 fere
1273 2179 1343 2198 rem
1368 2169 1454 2200 etin

126 2213 352 2252 cluniacensi,
372 2212 428 2252 qui
446 2218 479 2243 et
502 2213 574 2251 ipse
599 2217 712 2252 potest
736 2222 780 2243 ex
802 2213 923 2244 eodem
946 2223 1012 2252 quo
1036 2212 1166 2251 Regius
1187 2212 1373 2251 archetypo
1397 2211 1456 2242 de-

125 2256 275 2296 scriptus
300 2266 387 2295 esse,
415 2256 548 2286 duobus
572 2256 606 2286 in
631 2256 715 2287 locis
740 2256 904 2294 evenisse,
925 2256 958 2286 ii.
987 2259 1023 2293 ξξ
1049 2265 1100 2294 23,
1121 2265 1181 2293 24:
1208 2265 1237 2285 v.
1255 2254 1455 2292 Anecdotou,

150 2324 156 2330 .
177 2309 269 2330 xxm.

124 2310 146 2339 p
170 2342 183 2361 '3
208 2342 259 2374 De
273 2343 367 2373 istius
382 2340 601 2385 singu(lm‘i>,
623 2342 652 2381 ii,
674 2343 694 2382 i,
716 2346 730 2380 ξ
753 2353 824 2373 111.

781 2411 801 2433 X
