1600 2704
87 103 224 146 44106
526 99 582 136 M.
615 98 783 135 TVLLI
815 97 1122 137 CICERONIS

91 218 144 256 45
161 211 306 249 Recita.
368 219 670 247 TESTIMONIVM
685 219 976 245 AETNENSIVM
1015 207 1123 257 Quid
1154 206 1240 245 ais?
1297 206 1384 252 Dic,
1413 205 1489 252 dic,

163 287 325 325 quaeso,
344 273 495 320 clarius,
523 280 566 312 ut
596 274 766 323 populus
798 274 1004 311 Romanus
1035 274 1085 311 de
1115 271 1193 310 suis
1223 270 1489 321 vectigalibus,

163 341 213 379 de
245 339 323 378 suis
355 337 583 385 aratoribus,
613 338 664 376 de
694 337 772 375 suis
804 337 920 376 sociis
940 345 1059 387 atque
1088 335 1224 375 amicis
1253 335 1398 374 audiat.
1469 337 1494 373 ἰ

166 416 279 452 MED.,
305 405 375 442 HS
395 405 430 441 ῖ.
482 404 556 442 Per
575 403 672 441 deos
693 401 923 440 immortalis
940 404 947 440 l
978 415 1079 439 unus
1099 414 1189 451 ager
1210 413 1290 439 uno
1305 412 1411 438 anno
1424 406 1495 438 tre-

165 477 279 508 centa
300 468 406 506 milia
423 468 527 506 mod.
544 466 658 505 tritici
680 473 717 505 et
739 474 938 517 praeterea
960 468 1030 505 HS
1045 467 1069 503 'L‘
1089 465 1184 504 lucri
1205 467 1273 504 dat
1289 464 1468 515 Apronio
1487 467 1493 502 ἒ
1513 476 1530 509 5

165 535 349 572 Tantone
370 531 531 570 minoris
552 532 743 570 decumae
764 531 969 570 venierunt
989 544 1109 581 quam
1130 532 1297 577 fuerunt,
1319 543 1380 577 an,
1404 542 1495 568 cum

166 598 256 636 satis
275 609 417 646 magno
431 596 639 642 venissent,
656 595 719 634 hic
733 603 864 634 tantus
879 603 1011 635 tamen
1028 595 1212 634 frumenti
1225 594 1497 646 pecuniaeque

168 674 352 701 numerus
373 661 423 699 ab
447 659 664 698 aratoribus
693 672 761 709 per
787 659 867 698 vim
893 660 1048 698 ablatus
1076 661 1166 698 est?
1221 661 1363 697 Vtrum
1391 659 1494 698 enim

132 742 146 751 -
167 729 307 765 horum
329 725 481 771 dixeris,
504 724 544 762 in
569 737 618 763 eo
639 726 755 774 culpa
781 732 819 763 et
847 724 994 764 crimen
1025 723 1211 763 haerebit.
1272 725 1376 762 Nam
1402 724 1497 763 illud

167 791 329 842 quidem
349 803 430 829 non
452 789 725 839 dices—quod
746 789 896 828 utinam
918 789 1026 828 dicas
1046 790 1162 828 l——ad
1177 788 1399 840 Apronium
1416 801 1497 826 non
1519 802 1559 825 10

168 856 391 907 pervenisse
417 862 582 893 tantum.
644 855 705 893 Ita
729 862 767 893 te
795 867 876 892 non
908 856 1030 893 modo
1057 854 1225 905 publicis
1253 854 1399 892 tenebo
1430 855 1499 893 sed

169 923 285 961 etiam
316 920 473 972 privatis
493 927 689 958 aratorum
716 918 966 969 pactionibus
995 932 1042 958 ac
1071 919 1207 958 litteris
1232 926 1274 958 ut
1298 918 1500 969 intellegas

169 1001 249 1026 non
277 994 315 1025 te
345 985 634 1036 diligentiorem
661 984 701 1022 in
729 984 918 1023 faciendis
946 984 1056 1023 furtis
1087 984 1206 1023 fuisse
1236 997 1355 1034 quam
1377 997 1440 1022 me
1460 983 1500 1022 in

169 1050 525 1103 deprehendendis.
586 1051 678 1089 Hoc
707 1058 748 1088 tu
778 1051 906 1088 feres?
935 1051 1012 1088 hoc
1041 1049 1251 1100 quisquam
1281 1050 1502 1088 defendet?

170 1119 246 1156 hoc
273 1117 324 1165 hi,
355 1116 385 1155 si
411 1115 522 1154 aliter
545 1116 596 1154 de
620 1122 658 1154 te
682 1122 851 1154 statuere
879 1115 1083 1162 voluerint,
1108 1114 1391 1153 sustinebunt?
1420 1127 1501 1152 uno
1524 1125 1560 1157 15

169 1184 342 1222 adventu
369 1195 415 1220 ex
439 1194 519 1219 uno
538 1193 631 1230 agro
661 1181 710 1229 Q.
733 1179 967 1231 Apronium,
991 1187 1143 1231 praeter
1164 1193 1250 1219 eam
1273 1192 1392 1229 quarn
1422 1178 1502 1217 dixi

170 1247 379 1297 pecuniam
410 1253 666 1293 numeratam,
690 1256 765 1284 ccc
793 1244 901 1283 milia
930 1245 1034 1284 mod.
1067 1244 1183 1283 tritici
1215 1244 1311 1283 lucri
1341 1243 1503 1282 nomine

92 1321 152 1352 108
171 1313 397 1352 sustulisse!
456 1311 594 1360 Quid?
641 1312 718 1349 hoc
757 1312 978 1349 Aetnenses
1020 1310 1092 1349 soli
1133 1311 1299 1349 dicunt?
1371 1310 1502 1347 Immo

171 1379 289 1418 etiarn
329 1375 588 1426 Centuripini,
630 1375 697 1425 qui
735 1375 815 1425 agri
856 1375 1067 1415 Aetnensis
1118 1377 1244 1414 multo
1291 1373 1503 1413 maximam

171 1451 320 1494 partem
348 1441 580 1492 possident3
610 1453 779 1491 quorum
800 1440 948 1491 legatis,
974 1440 1203 1480 hominibus
1234 1439 1504 1487 nobilissimis,
1525 1452 1562 1474 20

170 1507 351 1546 Androni
379 1515 417 1545 et
444 1505 663 1553 Artemoni,
696 1513 854 1544 senatus
879 1519 925 1544 ea
953 1507 1140 1545 mandata
1166 1505 1275 1544 dedit
1305 1518 1406 1555 quae
1437 1517 1504 1554 pu-

172 1572 272 1611 blice
292 1573 342 1610 ad
364 1571 561 1610 civitatem
584 1570 757 1621 ipsorum
781 1570 1055 1621 pertinebant3
1085 1571 1136 1609 de
1163 1569 1208 1609 iis
1237 1569 1385 1608 iniuriis
1408 1582 1504 1619 quas

171 1637 274 1675 cives
303 1634 549 1685 Centuripini
571 1648 652 1673 non
674 1634 713 1672 in
736 1634 815 1673 suis
839 1636 908 1674 sed
931 1634 970 1673 in
992 1634 1158 1673 aliorum
1181 1634 1325 1672 finibus
1346 1646 1505 1683 accepe-

172 1710 267 1749 rant,
291 1709 450 1739 senatus
471 1708 508 1739 et
529 1701 698 1750 populus
715 1698 997 1750 Centuripinus
1018 1700 1166 1749 legatos
1187 1698 1313 1737 noluit
1327 1698 1480 1737 mittere
1498 1712 1505 1742 ;

172 1766 245 1817 ipsi
265 1774 435 1805 aratores
452 1763 710 1814 Centuripini,
730 1764 798 1815 qui
818 1777 1004 1803 numerus
1021 1772 1078 1803 est
1099 1763 1139 1802 in
1161 1763 1291 1803 Sicilia
1312 1763 1504 1802 maximus
1526 1776 1541 1798 2
1548 1777 1565 1808 5

173 1830 380 1870 hominurn
405 1829 772 1869 honestissimorum
801 1836 839 1868 et
866 1829 1276 1880 locupletissimorum,
1309 1829 1376 1868 tris
1406 1831 1506 1879 lega-

173 1906 244 1944 tos,
268 1896 362 1935 civis
392 1909 494 1944 suos,
518 1897 758 1946 delegerunt,
786 1902 827 1934 ut
857 1908 993 1934 eorum
1023 1895 1250 1934 testimonio
1280 1908 1360 1934 non
1391 1895 1505 1934 unius

173 1961 251 2012 agri
287 1962 356 2000 sed
394 1973 517 2011 prope
565 1960 684 1998 totius
725 1959 879 1999 Siciliae
919 1959 1161 1999 calamitates
1202 1960 1501 2010 cognosceretis.

176 2029 297 2064 Arant
318 2025 423 2065 enirn
445 2033 527 2064 tota
548 2025 679 2064 Sicilia
699 2025 778 2064 fere
801 2024 1059 2075 Centuripini,
1083 2032 1121 2064 et
1142 2026 1218 2063 hoc
1239 2025 1278 2063 in
1306 2032 1344 2065 te
1359 2025 1505 2075 gravio-

175 2104 233 2129 res
254 2090 518 2141 certioresque
535 2098 652 2129 testes
674 2097 775 2138 sunt,
795 2091 903 2140 quod
917 2097 1070 2129 ceterae
1086 2089 1261 2129 civitates
1283 2090 1362 2129 suis
1376 2092 1504 2129 solum
1526 2103 1566 2134 30

175 2156 440 2195 incommodis
472 2164 782 2203 commoventur,
817 2154 1075 2206 Centuripini,
1112 2156 1221 2205 quod
1256 2155 1294 2193 in
1327 2155 1505 2194 omnium

225 2269 238 2290 1
267 2259 386 2290 Recita
404 2258 495 2291 Test.
516 2258 619 2290 Aetn.
639 2260 677 2290 δε
702 2269 766 2290 om.
786 2258 837 2289 Οπ
854 2257 897 2290 al.
997 2267 1034 2297 13
1060 2257 1221 2289 faciundis
1240 2258 1342 2288 fuisse
1360 2258 1456 2288 furtis
1476 2257 1506 2288 O

182 2312 218 2340 14
238 2303 531 2342 reprehendendis
544 2308 569 2342 p
584 2302 672 2333 codd.
692 2303 744 2342 (cf.
763 2305 798 2340 ἐξ
814 2313 844 2341 4,
862 2301 917 2341 51)
1040 2311 1081 2340 23
1099 2307 1299 2340 acceperant
1320 2301 1350 2332 O
1367 2313 1373 2332 :
1399 2307 1470 2331 —unt
1483 2306 1507 2340 p

180 2346 244 2377 rell.
383 2355 424 2384 29
448 2347 622 2384 graviores
640 2347 909 2385 certioresquep
926 2344 991 2376 rell.
1011 2356 1017 2375 :
1044 2346 1282 2384 gravioresque
1303 2344 1332 2376 O
