1600 2704
116 149 171 196 98
197 155 261 186 228
290 150 346 187 M.
365 149 521 187 TVLL.
541 149 647 188 CIC.
664 149 787 188 ACT.
807 150 867 187 IN
883 149 930 189 C.
946 149 1189 186 VERREM
1203 147 1313 187 SEC.
1332 148 1434 185 LIB.
1454 149 1519 186 III

191 258 307 308 gratis
347 259 471 296 dare?
512 257 683 296 etiamne
717 257 757 295 in
791 258 930 296 cellam
966 270 1057 295 cum
1091 255 1252 305 cupiant
1283 256 1398 306 gratis
1430 258 1522 295 dare

192 324 294 361 ultro
330 321 540 372 pecuniam
571 323 761 371 grandem
789 322 968 360 addere?
997 320 1166 359 etiamne
1196 321 1294 358 haec
1323 328 1380 358 tot
1410 321 1520 359 detri-

195 395 327 425 menta
356 394 475 437 atque
504 387 651 425 damna
680 400 771 424 cum
807 385 984 424 maximis
1015 384 1162 423 iniuriis
1194 384 1521 434 contumeliisque

192 453 388 502 perferre?
464 452 605 501 Itaque
643 452 751 498 haec,
793 450 956 498 iudices,
991 463 1091 500 quae
1130 449 1209 499 pati
1253 450 1362 487 nullo
1401 450 1522 488 modo

192 523 403 566 potuerunt
434 529 514 554 non
545 517 796 565 pertulerunt.
869 515 1076 553 Arationes
1115 514 1244 552 omnis
1274 521 1357 552 tota
1392 513 1523 552 Sicilia
1543 529 1558 558 5

193 582 364 620 desertas
392 588 512 630 atque
540 594 564 618 a
592 580 763 619 dominis
792 581 945 619 relictas
975 593 1060 618 esse
1089 579 1352 630 cognoscitis;
1393 592 1521 628 neque

192 645 403 695 quicquam
449 644 557 682 aliud
594 644 719 694 agitur
759 646 835 683 hoc
874 644 1021 683 iudicio
1066 644 1139 682 nisi
1178 652 1219 682 ut
1260 643 1521 693 antiquissimi

193 709 288 748 socii
328 717 366 748 et
405 708 634 756 fidelissimi,
671 709 801 756 Siculi,
843 708 975 748 coloni
1012 708 1148 759 populi
1192 708 1365 748 Romani
1402 716 1521 758 atque

191 781 371 821 aratores,
412 781 539 812 vestra
577 773 781 812 severitate
819 781 857 812 et
905 773 1106 824 diligentia
1153 786 1216 811 me
1263 774 1365 812 duce
1401 780 1520 822 atque

191 846 350 877 auctore
381 837 421 876 in
450 852 562 888 agros
591 846 711 888 atque
739 839 779 876 in
809 839 924 878 sedes
953 852 1042 877 suas
1071 845 1319 877 revertantur.
1542 849 1579 870 10

237 953 256 973 2
279 942 403 974 addere
422 942 469 973 cO
486 954 492 973 :
518 943 633 982 darep
650 942 715 974 rell.
830 951 849 981 5
874 952 991 972 omnes
1013 941 1087 972 VcO
1104 953 1110 971 z
1134 952 1200 972 om.
1214 946 1238 981 p
1256 942 1319 971 rell.
1429 951 1445 979 7
1470 941 1517 971 uti

196 985 224 1015 O
315 987 334 1017 8
359 991 392 1017 et
409 985 595 1017 fidelissimi
615 985 677 1017 VO
695 997 702 1016 ε
727 985 980 1025 fidelissimique
995 991 1020 1026 p
1033 983 1101 1016 rell.
1197 993 1220 1023 9
1243 989 1275 1015 et
1292 988 1426 1015 auctore
1447 983 1480 1014 V
