1600 2704
67 120 337 160 ACTIONIS
359 120 420 157 IN
442 120 488 159 C.
505 120 747 157 VERREM
769 119 1069 158 SECVNDAE
1091 121 1196 158 LIB.
1220 120 1286 158 111
1346 119 1397 167 38
1418 126 1458 166 87

66 233 143 270 hoc
174 230 386 270 discrimen
426 238 464 269 te
502 237 682 280 praetore
716 231 798 276 fuit,
834 237 876 268 ut
910 238 1080 268 aratores
1113 229 1152 268 in
1196 243 1396 269 servorum

66 308 232 334 numero
252 302 393 342 essent,
416 294 515 333 servi
535 294 576 333 in
596 294 910 345 publicanorum.

122 360 231 409 Quid
248 362 265 398 ?
320 359 575 399 Amestratini
596 359 740 408 miseri,
761 359 955 409 impositis
976 358 1029 398 ita
1049 360 1200 410 magnis
1217 359 1395 398 decumis
1418 348 1472 429 ἐξ

67 433 110 464 ut
130 424 224 475 ipsis
246 424 383 475 reliqui
404 424 502 462 nihil
522 425 642 472 fieret,
665 437 800 463 nonne
820 431 953 463 tamen
978 437 1183 463 numerare
1209 423 1396 475 pecunias

28 503 44 535 5
67 489 195 528 eoacti
215 497 306 528 sunt
322 492 341 528 ?
380 489 634 529 Addicuntur
648 490 841 528 decumae
858 490 915 528 M.
935 489 1089 537 Caesio,
1105 502 1196 528 cum
1213 489 1398 528 adessent

66 555 183 604 legati
204 554 459 593 Amestratini
477 569 487 602 ;
517 553 649 593 statim
677 554 828 604 cogitur
859 554 1069 593 Heraclius
1094 556 1244 604 legatus
1264 566 1399 592 nume-

66 632 150 658 rare
170 620 242 658 HS
265 621 368 657 iffi.
431 619 540 669 Quid
570 620 647 657 hoc
677 620 767 658 est?
796 632 898 669 quae
928 627 986 658 est
1017 619 1089 657 ista
1119 619 1275 669 praeda,
1298 631 1399 668 quae

66 683 135 731 vis,
166 697 268 734 quae
298 684 467 734 direptio
497 684 725 723 sociorum?
782 683 821 723 Si
852 692 933 722 erat
964 684 1151 723 Heraclio
1180 684 1231 722 ab
1261 691 1399 722 senatu

69 749 301 787 mandatum
322 756 365 787 ut
385 757 544 796 emeret,
567 749 726 787 emisset
745 764 752 788 :
784 749 815 787 si
840 762 921 787 non
942 757 1036 797 erat,
1058 749 1125 799 qui
1154 756 1306 800 poterat
1331 762 1401 786 sua

11 828 50 851 10
68 820 211 863 sponte
240 813 450 863 pecuniam
480 815 718 852 numerare?
777 813 920 853 Caesio
945 813 1142 852 renuntiat
1167 826 1208 852 se
1228 813 1396 852 dedisse.

68 877 308 928 Cognoscite
356 878 688 917 renuntiationem
737 891 784 916 ex
832 878 966 917 litteris
1006 878 1184 928 publicis.
1246 878 1399 917 Recita.
1421 884 1463 925 89

67 943 132 980 Ex
170 954 360 981 LerERIS
402 954 594 981 PVBLICIS.
656 944 749 992 Quo
788 951 946 981 senatus
986 945 1168 982 consulto
1203 950 1284 982 erat
1324 944 1400 982 hoc

66 1009 198 1058 legato
216 1007 482 1058 permissum?
529 1008 662 1045 Nullo.
723 1008 804 1046 Cur
824 1007 948 1045 fecit?
989 1008 1162 1046 Coactus
1184 1016 1252 1046 est.
1300 1007 1401 1056 Quis

69 1074 145 1112 hoc
177 1072 305 1111 dicit?
360 1073 463 1110 Tota
495 1071 640 1110 civitas.
702 1072 843 1110 Recita
875 1072 1145 1110 testimonium
1181 1072 1396 1122 publicum.

13 1139 375 1183 15TEs‘r1MON1VM
415 1148 633 1176 PVBLICVM.
704 1136 769 1174 Ab
807 1137 882 1175 hac
921 1137 1060 1175 eadem
1099 1136 1256 1175 civitate
1295 1151 1400 1175 anno

70 1204 247 1241 secundo
285 1201 402 1240 simili
450 1202 601 1240 ratione
639 1208 831 1240 extortam
870 1214 956 1240 esse
995 1201 1206 1252 pecuniam
1238 1210 1276 1240 et
1312 1203 1396 1241 Sex.

69 1266 282 1306 Vennonio
321 1268 454 1305 datam
493 1279 540 1305 ex
578 1266 721 1305 eodem
761 1265 989 1305 testimonio
1037 1265 1286 1317 cognovistis.
1346 1269 1399 1304 At

68 1331 369 1379 Amestratinos,
407 1330 589 1369 homines
628 1330 769 1377 tenuis,
806 1344 897 1369 cum
929 1344 1066 1370 eorum
1101 1332 1290 1370 decumas
1323 1344 1400 1369 me-

68 1395 213 1435 dimnis
252 1407 358 1434 DCCC
395 1395 642 1434 vendidisses
683 1394 881 1434 Bariobali
930 1396 1399 1447 Venerio—cognoscite

10 1475 49 1499 20
66 1460 229 1500 nomina
248 1459 551 1511 publicanorum
571 1459 743 1510 l—cogis
773 1473 841 1499 eos
866 1461 953 1510 plus
980 1460 1077 1499 lucri
1103 1462 1249 1500 addere
1279 1474 1397 1511 quam

66 1525 204 1575 quanti
231 1524 446 1571 venierant,
480 1537 572 1562 cum
608 1537 752 1575 magno
784 1524 994 1564 venissent.
1057 1527 1165 1563 Dant
1201 1526 1398 1564 Bariobali

67 1589 269 1630 medimna
306 1601 448 1636 DCCCL,
484 1590 556 1628 HS
592 1601 665 1627 MD.
726 1590 909 1628 Profecto
948 1603 1167 1640 numquam
1207 1591 1278 1629 iste
1318 1598 1397 1628 tam

65 1668 202 1694 amens
222 1655 360 1694 fuisset
379 1662 422 1694 ut
442 1668 489 1693 ex
508 1667 602 1704 agro
621 1654 759 1705 populi
781 1655 955 1693 Romani
976 1656 1063 1705 plus
1085 1655 1269 1694 frumenti
1287 1669 1398 1694 servo

65 1720 238 1759 Venerio
258 1733 377 1771 quam
407 1721 557 1770 populo
586 1721 773 1759 Romano
801 1719 919 1758 tribui
940 1728 1148 1770 pateretur,
1172 1720 1246 1758 nisi
1268 1721 1398 1758 omnis

9 1798 46 1830 25
66 1797 112 1823 ea
131 1786 277 1835 praeda
297 1784 397 1824 servi
417 1784 581 1823 nomine
596 1785 648 1824 ad
669 1783 788 1823 istum
809 1783 939 1834 ipsum
961 1784 1190 1834 perveniret.
1237 1785 1395 1831 Petrini‚
1418 1798 1462 1829 90

67 1862 157 1888 cum
189 1863 325 1889 eorum
352 1850 546 1889 decumae
577 1862 723 1899 magno
756 1849 941 1888 addictae
969 1857 1110 1895 essent,
1142 1857 1275 1888 tamen
1304 1850 1399 1888 invi-

66 1914 205 1953 tissimi
244 1917 285 1954 P.
328 1915 480 1954 Naevio
519 1914 723 1965 Turpioni,
774 1914 927 1953 homini
975 1914 1278 1964 improbissimo,
1329 1915 1398 1964 qui

66 1979 293 2019 iniuriarum
328 1981 542 2019 Sacerdote
571 1987 752 2029 praetore
779 1980 990 2018 damnatus
1021 1987 1089 2024 est,
1124 1978 1193 2016 HS
1216 1980 1273 2016 ἦ
1303 1980 1397 2017 dare

66 2044 193 2083 coacti
223 2052 323 2083 sunt.
385 2045 499 2082 Itane
529 2044 722 2083 dissolute
756 2044 946 2082 decumas
973 2042 1187 2082 vendidisti
1221 2051 1274 2090 ut,
1304 2057 1395 2082 cum

8 2121 49 2153 30
66 2117 167 2148 esset
201 2109 449 2148 medimnum
482 2108 552 2146 HS
583 2120 650 2155 xv,
685 2107 886 2147 venissent
924 2115 1057 2146 autem
1089 2109 1283 2146 decumae
1318 2122 1397 2147 me-

66 2174 246 2212 dimnum
274 2176 333 2221 ῑῖι,
367 2174 444 2212 hoc
478 2181 536 2213 est
562 2173 631 2211 HS
661 2184 822 2219 XXXXV,
854 2171 951 2211 lucri
980 2173 1204 2212 decumano
1236 2172 1305 2210 HS
1338 2176 1394 2210 ἰῖῖ

112 2287 162 2317 11,
183 2288 220 2308 12
247 2278 368 2309 Recita
386 2301 393 2308 .
415 2301 422 2309 .
444 2302 450 2309 .
473 2275 612 2317 publicis
631 2276 677 2308 O:
703 2275 835 2307 litterae
854 2275 1046 2316 publicaep
1062 2275 1151 2317 vulg.
1248 2278 1287 2307 16
1312 2277 1390 2308 Sex.

65 2321 243 2352 Vennonio
255 2326 280 2361 p
293 2321 336 2352 al.
353 2332 359 2350 :
386 2321 491 2352 Sexto
511 2320 613 2351 Mimo
630 2319 677 2351 cO
769 2330 808 2350 22
834 2329 939 2350 DCCCL
958 2319 1004 2350 cO
1023 2330 1030 2350 ε
1056 2329 1138 2351 occe
1150 2325 1175 2360 p
1191 2320 1258 2351 rell.
1353 2321 1394 2349 28

68 2363 129 2395 HS
146 2365 196 2395 ffi
213 2364 260 2395 cO
277 2376 282 2395 :
310 2363 372 2396 HS
390 2373 440 2394 vn
454 2368 479 2404 p
496 2363 560 2395 rell.

108 2434 170 2456 cxc.
191 2434 270 2456 vmz.
1267 2424 1304 2454 16

1422 68 1427 71 ¹
1442 64 1463 82 ί,
1474 52 1495 82 s'
1507 48 1524 53 ‘-
