1600 2704
83 77 219 124 64142
526 79 582 116 M.
614 79 782 116 TVLLI
814 77 1119 117 CICERONIS

157 191 206 229 de
241 187 324 228 Sex.
361 190 582 236 Peducaeo,
616 189 682 240 qui
722 190 772 228 de
793 189 857 227 illa
896 189 1051 227 civitate
1091 196 1251 238 totaque
1289 187 1487 239 provincia

157 256 306 305 optime
328 254 487 293 meritus
508 261 621 301 esset,
643 267 728 293 sese
748 262 875 301 antea,
897 267 988 292 cum
1008 253 1210 292 audissent
1231 254 1264 292 ei
1287 251 1488 302 negotium

157 319 394 365 facessitum‚
435 331 606 369 cumque
645 332 735 357 eum
784 318 941 369 publice
989 332 1060 369 pro
1107 317 1281 368 plurimis
1330 316 1412 355 eius
1450 323 1488 355 et

159 384 336 423 maximis
378 383 524 422 meritis
558 384 716 423 laudare
751 391 950 434 cuperent,
986 396 1008 420 a
1039 383 1083 422 C.
1116 384 1237 421 Verre
1272 380 1489 431 prohibitos

157 462 242 487 esse
260 464 270 497 3
311 448 490 498 iniquum
521 461 617 494 esse,
649 447 803 487 tametsi
836 448 1066 486 Peducaeus
1097 460 1233 486 eorum
1266 444 1490 484 laudatione
1511 457 1528 489 5

158 513 235 551 iam
266 526 347 551 non
377 519 560 558 uteretur,
583 519 715 551 tamen
746 525 826 549 non
856 511 897 550 id
927 511 1031 561 prius
1061 512 1271 549 decernere
1299 510 1407 559 quod
1427 508 1491 547 ali-

79 593 138 625 143
159 578 319 627 quando
341 577 556 615 voluissent
578 589 697 626 quarn
714 577 823 626 quod
844 583 927 614 tum
944 583 1185 625 cogerentur.
1229 574 1491 614 Conclamant

159 654 296 679 omnes
312 648 349 679 et
363 641 585 691 adprobant
599 640 651 679 ita
667 640 748 678 fieri
765 647 955 690 oportere.
1006 640 1188 678 Refertur
1203 640 1254 678 de
1269 639 1488 677 Peducaeo.

160 707 212 743 Vt
247 704 414 755 quisque
448 711 575 743 aetate
613 712 650 743 et
683 705 833 743 honore
869 703 1141 750 antecedebat,
1174 702 1227 741 ita
1256 701 1490 741 sententiam

160 769 255 808 dixit
286 783 332 808 ex
362 770 512 808 ordine.
572 769 621 808 Id
641 769 743 808 adeo
770 782 817 807 ex
846 769 930 819 ipso
958 775 1116 807 senatus
1141 768 1323 806 consulto
1350 778 1492 816 cogno·
1515 768 1573 800 10'

161 834 282 881 scite:
313 848 404 873 nam
436 834 657 885 principum
679 835 896 873 sententiae
927 832 1112 884 perscribi
1141 834 1279 872 solent.
1340 831 1489 870 Recita.

162 904 170 920 ‘
189 901 312 948 QVOD
344 911 479 937 VERBA
511 911 640 938 FACTA
662 911 766 938 SVNT
787 911 841 937 DE
863 900 956 938 SEX.
982 899 1231 937 PEDVCAEO.⁷
1289 896 1397 936 Dicit
1425 896 1493 947 qui

162 965 275 1016 primi
310 965 513 1004 suaserint.
574 966 819 1004 Decernitur.
881 965 1063 1003 Refertur
1096 963 1241 1003 deinde
1275 963 1326 1002 de
1359 963 1491 1000 Verre.

163 1032 250 1077 Dic,
285 1044 443 1081 quaeso,
477 1044 557 1081 quo
592 1031 743 1069 modo?
802 1031 950 1079 ‘QVOD
978 1041 1114 1068 VERBA
1145 1040 1274 1068 FACTA
1303 1038 1408 1066 SVNT
1437 1038 1492 1064 DE

163 1098 207 1136 C.
240 1095 562 1145 VERRE⁷-—quid
601 1103 737 1145 postea
769 1094 956 1145 scriptum
987 1103 1044 1133 est
1057 1094 1245 1134 ?—‘CvM
1276 1103 1492 1132 SVRGERET
1514 1105 1551 1138 15
1597 1113 1600 1136 1

164 1173 284 1199 NEMO
305 1172 445 1205 NEQVE
474 1172 743 1198 SENTENTIAM
767 1171 950 1198 DICERET
965 1159 1120 1209 '—quid
1137 1166 1194 1197 est
1210 1159 1286 1197 hoc
1297 1157 1492 1195 P—‘SORS

164 1228 370 1265 DVCITVR)
430 1227 561 1275 Quam
589 1226 642 1265 ob
669 1227 779 1265 rem?
810 1239 928 1263 nemo
950 1232 1031 1264 erat
1053 1223 1294 1264 voluntarius
1315 1223 1494 1261 laudator
1575 1229 1580 1279 Ι

164 1300 366 1342 praeturae
395 1299 495 1338 tuae,
528 1292 713 1330 defensor
740 1290 1016 1341 periculorum,
1040 1289 1265 1341 praesertim
1286 1301 1377 1327 cum
1398 1286 1494 1325 inire
1575 1281 1580 1416 ᾖ

1575 1432 1580 1524 ἰ

1577 1542 1580 1563 Ι

1577 1575 1580 1597 Ι

162 1370 183 1394 a
215 1364 392 1406 praetore
421 1356 583 1406 gratiam
614 1358 779 1407 posset?
836 1357 980 1395 Nemo.
1040 1355 1102 1394 Illi
1123 1354 1196 1406 ipsi
1217 1355 1272 1393 tui
1293 1354 1492 1399 convivae,

163 1420 384 1468 consiliarii,
419 1420 578 1468 conscii,
613 1420 709 1460 socii
741 1421 903 1460 verbum
943 1422 1070 1459 facere
1109 1433 1189 1458 non
1227 1420 1387 1459 audent.
1445 1419 1493 1456 In
1515 1433 1554 1455 20
1576 1418 1600 1464 ¹2

163 1499 240 1536 qua
263 1486 369 1525 curia
396 1494 523 1525 statua
544 1494 610 1524 tua
637 1486 764 1525 stabat
792 1493 830 1525 et
858 1487 965 1525 nuda
986 1486 1052 1532 fili,
1075 1486 1115 1524 in
1136 1499 1181 1524 ea
1202 1498 1320 1524 nemo
1340 1483 1422 1530 fuit,
1445 1496 1494 1521 ne

162 1564 281 1601 quem
312 1552 442 1590 nudus
473 1551 636 1601 quidem
667 1550 768 1589 filius
801 1552 948 1590 nudata
984 1550 1185 1601 provincia
1215 1556 1493 1588 commoveret.

82 1632 142 1664 1⁷44
165 1618 298 1666 Atque
319 1616 437 1655 etiam
458 1618 534 1655 hoc
557 1631 619 1656 me
649 1617 809 1664 docent,
834 1617 917 1655 eius
946 1616 1054 1655 modi
1082 1623 1240 1654 senatus
1270 1616 1493 1653 consultum

162 1680 301 1719 fecisse
331 1682 553 1720 laudatores
585 1687 625 1718 ut
656 1694 795 1720 omnes
827 1681 1052 1732 intellegere
1078 1688 1239 1731 possent
1263 1693 1344 1718 non
1365 1680 1494 1718 lauda-

163 1745 312 1784 tionem
347 1746 417 1784 sed
447 1746 576 1796 potius
615 1746 843 1785 inrisionem
878 1759 963 1785 esse
998 1746 1103 1784 illam
1136 1758 1237 1795 quae
1269 1756 1494 1784 commone·
1514 1753 1552 1786 25
1584 1755 1600 1777 .’-

164 1812 306 1850 faceret
337 1810 446 1849 istius
477 1819 630 1862 turpem
664 1811 1014 1861 calamitosamque
1045 1818 1275 1861 praeturam.
1336 1808 1494 1848 Etenim

207 1924 225 1943 2
251 1923 327 1944 sese
344 1919 441 1944 antea
460 1939 466 1945 .
488 1938 495 1945 .
517 1937 524 1945 .
543 1925 618 1946 eum
637 1926 701 1947 om.
721 1915 815 1946 st
833 1916 955 1956 (spatio
979 1926 1045 1947 vac.
1065 1915 1167 1946 relicto
1183 1913 1230 1953 R)
1323 1924 1357 1944 11
1386 1913 1495 1945 solent

163 1956 213 1987 S:
248 1957 335 1987 solet
364 1957 436 1997 Rp&
561 1960 680 1991 Recita
700 1984 707 1991 .
725 1984 732 1991 .
751 1984 758 1990 .
782 1959 960 1990 Peducaeo
986 1959 1093 1999 suppl.
1120 1959 1152 1988 in
1179 1958 1237 1988 lac.
1261 1956 1298 1997 p²
1458 1967 1495 1986 12

166 2001 342 2030 Peducaeo
363 2026 368 2030 .
388 2025 396 2032 .
415 2025 422 2032 .
443 2002 638 2034 decernitur
656 2013 720 2034 om.
740 2002 833 2034 RSW
947 2003 1024 2033 dicit
1042 2003 1189 2041 quodp:
1213 2001 1266 2032 dic
1283 2000 1339 2040 qui
1358 2000 1469 2031 Eberlz.
1488 2011 1495 2030 :

164 2044 215 2074 dic
233 2049 265 2073 ct
283 2044 338 2083 qui
357 2044 505 2076 Richter:
532 2046 653 2077 dicitur
670 2047 726 2086 qui
744 2045 900 2077 Schwabe
1033 2056 1071 2085 13
1095 2045 1171 2076 dein
1190 2043 1253 2074 RS
1371 2054 1408 2083 19
1431 2043 1494 2083 ipsi

165 2086 265 2125 illipS
378 2099 414 2118 21
443 2094 498 2120 tua
517 2100 582 2121 om.
606 2102 626 2120 π
781 2101 821 2120 22
846 2090 934 2121 nuda
958 2100 1051 2129 prov.
1071 2101 1092 2118 π
1245 2098 1286 2127 23
1311 2087 1381 2118 eius
1406 2087 1494 2117 modi

165 2136 303 2161 senatus
328 2132 519 2163 consultum
545 2133 670 2165 fecisse
696 2133 888 2164 laudatores
909 2133 1044 2173 scripSl':
1078 2132 1150 2163 eius
1173 2131 1262 2162 modi
1281 2141 1306 2162 s.
1329 2141 1355 2161 c.
1375 2130 1493 2161 fecisse
1578 2137 1582 2167 l

166 2172 363 2205 laudationis
382 2177 467 2216 (-es)
486 2175 637 2207 RSDW:
671 2177 742 2207 eius
766 2177 855 2207 modi
874 2176 1023 2207 Siciliam
1049 2185 1126 2206 sese
1146 2175 1266 2205 secisse
1286 2174 1493 2205 laudationes
1578 2171 1581 2211 ξ

161 2217 203 2255 pb
223 2217 285 2255 (sl.
307 2217 387 2248 Rev.
408 2220 498 2250 xviii.
515 2225 549 2259 p.
570 2220 647 2257 2115·
666 2232 672 2250 :
708 2219 909 2250 laudationis
927 2219 1063 2250 nomine
1081 2218 1279 2249 Lehmann:
1314 2218 1386 2248 eius
1404 2216 1490 2247 modi
1577 2222 1581 2255 ξ

166 2269 236 2307 sen.
251 2270 325 2291 con.
344 2271 420 2292 sese
439 2262 562 2294 fecisse
574 2262 684 2293 Nohl:
710 2264 782 2294 eius
798 2263 887 2294 modi
905 2273 942 2294 se
961 2262 1113 2294 consulto
1128 2262 1249 2293 fecisse
1268 2261 1490 2292 laudationem

166 2301 255 2331 Ixoclt
413 2315 452 2343 25
479 2305 784 2337 commonefaceret
801 2306 850 2346 Sp
868 2318 874 2337 :
907 2306 1162 2337 commefaceret
1180 2304 1213 2335 R

1577 2340 1581 2407 l

1576 2427 1581 2540 l

1389 2561 1600 2704 Α
