1600 2704
144 165 167 204 7
192 162 232 194 16
559 148 614 185 M.
645 142 814 182 TVLLI
845 133 1152 178 CICERONIS

187 262 324 315 quanti
345 258 511 300 voluerit
529 252 764 295 vendidisse.
825 250 962 286 Homo
991 242 1101 283 domi
1121 253 1215 279 suae
1235 235 1513 281 nobilissimus,
1563 266 1565 268 .

189 328 256 380 qui
276 340 346 366 vos
366 327 416 364 de
436 321 622 372 religione
643 330 713 356 sua
731 328 778 354 ac
798 311 988 362 dignitate
1005 319 1094 346 vere
1111 303 1331 345 existimare
1348 300 1516 340 maxime

188 395 315 439 vellet,
338 390 466 441 primo
495 386 590 425 dixit
621 397 662 422 se
691 382 809 420 istum
839 375 997 428 publice
1026 372 1201 417 laudare,
1229 368 1338 418 quod
1368 364 1442 404 sibi
1466 363 1519 402 ita

191 458 423 497 mandatum
458 458 584 497 esset;
624 447 770 487 deinde
804 454 934 491 neque
974 452 1015 477 se
1053 434 1238 475 habuisse
1273 431 1338 470 illa
1368 428 1520 468 venalia

192 534 322 573 neque
353 521 432 558 ulla
462 513 710 557 condicione,
740 509 771 547 si
802 515 931 546 utrum
953 504 1069 542 vellet
1098 500 1242 545 liceret,
1264 495 1410 535 adduci
1440 506 1521 531 um-
1541 505 1559 536 5

193 600 312 639 quam
352 582 526 635 potuisse
564 586 606 617 ut
637 576 824 614 venderet
858 571 922 609 illa
953 581 1054 619 quae
1088 566 1129 604 in
1162 561 1329 602 sacrario
1358 558 1522 598 fuissent

193 667 216 692 a
237 649 450 691 maioribus
471 644 550 683 suis
571 641 705 680 relicta
724 646 762 677 et
782 635 934 675 tradita.

242 715 351 765 Quid
367 712 492 756 sedes,
507 707 677 747 Verres?
703 702 800 753 quid
812 698 1044 749 exspectas?
1068 694 1165 745 quid
1178 700 1215 731 te
1231 705 1254 730 a
1268 686 1525 737 Centuripina

196 780 363 825 civitate,
381 790 404 815 a
424 770 638 817 Catinensi,
656 770 706 808 ab
724 764 949 810 Halaesina,
967 775 990 800 a
1005 757 1283 810 Tyndaritana,
1303 750 1524 797 Hennensi,

198 841 431 896 Agyrinensi
452 837 669 886 ceterisque
691 830 844 872 Siciliae
871 825 1094 867 civitatibus
1118 817 1389 861 circumveniri
1410 824 1527 866 atque
1549 828 1586 850 10

198 908 368 962 opprimi
381 905 511 946 dicis?
558 904 646 940 Tua
666 907 704 938 te
724 899 844 935 altera
859 892 993 944 patria,
1012 902 1130 940 quem
1146 888 1198 926 ad
1219 886 1382 924 modum
1399 882 1528 921 dicere

201 976 366 1021 solebas,
418 973 606 1009 Messana
651 959 1057 1006 circumvenit,-—tua,
1107 954 1281 1003 inquam,
1332 950 1528 991 Messana,

202 1050 359 1080 tuorum
391 1033 561 1075 adiutrix
592 1031 795 1073 scelerum,
827 1022 1038 1062 libidinum
1070 1017 1190 1065 testis,
1224 1014 1457 1065 praedarum
1485 1022 1530 1048 ac

203 1107 394 1144 furtorum
415 1096 616 1148 receptrix.
676 1094 801 1131 Adest
826 1090 933 1128 enim
953 1088 1010 1125 vir
1035 1080 1300 1133 amplissimus
1328 1079 1413 1116 eius
1442 1073 1531 1114 civi-

205 1169 294 1208 tatis
310 1170 460 1218 legatus
480 1163 596 1201 huius
612 1156 732 1197 iudici
754 1167 872 1194 causa
885 1153 1008 1191 domo
1029 1147 1184 1193 missus,
1200 1143 1381 1195 princeps
1402 1141 1533 1179 lauda-
1555 1150 1592 1182 15

206 1233 324 1274 tionis
357 1240 458 1274 tuae,
495 1227 561 1277 qui
601 1233 638 1262 te
676 1219 835 1272 publice
869 1214 1126 1261 laudat,-—ita
1158 1209 1263 1249 enim
1303 1207 1533 1246 mandatum

207 1307 325 1349 atque
359 1298 593 1345 imperatum
627 1295 710 1334 est,
753 1282 907 1323 tametsi
943 1286 1099 1329 rogatus
1131 1277 1181 1314 de
1212 1274 1360 1323 cybaea
1393 1269 1534 1309 tenetis

209 1362 398 1403 memoria
428 1357 522 1408 quid
545 1349 814 1403 responderit:
842 1345 1091 1385 aedificatam
1117 1338 1285 1391 publicis
1315 1334 1442 1386 operis
1469 1346 1537 1384 pu-

210 1428 312 1467 blice
332 1423 489 1469 coactis,
513 1421 628 1470 eique
648 1413 918 1455 aedificandae
939 1407 1096 1460 publice
1118 1403 1400 1443 Mamertinum
1430 1411 1538 1437 sena-

211 1502 336 1532 torem
357 1487 581 1540 praefuisse.
641 1482 756 1520 Idem
777 1479 827 1517 ad
848 1489 917 1515 vos
938 1472 1129 1525 privatim,
1152 1468 1313 1513 iudices,
1337 1463 1511 1514 confugit
1529 1476 1539 1510 3
1559 1473 1598 1496 20

212 1558 333 1598 utitur
361 1557 436 1593 hac
462 1555 546 1601 lege
571 1562 649 1599 qua
675 1543 865 1585 iudicium
895 1548 962 1587 est,
991 1534 1193 1577 communi
1217 1545 1306 1572 arce
1330 1530 1536 1569 sociorum.

213 1619 389 1661 Tametsi
413 1621 475 1657 lex
499 1623 557 1654 est
586 1615 636 1653 de
660 1608 837 1661 pecuniis
864 1603 1102 1656 repetundi5‚
1126 1600 1190 1638 ille
1214 1611 1256 1637 se
1282 1603 1398 1645 negat
1427 1606 1542 1643 pecu-

214 1687 321 1726 niam
350 1689 536 1733 repetere,
569 1689 688 1728 quam
718 1680 892 1723 ereptam
920 1682 1001 1707 non
1030 1672 1141 1705 tanto
1168 1674 1285 1713 opere
1319 1658 1541 1699 desiderat:

218 1763 329 1791 sacra
346 1762 387 1787 se
408 1746 600 1785 maiorum
621 1751 781 1780 suorum
802 1742 977 1786 repetere
996 1732 1066 1770 abs
1087 1738 1126 1768 te
1146 1727 1251 1774 dicit,
1274 1727 1371 1765 deos
1392 1720 1543 1773 penatis

163 1825 198 1856 18
220 1825 257 1854 te
273 1813 419 1864 patrios
440 1806 620 1859 reposcit.
671 1801 797 1852 Ecqui
819 1801 946 1851 pudor
967 1804 1035 1843 est,
1054 1805 1202 1844 ecquae
1223 1789 1368 1840 religio,
1390 1789 1542 1832 Verres,
1567 1795 1600 1827 ²5

220 1878 335 1929 ecqui
366 1876 523 1915 metus?
581 1866 783 1909 Habitasti
803 1865 909 1915 apud
933 1861 1083 1900 Heium
1114 1859 1334 1900 Messanae,
1357 1865 1416 1890 res
1437 1851 1546 1888 illum

221 1944 375 1984 divinas
412 1941 518 1991 apud
558 1950 626 1976 eos
664 1936 761 1974 deos
799 1931 840 1970 in
879 1942 952 1968 suo
990 1923 1157 1964 sacrario
1195 1933 1317 1972 prope
1347 1915 1548 1956 cotidiano

222 2013 348 2048 facere
382 2005 536 2052 vidisti3
569 2015 650 2041 non
680 2004 860 2038 movetur
889 1991 1067 2044 pecunia,
1103 1986 1275 2036 denique
1309 1995 1409 2034 quae
1439 1991 1550 2018 orna-

224 2073 346 2113 menti
375 2084 493 2111 causa
522 2071 678 2107 fuerunt
708 2077 788 2103 non
818 2057 1002 2110 requirit,
1040 2053 1111 2093 tibi
1142 2052 1244 2090 habe
1278 2046 1547 2096 Canephoros,

225 2142 390 2179 deorum
419 2136 624 2175 simulacra
652 2130 822 2169 restitue.
883 2126 999 2172 Quae
1019 2119 1112 2170 quia
1132 2115 1239 2162 dixit,
1261 2112 1353 2164 quia
1373 2119 1550 2159 tempore
1570 2116 1600 2150 3<

227 2206 319 2243 dato
350 2202 528 2240 modeste
559 2197 665 2247 apud
692 2206 761 2232 vos
793 2188 923 2229 socius
953 2184 1184 2232 amicusque
1212 2176 1349 2230 populi
1379 2169 1551 2213 Romani

273 2321 291 2347 4
317 2308 472 2338 habuisse
490 2305 544 2334 illa
565 2303 651 2333 Vnfiz
677 2299 733 2329 illa
749 2294 907 2327 habuisse
925 2289 989 2321 RS
1075 2297 1096 2325 9
1120 2296 1138 2316 a
1154 2283 1260 2322 Tynd.
1287 2280 1331 2311 V:
1356 2290 1374 2310 a
1390 2288 1453 2309 om.
1473 2273 1554 2316 RSp

233 2364 270 2392 15
295 2352 392 2381 huius
414 2347 521 2379 VRS:
548 2346 688 2376 huiusce
700 2342 741 2381 7>ss
855 2337 895 2367 16
919 2336 963 2365 ita
986 2330 1092 2362 VRS:
1119 2329 1150 2358 id
1163 2329 1204 2367 pS
1324 2334 1364 2353 22
1388 2322 1429 2351 de
1447 2322 1550 2358 repet.

231 2393 417 2478 rifelcjp{G3A
552 2401 590 2427 24
617 2393 649 2418 te
672 2383 779 2415 VRS:
805 2393 822 2412 a
840 2385 872 2411 te
884 2379 948 2419 ῥᾳδ
1082 2383 1120 2411 27
1147 2368 1314 2401 cotidiano
1327 2364 1406 2396 RS:
1434 2360 1554 2394 cotidie
