1600 2704
63 123 111 151 10

134 126 175 157 30
506 101 563 138 M.
591 94 760 136 TVLLI
792 84 1098 131 CICERONIS

137 221 242 259 ineat
268 222 422 268 oportet
448 210 576 252 Nonis
604 201 918 247 Decembribus;
953 197 1010 234 M.
1034 188 1265 243 Crepereius
1291 199 1338 225 ex
1361 196 1465 223 acer-

138 286 236 325 rima
282 282 348 320 illa
395 275 564 329 equestri
606 269 752 311 familia
794 274 832 305 et
871 260 1092 311 disciplina,
1130 258 1174 294 L.
1214 251 1372 293 Cassius
1419 261 1467 287 ex

140 348 286 390 familia
306 359 396 385 curn
416 344 468 382 ad
488 348 634 380 ceteras
654 348 713 374 res
743 341 829 371 tum
852 329 904 367 ad
927 323 1185 364 iudicandum
1215 313 1467 357 severissima,

143 417 215 456 Cn.
245 409 491 453 Tremellius,
522 407 644 444 homo
679 409 833 438 summa
863 390 1050 441 religione
1084 393 1122 425 et
1151 380 1362 433 diligentia,
1394 385 1470 416 tres

143 480 184 518 hi
222 476 404 517 homines
438 478 586 510 veteres
625 461 772 504 tribuni
810 457 995 497 militares
1034 457 1125 490 sunt
1163 443 1380 496 designati3
1424 448 1511 481 ex5

146 541 340 583 Kalendis
375 534 566 577 Ianuariis
600 543 682 569 non
720 523 962 565 iudicabunt.
1034 511 1324 555 Subsortiemur
1357 505 1475 545 etiam

148 610 189 648 in
210 610 266 646 M.
291 602 445 644 Metelli
470 602 614 642 locum,
637 591 826 645 quoniam
853 588 884 625 is
911 584 1003 624 huic
1030 579 1105 631 ipsi
1125 572 1347 629 quaestioni
1372 582 1477 621 prae-

98 668 101 670 ¹
150 677 302 714 futurus
323 676 390 707 est.
452 666 513 703 Ita
540 659 760 701 secundum
792 651 995 692 Kalendas
1017 642 1218 685 Ianuarias
1239 646 1277 678 et
1302 642 1480 688 praetore

124 1729 159 1760 32

131 1921 167 1948 11

152 746 190 778 et
236 747 359 786 prope
406 738 490 769 toto
538 728 782 765 commutato
825 714 991 755 consilio
1038 720 1198 759 magnas
1246 698 1482 742 accusatoris

154 802 281 842 minas
308 804 572 847 magnamque
599 782 933 837 exspectationem
960 774 1082 815 iudici
1108 773 1158 812 ad
1185 776 1362 808 nostrum
1388 762 1485 803 arbi·
1507 771 1544 794 10

155 867 273 907 trium
293 860 580 907 libidinemque
601 848 830 892 eludemus.'
884 844 1027 882 Nonae
1047 844 1137 877 sunt
1157 833 1276 874 hodie
1298 828 1459 870 Sextiles
1477 841 1487 874 3

157 936 255 972 hora
275 940 350 968 vm
372 921 583 965 convenire
604 913 788 966 coepistis
805 927 814 959 3
845 912 954 948 hunc
975 905 1080 945 diem
1101 903 1179 940 iam
1204 912 1254 937 ne
1282 898 1489 935 numerant

160 998 334 1049 quidem.
394 993 547 1030 Decem
581 984 664 1024 dies
700 986 790 1018 sunt
824 983 915 1014 ante
948 972 1064 1010 ludos
1093 965 1256 1009 votivos,
1285 972 1384 1011 quos
1415 957 1487 997 Cn.

162 1059 377 1111 Pompeius
407 1057 578 1094 facturus
609 1056 691 1094 est3
735 1043 776 1081 hi
809 1039 893 1079 ludi
922 1037 1005 1077 dies
1033 1029 1263 1083 quindecim
1292 1026 1493 1068 auferent3

164 1127 310 1168 deinde
348 1120 539 1161 continuo
585 1109 759 1152 Romani
801 1106 1103 1152 consequentur.
1182 1095 1243 1133 Ita
1278 1101 1402 1142 prope
1441 1097 1495 1123 XL
1517 1097 1553 1128 15

166 1192 306 1232 diebus
345 1180 585 1235 interpositis
619 1186 703 1216 tum
738 1171 910 1221 denique
944 1180 985 1205 se
1019 1164 1069 1202 ad
1104 1173 1150 1199 ea
1181 1169 1284 1208 quae
1321 1168 1345 1192 a
1381 1149 1496 1190 nobis

168 1258 275 1298 dicta
312 1258 425 1292 erunt
460 1254 716 1296 responsuros
750 1249 836 1276 esse
869 1231 1128 1273 arbitrantur3
1171 1221 1316 1261 deinde
1355 1230 1397 1255 se
1430 1216 1499 1254 du-
1545 1232 1548 1233 ⁷

170 1331 300 1362 cturos
330 1324 368 1356 et
395 1312 568 1354 dicendo
597 1316 635 1347 et
665 1300 891 1344 excusando
920 1294 1033 1334 facile
1059 1292 1110 1330 ad
1140 1289 1254 1327 ludos
1277 1280 1476 1322 Victoriae
1491 1293 1501 1326 3

172 1399 263 1426 curn
289 1377 349 1421 his
377 1376 554 1431 plebeios
576 1385 661 1412 esse
682 1367 930 1409 coniunctos,
953 1356 1172 1399 secundum
1194 1362 1293 1402 quos
1313 1354 1380 1386 aut
1404 1343 1503 1384 nulli

173 1458 240 1491 aut
270 1442 456 1499 perpauci
483 1440 566 1480 dies
597 1438 648 1476 ad
677 1432 875 1484 agendum
905 1422 1024 1464 futuri
1051 1426 1163 1459 sunt:
1197 1416 1251 1454 ita
1277 1413 1431 1452 defessa
1456 1421 1504 1446 ac
1525 1422 1565 1444 20

174 1515 396 1565 refrigerata
415 1504 668 1548 accusatione
688 1511 770 1538 rem
791 1496 982 1543 integram
1006 1488 1056 1526 ad
1084 1485 1140 1523 M.
1164 1480 1373 1520 Metellum
1401 1486 1507 1525 prae-

177 1590 302 1621 torem
332 1589 417 1617 esse
446 1579 662 1612 venturam.
724 1565 856 1612 Quem
886 1569 959 1607 ego
991 1550 1207 1593 hominem,
1238 1544 1270 1584 si
1299 1542 1382 1581 eius
1416 1537 1509 1577 fidei

179 1647 328 1686 diffisus
359 1652 500 1685 essem,
519 1634 693 1674 iudicem
723 1641 805 1667 non
834 1620 1080 1662 retinuissem
1096 1629 1106 1663 3
1139 1623 1245 1651 nunc
1274 1616 1407 1647 tamen
1433 1605 1510 1642 hoc

181 1711 317 1750 animo
344 1718 433 1745 sum
461 1710 504 1740 ut
534 1713 581 1738 eo
610 1695 741 1735 iudice
762 1701 881 1741 quarn
910 1690 1086 1736 praetore
1116 1679 1219 1716 hanc
1246 1685 1326 1711 rem
1353 1666 1511 1717 transigi

184 1774 332 1819 malim,
353 1778 391 1809 et
410 1769 536 1807 iurato
558 1774 669 1802 suam
691 1769 810 1808 quam
837 1751 1005 1791 iniurato
1031 1744 1196 1784 aliorum
1223 1737 1385 1777 tabellas
1408 1745 1514 1772 com-
1534 1741 1572 1774 25

185 1841 349 1880 mittere.

241 1906 360 1943 Nunc
381 1913 465 1950 ego,
489 1895 649 1939 iudices,
673 1891 751 1929 iam
772 1898 841 1924 vos
862 1880 1028 1922 consulo
1049 1873 1144 1925 quid
1167 1867 1264 1908 mihi
1290 1863 1515 1903 faciendum

189 1969 333 2023 putetis
349 1982 358 2015 3
395 1965 437 2003 id
466 1962 572 2002 enirn
602 1954 741 1997 consili
771 1949 868 1990 mihi
894 1945 1071 1996 profecto
1100 1934 1207 1976 taciti
1237 1929 1379 1971 dabitis
1409 1925 1517 1976 quod

192 2040 347 2085 egomet
376 2027 474 2068 mihi
502 2020 723 2065 necessario
754 2012 991 2065 capiendum
1022 2004 1217 2050 intellego.
1280 1994 1319 2034 Si
1353 1999 1437 2031 utar
1466 1990 1517 2028 ad

193 2098 408 2139 dicendum
447 2104 538 2131 meo
576 2086 751 2138 legitimo
786 2087 974 2127 tempore,
1010 2068 1088 2109 mei
1125 2062 1268 2104 laboris
1306 2054 1519 2097 industriae
1539 2062 1581 2095 30

241 2203 262 2231 6
286 2199 351 2231 kal.
371 2200 427 2229 isin
442 2202 466 2237 p
554 2194 574 2223 8
599 2193 663 2222 ian.
677 2188 754 2226 Dp:
781 2182 850 2222 §36
938 2186 959 2216 9
983 2183 1089 2215 prope
1108 2174 1177 2201 toto
1190 2170 1408 2197 comm.cons.
1424 2157 1497 2194 DG,
1515 2167 1524 2186 t

199 2255 304 2286 prope
322 2252 413 2273 cons.
433 2245 505 2270 toto
523 2245 640 2269 comm.
655 2227 781 2263 an²K
797 2238 804 2257 :
828 2231 934 2264 prope
952 2223 1021 2250 toto
1034 2224 1122 2247 cons.
1136 2219 1252 2242 comm.
1266 2205 1330 2237 rell.
1341 2205 1470 2244 praeter
1484 2198 1522 2236 Z,

200 2291 233 2320 in
251 2298 315 2327 quo
331 2289 375 2316 est
390 2289 460 2315 toto
479 2291 582 2322 prope
603 2286 722 2309 comm.
741 2279 830 2303 cons.
993 2272 1031 2292 10
1055 2259 1203 2295 exspect.
1225 2251 1292 2282 iud.
1311 2248 1365 2288 Dp
1381 2243 1496 2284 etpler.
1517 2253 1530 2273 t,

202 2333 268 2362 iud.
288 2332 436 2368 exspect.
459 2326 512 2357 ὐςδ
530 2323 599 2354 cdd.
718 2317 756 2347 18
781 2307 970 2344 accusando
990 2305 1043 2344 Dp
1059 2305 1086 2333 et
1096 2299 1175 2340 pler.
1301 2302 1344 2323 20
1367 2285 1530 2330 perpauci-

203 2376 237 2406 D
252 2374 294 2405 al.
315 2385 335 2402 π
352 2383 358 2403 :
381 2370 477 2411 pauci
495 2367 566 2398 Κὸδ
