1600 2704
73 106 343 150 ACTIONIS
374 103 434 142 IN
465 102 509 140 C.
532 96 775 136 VERREM
806 90 1105 132 SECVNDAE
1136 87 1242 125 LIB.
1264 85 1301 120 V
1347 82 1483 129 38100

77 218 370 260 multitudinem
397 213 560 266 piratico
587 205 842 259 myoparonil
873 204 912 242 in
940 209 1055 253 portu
1082 200 1327 248 Syracusano
1351 194 1401 231 de

76 287 201 325 classe
244 280 379 334 populi
425 275 597 317 Romani
644 271 886 321 triumphum
934 278 1047 317 agere
1094 263 1271 313 piratam,
1311 271 1402 297 cum

77 348 265 402 praetoris
291 342 514 385 inertissimi
540 335 851 389 nequissimique
878 333 1016 372 oculos
1041 328 1286 380 praedonum
1307 321 1404 362 remi

78 419 344 464 respergerent
363 413 370 448 1

134 481 397 525 Posteaquam
418 486 439 511 e
460 482 575 521 portu
595 468 742 518 piratae
763 476 844 502 non
875 468 983 500 metu
1011 457 1144 507 aliquo
1172 452 1315 493 adfecti
1337 451 1407 488 sed

78 542 257 582 satietate
276 538 463 583 exierunt,
483 544 568 574 tum
588 537 802 582 coeperunt
828 538 1014 577 quaerere
1039 520 1221 561 homines
1249 528 1406 556 causam

78 607 182 646 illius
201 612 333 645 tantae
353 598 595 642 calamitatis.
657 595 798 634 Dicere
819 603 958 630 omnes
987 596 1025 626 et
1052 587 1181 637 palam
1209 582 1409 631 disputare

80 671 244 710 minime
263 681 348 708 esse
368 665 592 705 mirandum
623 662 654 700 si
684 657 896 708 remigibus
926 653 1195 700 militibusque
1224 644 1408 690 dimissis,

81 734 239 785 reliquis
273 738 444 783 egestate
479 736 518 768 et
557 729 659 766 same
693 721 866 774 perditis,
902 726 1079 769 praetore
1113 721 1171 753 tot
1204 711 1289 751 dies
1319 722 1408 748 cum

25 819 64 842 ιο
82 798 319 839 mulierculis
348 801 592 847 perpotante‚
622 797 730 829 tanta
758 783 973 837 ignominia
1005 790 1043 820 et
1077 776 1277 818 calamitas
1309 780 1411 812 esset

81 872 255 916 accepta.
315 864 430 900 Haec
458 866 591 897 autem
619 854 729 894 istius
749 849 982 900 vituperatio
1002 854 1120 895 atque
1142 839 1302 880 infamia
1321 851 1412 876 con-
1436 853 1490 876 101

83 931 311 969 firmabatur
330 938 467 965 eorum
487 933 669 962 sermone
689 917 756 968 qui
776 930 798 954 a
818 914 897 953 suis
914 910 1136 951 civitatibus
1157 906 1230 945 illis
1246 903 1412 942 navibus

84 992 296 1047 praepositi
324 993 488 1030 fuerant.
548 984 628 1035 Qui
661 997 708 1022 ex
741 981 807 1019 illo
842 989 1007 1016 numero
1041 971 1179 1022 reliqui
1206 971 1413 1019 Syracusas

84 1062 209 1098 classe
228 1057 372 1096 amissa
391 1055 611 1103 refugerant
630 1047 816 1088 dicebant
837 1050 934 1093 quot
956 1054 1001 1078 ex
1029 1051 1098 1077 sua
1127 1036 1294 1086 quisque
1315 1045 1413 1070 nave

30 1142 66 1174 15
86 1124 227 1163 missos
247 1121 362 1161 sciret
382 1132 479 1158 esse.
538 1117 620 1154 Res
639 1120 720 1153 erat
736 1112 850 1155 clara,
867 1119 995 1156 neque
1023 1105 1151 1142 solum
1175 1096 1414 1150 argumentis

86 1190 157 1228 sed
185 1188 304 1226 etiam
334 1183 447 1223 certis
477 1180 643 1220 testibus
673 1175 782 1215 istius
811 1170 977 1212 audacia
998 1167 1214 1207 tenebatur.
1275 1164 1414 1201 Homo
1435 1169 1488 1207 39

86 1252 227 1292 certior
255 1252 299 1289 fit
327 1248 388 1300 agi
418 1246 515 1286 nihil
544 1245 584 1283 in
613 1243 699 1281 foro
727 1248 766 1279 et
796 1243 993 1277 conventu
1024 1241 1108 1271 toto
1137 1230 1202 1270 die
1231 1227 1306 1267 nisi
1326 1229 1414 1273 hoc,

87 1317 222 1368 quaeri
253 1329 300 1355 ex
331 1310 539 1352 nauarchis
572 1319 691 1358 quem
722 1306 773 1343 ad
806 1302 971 1340 modum
1005 1295 1138 1336 classis
1167 1294 1215 1333 sit
1245 1292 1416 1338 amissa3

89 1384 177 1422 illos
208 1381 445 1432 respondere
477 1385 515 1415 et
546 1376 690 1414 docere
727 1381 850 1408 unum
889 1375 1099 1415 quemque,
1139 1357 1326 1398 missione
1365 1369 1418 1394 re-

30 1466 74 1488 20
91 1449 252 1499 migum,
273 1448 376 1484 farne
396 1442 648 1492 reliquorum,
670 1430 896 1476 Cleomenis
918 1429 1056 1468 timore
1078 1434 1114 1464 et
1136 1426 1236 1473 fuga.
1296 1422 1418 1470 Quod

91 1521 349 1566 posteaquam
381 1509 453 1547 iste
487 1501 683 1554 cognovit,
721 1501 823 1537 hanc
863 1494 1052 1534 rationem
1092 1490 1238 1528 habere
1275 1486 1416 1536 coepit.

91 1581 263 1619 Causam
299 1574 373 1614 sibi
405 1571 617 1612 dicendam
652 1578 737 1604 esse
771 1567 957 1601 statuerat
992 1558 1067 1596 iam
1100 1561 1313 1603 antequam
1344 1553 1421 1590 hoc

92 1657 165 1682 usu
203 1640 320 1686 venit,
359 1638 413 1676 ita
459 1645 501 1674 ut
549 1634 677 1683 ipsum
718 1628 845 1678 priore
887 1623 1043 1663 actione
1081 1620 1212 1659 dicere
1245 1616 1419 1656 audistis.

93 1707 266 1746 Videbat
286 1704 360 1743 illis
381 1699 586 1741 nauarchis
607 1694 772 1735 testibus
792 1698 945 1730 tantum
966 1689 1042 1726 hoc
1063 1684 1211 1724 crimen
1232 1682 1423 1721 sustinere

37 1787 76 1819 25
96 1786 138 1812 se
175 1773 285 1810 nullo
323 1770 444 1808 modo
483 1776 609 1815 posse.
680 1756 901 1799 Consilium
941 1751 1045 1802 capit
1084 1749 1210 1800 primo
1248 1749 1422 1792 stultum,

95 1850 231 1877 verum
269 1843 401 1874 tamen
440 1832 626 1869 clemens.
686 1822 917 1863 Nauarchos
955 1819 1006 1856 ad
1044 1830 1085 1854 se
1122 1812 1253 1853 vocari
1291 1812 1399 1850 iubet
1417 1826 1425 1858 3
1450 1825 1507 1847 102

95 1901 269 1941 veniunt.
328 1901 500 1936 Accusat
538 1905 606 1932 eos
646 1889 755 1940 quod
794 1886 877 1925 eius
917 1881 1025 1921 modi
1063 1882 1113 1919 de
1145 1892 1186 1917 se
1224 1889 1425 1916 sermones

97 1966 305 2006 habuerint
322 1978 331 2011 3
359 1968 469 2011 rogat
498 1966 540 1997 ut
574 1957 616 1995 in
650 1966 720 1992 sua
748 1951 916 2001 quisque
947 1946 1051 1986 dicat
1083 1942 1171 1982 navi
1201 1955 1242 1980 se
1272 1948 1425 1979 tanturn

98 2031 283 2071 habuisse
313 2035 519 2067 nautarum
549 2027 740 2072 quantum
771 2011 996 2064 oportuerit,
1027 2020 1156 2058 neque
1185 2017 1426 2056 quemquam

43 2113 81 2145 30
100 2110 185 2136 esse
217 2095 435 2134 dimissum.
496 2087 558 2126 Illi
591 2084 695 2124 enim
728 2093 819 2119 vero
852 2092 892 2116 se
925 2075 1139 2114 ostendunt
1171 2071 1280 2121 quod
1311 2069 1428 2107 vellet

38 502 58 532 5

147 2211 187 2239 14
211 2202 293 2239 quot
310 2194 430 2226 Lamb.
447 2203 454 2223 ε
478 2190 569 2231 quod
586 2186 659 2226 RS,
678 2194 762 2224 quos
776 2182 818 2223 pb
939 2187 1023 2208 nave
1041 2174 1104 2205 RS
1120 2185 1126 2204 :
1151 2172 1226 2204 navi
1240 2173 1282 2213 ρδ
1300 2172 1332 2210 (ξ
1354 2169 1429 2209 102)

105 2255 142 2284 17
168 2248 202 2275 et
219 2243 253 2273 in
265 2246 290 2281 p
378 2242 449 2269 toto
466 2233 572 2274 RSp:
597 2236 667 2279 tota
683 2231 733 2269 qW
874 2223 912 2253 18
936 2226 1025 2252 esset
1043 2220 1059 2248 δ
1235 2225 1276 2253 24
1299 2213 1431 2244 vidistis

103 2286 167 2318 RS
256 2285 311 2315 ille
330 2284 358 2314 is
376 2281 408 2312 R
424 2292 431 2311 ε
456 2279 511 2310 ille
530 2277 582 2308 his
597 2274 695 2314 &hiis-‚3
715 2268 808 2301 SDW
927 2274 967 2303 27
992 2273 1030 2294 se
1047 2272 1116 2292 om.
1132 2259 1210 2300 R¹p¹
1228 2270 1235 2290 :
1259 2265 1432 2289 sermones

105 2332 146 2362 de
163 2340 201 2361 se
219 2327 277 2360 ΞΨ
411 2325 452 2354 28
476 2325 571 2360 rogat
591 2323 625 2348 ut
642 2317 674 2347 id
693 2315 805 2345 facere
824 2309 990 2342 desistant
1008 2312 1041 2337 et
1059 2306 1090 2335 in
1109 2314 1169 2335 sua
1182 2303 1223 2343 p&
