1600 2704
139 139 192 177 80
215 145 274 184 185
576 137 633 172 M.
665 136 833 172 TVLLI
863 134 1169 173 CIcERoms

210 248 500 288 sanctissimum
533 248 657 286 virum
689 256 807 297 atque
839 245 1174 293 honestissimum⁷
1208 247 1263 284 M.
1287 246 1534 295 Castricium,

132 322 191 354 186
209 327 367 353 summo
401 314 611 364 splendore
646 312 805 362 ingenio
837 311 959 361 gratia
988 310 1221 361 praeditum.
1291 310 1401 359 Quid
1440 313 1536 350 haec

130 1359 188 1399 ¹87

210 379 282 417 sibi
323 380 464 417 horum
503 377 619 415 trium
659 376 804 415 civium
845 378 1118 414 Romanorum
1158 375 1265 414 dona
1302 376 1538 414 voluerunt?

210 444 362 482 Siculos
383 450 582 493 praeterea
604 441 897 492 potentissimos
918 439 1265 490 nobilissimosque
1284 440 1451 487 donasti,
1470 440 1537 490 qui

209 521 300 556 non,
324 521 442 558 quern
471 508 522 545 ad
552 507 716 545 modum
739 505 911 555 sperasti,
934 504 1122 543 tardiores
1144 506 1310 552 fuerunt,
1333 505 1403 542 sed
1430 517 1539 543 orna-

209 573 326 611 tiores
348 580 416 610 tuo
437 571 585 609 iudicio
605 572 656 609 ad
678 569 903 608 testimonia
923 569 1094 608 dicenda
1115 577 1320 607 venerunt.
1381 568 1538 618 Quibus

209 652 255 676 ex
286 636 458 675 hostiurn
499 635 645 685 spoliis,
682 636 732 673 de
771 647 849 684 qua
887 633 1059 680 victoria,
1095 647 1172 683 qua
1207 647 1254 672 ex
1292 634 1437 684 praeda
1470 643 1537 672 aut

210 700 406 739 manubiis
436 701 533 738 haec
562 700 633 737 abs
660 707 698 738 te
725 698 889 737 donatio
924 698 1136 736 constituta
1161 700 1252 736 est?
1280 711 1330 736 an
1361 699 1469 748 quod
1499 706 1537 737 te

210 773 387 817 praetore
421 778 636 814 paucorum
671 765 844 802 adventu
880 776 1165 813 myoparonum
1197 762 1331 801 classis
1361 764 1537 812 pulcher-

209 831 317 878 rima,
357 829 511 869 Siciliae
555 829 792 879 praesidium
841 829 1261 878 propugnaculumque
1299 828 1534 878 provinciae,

210 896 419 945 piratarum
442 894 624 933 manibus
646 894 805 932 incensa
832 895 923 932 est?
951 906 1001 931 an
1026 894 1135 943 quod
1161 906 1252 943 ager
1272 894 1537 943 Syracusanus

210 962 454 1011 praedonum
491 959 682 998 incendiis
717 967 754 997 te
789 966 965 1008 praetore
1000 966 1172 997 vastatus
1206 961 1297 997 est?
1343 972 1393 996 an
1428 960 1536 1008 quod

210 1027 336 1063 forum
355 1026 645 1074 Syracusanum
669 1024 956 1062 nauarchorum
981 1023 1170 1074 sanguine
1195 1023 1458 1061 redundavit?
1485 1036 1534 1061 an

209 1090 319 1139 quod
357 1090 397 1126 in
436 1096 549 1138 portu
590 1089 834 1137 Syracusano
871 1087 1055 1138 piraticus
1090 1101 1278 1137 myoparo
1311 1087 1536 1137 navigavit?

211 1154 320 1192 Nihil
350 1166 510 1203 possum
540 1152 704 1203 reperire
724 1165 842 1202 quarn
864 1153 917 1191 ob
938 1166 1019 1191 rem
1048 1160 1086 1191 te
1113 1152 1151 1190 in
1180 1152 1293 1190 istam
1323 1152 1534 1191 amentiam

210 1218 395 1257 incidisse
415 1218 586 1263 arbitrer,
610 1217 681 1255 nisi
704 1218 801 1255 forte
831 1217 871 1255 id
901 1216 1012 1267 egisti
1041 1225 1082 1255 ut
1110 1217 1337 1256 hominibus
1365 1231 1414 1256 ne
1441 1217 1536 1256 obli-

209 1283 304 1321 visci
326 1283 487 1333 quidem
510 1295 636 1321 rerum
659 1290 813 1320 tuarum
837 1280 955 1334 [male
976 1280 1189 1333 gestarum]
1212 1282 1354 1320 liceret.

266 1350 398 1386 Anulo
427 1356 485 1387 est
514 1361 633 1385 aureo
662 1347 789 1386 scriba
814 1348 994 1395 donatus,
1018 1355 1056 1386 et
1085 1349 1136 1386 ad
1163 1361 1249 1386 eam
1278 1347 1534 1386 donationem

209 1413 344 1453 contio
374 1420 432 1451 est
460 1413 665 1451 advocata,
725 1413 846 1461 Quod
873 1420 954 1450 erat
981 1425 1025 1451 os
1052 1420 1174 1459 tuum,
1198 1426 1288 1451 cum
1310 1412 1471 1451 videbas
1495 1412 1536 1450 in

209 1478 396 1517 contione
416 1491 484 1517 eos
506 1477 687 1516 homines
708 1490 875 1527 quorum
903 1491 950 1516 ex
980 1477 1094 1516 bonis
1122 1477 1239 1516 istum
1266 1479 1386 1516 anulo
1417 1490 1536 1516 aureo

209 1544 397 1591 donabas,
434 1543 501 1593 qui
531 1543 603 1593 ipsi
633 1545 772 1581 anulos
801 1556 940 1582 aureos
970 1551 1181 1593 posuerant
1211 1544 1422 1593 liberisque
1456 1542 1535 1581 suis

209 1610 465 1655 detraxerant,
489 1615 531 1646 ut
555 1616 657 1646 esset
687 1609 793 1646 unde
820 1608 947 1647 scriba
968 1617 1057 1647 tuus
1084 1610 1162 1647 hoc
1187 1617 1298 1647 tuum
1327 1620 1470 1646 munus
1489 1620 1534 1645 ac

210 1673 445 1711 beneficium
479 1675 682 1711 tueretur?
711 1685 812 1722 quae
839 1686 954 1723 porro
983 1673 1171 1723 praefatio
1191 1681 1281 1712 tuae
1309 1673 1535 1711 donationis

210 1737 310 1775 fuit?
368 1739 441 1775 Illa
461 1737 608 1775 scilicet
630 1743 740 1775 vetus
759 1744 879 1787 atque
900 1737 1159 1788 imperatoria,
1184 1739 1454 1787 QVANDOQVE
1483 1749 1534 1774 Tv

209 1813 372 1845 QVIDEM
404 1813 449 1838 IN
480 1813 670 1848 I'ROELIO,
696 1814 739 1838 IN
773 1813 913 1849 BELLO,
938 1814 983 1840 IN
1015 1814 1070 1840 RE
1102 1801 1463 1840 MILlTARl—cuius
1484 1815 1534 1840 ne
1577 1836 1596 1855 ,ἱ

210 1865 358 1904 mentio
378 1865 537 1915 quidem
561 1874 599 1904 te
621 1874 796 1915 praetore
825 1867 902 1905 ulla
928 1868 1030 1905 facta
1051 1874 1108 1905 est
1128 1883 1134 1905 :
1164 1880 1215 1905 an
1236 1866 1310 1914 illa,
1336 1868 1534 1916 QVANDO—

209 1941 291 1974 QVE
320 1941 370 1967 TV
401 1941 536 1967 NVLLA
569 1942 747 1975 VMQVAM
778 1942 875 1968 MIHI
910 1943 954 1969 IN
984 1943 1234 1970 CVPIDITATE
1261 1943 1312 1970 AC
1342 1943 1535 1969 TVRPITV·
1590 1945 1594 1959 ⁸

211 2007 313 2033 DINE
334 2007 524 2033 DEFVISTI
551 2007 820 2040 OMNIBVSQVE
851 2008 894 2034 IN
920 2008 1048 2035 ISDEM
1076 2009 1280 2036 FLAGITIIS
1304 2009 1453 2036 MECVM
1484 2009 1534 2035 ET
1590 1991 1593 2019 ἑ

210 2073 254 2098 IN
276 2073 512 2099 LEGATIONE
534 2073 586 2098 ET
605 2074 648 2099 IN
672 2074 891 2100 PRAETVRA
915 2075 966 2100 ET
990 2075 1062 2101 HIC
1084 2074 1129 2101 IN
1151 2064 1307 2102 SICILIA
1325 2074 1533 2102 VERSATVS

251 2176 269 2202 4
297 2163 523 2195 nobilissimos
540 2174 606 2195 om.
629 2164 690 2195 VO
706 2165 768 2204 giii,
787 2167 803 2201 §
821 2166 877 2205 52)
1035 2177 1051 2205 7
1076 2176 1115 2197 ac
1132 2175 1218 2196 man.
1237 2165 1268 2196 Ο
1427 2175 1466 2196 12
1488 2175 1530 2196 an
1586 2165 1589 2194 -ἶ

208 2218 273 2237 0111.
298 2207 358 2237 VO
496 2217 534 2246 17
558 2207 644 2238 male
661 2213 833 2246 gestarum
850 2218 915 2239 om.
936 2208 1002 2240 cO:
1028 2213 1110 2239 auct.
1130 2207 1248 2239 Halm.
1269 2208 1336 2240 secl.
1356 2207 1426 2241 edd.
1444 2207 1531 2248 (Zie‘

207 2250 315 2289 llus-ki,
329 2256 361 2290 p.
383 2252 455 2289 196*
578 2260 614 2289 19
637 2252 671 2281 in
689 2252 847 2282 contione
863 2261 927 2283 om.
948 2251 989 2290 O,
1008 2252 1076 2283 secl.
1094 2251 1163 2283 edd.
1183 2262 1254 2283 rece.
1366 2262 1409 2284 20
1432 2251 1531 2283 Istum
1584 2256 1587 2288 j

209 2292 309 2323 anulo
327 2303 430 2323 aureo
448 2293 596 2323 donabas
613 2294 659 2323 cO
675 2306 681 2324 z
707 2294 769 2324 iste
786 2295 906 2325 anulus
922 2305 1043 2326 aureus
1061 2295 1250 2326 donabatur
1261 2299 1286 2334 p
1303 2293 1366 2326 rell.
1489 2304 1531 2333 23
1583 2292 1587 2327 ἶ

207 2340 264 2365 tua
280 2335 384 2374 praef.
403 2336 517 2366 donat.
537 2336 568 2366 Ο
582 2336 654 2367 edd.
673 2348 743 2368 recr.
879 2347 920 2377 25
944 2339 1079 2377 quidem
1092 2343 1117 2377 p
1134 2337 1195 2370 rell.
1211 2342 1338 2378 pmeter
1355 2337 1396 2377 O,
1414 2338 1447 2368 r'n
1467 2348 1531 2377 quo

207 2381 255 2407 es!
268 2378 347 2416 quid
367 2390 373 2407 ι
399 2378 484 2408 unde
501 2385 535 2409 tu
560 2404 564 2409 .
582 2403 588 2409 .
611 2404 617 2410 .
637 2381 737 2418 quid?
764 2381 796 2411 in
814 2381 943 2420 proelio
960 2387 1036 2413 etc..
1057 2381 1217 2421 Pluygers

1557 519 1576 552 5

1558 845 1600 868 10

1558 1171 1597 1203 15
