1600 2704
58 102 327 142 ACTIONIS
359 102 420 141 IN
451 101 496 141 C.
518 101 761 139 VERREM
792 100 1091 141 SECVNDAE
1123 102 1226 139 LIB.
1251 102 1317 139 III
1359 111 1383 148 3
1402 107 1422 139 6

57 213 284 252 varietatem
304 211 589 261 libidinemque
613 211 862 250 decretorum
883 211 1070 248 tuorum?
1098 210 1167 260 qui
1187 211 1383 249 sociorum

56 276 205 315 iniuriis
236 276 605 327 provinciarumque
632 274 897 313 incommodis
932 275 1075 320 doleat,
1107 273 1138 312 is
1172 274 1211 311 in
1239 282 1277 313 te
1304 287 1383 313 non

55 341 292 391 expilatione
312 341 441 388 Asiae,
460 339 664 380 vexatione
681 339 946 390 Pamphyliae,
965 340 1146 389 squalore
1161 346 1200 377 et
1216 339 1384 377 lacrimis

55 405 209 444 Siciliae
233 405 481 445 concitetur?
510 404 578 455 qui
599 404 744 443 civium
768 406 1042 443 Romanorum
1065 403 1147 442 iura
1166 416 1212 442 ac
1233 403 1385 442 liberta-

15 485 32 517 5
54 477 134 509 tem
166 478 342 509 sanctam
372 471 480 520 apud
518 468 646 508 omnis
685 468 821 508 haberi
855 468 957 515 velit,
997 468 1029 506 is
1068 481 1148 507 non
1188 467 1258 506 tibi
1297 470 1384 518 plus

53 534 171 573 etiam
205 548 325 585 quam
356 534 539 573 inimicus
565 547 651 573 esse
684 534 839 581 debeat,
872 547 961 572 cum
993 541 1059 572 tua
1088 533 1259 580 verbera,
1292 547 1382 572 cum

52 599 209 647 securis,
232 613 324 638 cum
349 612 483 638 cruces
513 600 565 638 ad
594 598 738 637 civium
765 600 1038 638 Romanorum
1069 598 1261 648 supplicia
1288 599 1381 637 fixas

51 665 306 704 recordetur?
362 666 426 703 An
453 663 485 703 si
504 677 583 714 qua
602 663 642 702 in
662 677 702 703 re
729 671 865 702 contra
886 677 967 702 rem
989 676 1117 702 meam
1145 663 1381 702 decrevisset
1403 672 1421 705 7

51 729 201 780 aliquid
231 729 380 777 iniuria,
404 729 487 769 iure
516 729 551 768 ei
573 742 636 768 me
666 728 871 768 inimicum
893 741 978 767 esse
1007 728 1258 767 arbitrarere:
1289 741 1379 766 cum

0 811 33 835 ιο
51 795 187 834 omnia
204 803 341 834 contra
361 793 541 833 omnium
566 795 761 833 bonorum
783 807 864 832 rem
886 806 1044 832 causam
1069 793 1260 832 rationem
1282 793 1381 831 utili-

49 867 171 898 tatem
206 861 530 909 voluntatemque
559 858 703 905 fecerit,
736 857 889 908 quaeris
923 871 992 896 cur
1025 857 1060 896 ei
1095 857 1168 895 sim
1199 857 1381 896 inimicus

48 924 111 962 cui
150 925 320 975 populus
361 926 567 963 Romanus
602 923 765 962 infestus
804 924 892 962 est?
929 922 997 972 qui
1030 922 1257 971 praesertim
1293 923 1380 972 plus

47 988 165 1026 etiam
210 1002 329 1039 quam
370 1002 458 1039 pars
497 987 615 1026 virilis
660 988 832 1037 postulat
880 999 950 1036 pro
997 987 1200 1024 voluntate
1244 987 1378 1036 populi

47 1054 221 1091 Romani
248 1052 377 1092 oneris
405 1066 451 1091 ac
478 1051 650 1090 muneris
679 1050 877 1101 suscipere
905 1050 1085 1088 debeam.
1146 1049 1284 1098 Quid?
1315 1050 1379 1088 illa
1397 1058 1425 1094 4

0 1134 26 1167 15
47 1130 149 1167 quae
182 1117 327 1156 leviora
356 1117 538 1156 videntur
568 1129 653 1154 esse
689 1129 769 1154 non
800 1114 971 1153 cuiusvis
1005 1114 1183 1152 animum
1214 1124 1378 1164 possunt

46 1194 215 1227 movere,
256 1182 365 1231 quod
403 1182 454 1220 ad
498 1188 606 1219 tuam
650 1179 771 1230 ipsius
820 1178 1033 1218 amicitiam
1078 1186 1378 1229 ceterorumque

45 1245 253 1284 hominum
298 1258 530 1296 magnorum
572 1252 692 1294 atque
731 1244 926 1282 nobilium
971 1243 1185 1283 faciliorem
1224 1244 1376 1283 aditum

44 1310 154 1349 istius
185 1311 305 1350 habet
329 1310 506 1361 nequitia
534 1318 572 1349 et
598 1309 764 1348 audacia
791 1322 910 1359 quam
938 1308 1171 1358 cuiusquam
1199 1316 1376 1347 nostrum

44 1375 164 1414 virtus
185 1384 223 1414 et
244 1375 473 1426 integritas?
513 1375 664 1414 Odistis
686 1374 893 1413 hominum
916 1386 1108 1412 novorum
1130 1373 1374 1419 industriam,

0 1457 26 1479 ιο
44 1441 244 1491 despicitis
275 1455 412 1480 eorum
446 1440 719 1490 frugalitatem,
752 1440 944 1490 pudorem
976 1438 1240 1484 contemnitis,
1273 1438 1376 1488 inge-

43 1505 152 1544 nium
185 1519 277 1544 vero
315 1513 353 1544 et
387 1505 571 1544 virtutem
604 1506 830 1555 depressam
865 1503 1176 1553 exstinctamque
1208 1503 1374 1553 cupitis:

43 1572 206 1609 Verrem
232 1570 396 1609 amatis!
455 1571 516 1609 Ita
543 1570 686 1608 credo:
717 1569 747 1607 si
775 1581 856 1607 non
884 1568 1034 1615 virtute,
1062 1581 1143 1607 non
1170 1567 1374 1613 industria,
1394 1571 1412 1602 8

43 1648 124 1674 non
148 1635 387 1682 innocentia,
414 1648 495 1673 non
524 1636 687 1685 pudore,
712 1647 793 1672 non
822 1633 1020 1684 pudicitia,
1053 1641 1092 1671 at
1120 1646 1312 1679 sermone,
1334 1641 1373 1670 at

42 1700 188 1747 litteris,
218 1708 257 1738 at
287 1699 532 1738 humanitate
562 1699 645 1738 eius
675 1698 939 1737 delectamini.
1002 1697 1111 1736 Nihil
1137 1711 1273 1737 eorum
1302 1706 1370 1744 est,

0 1783 22 1815 ³5
42 1773 257 1815 contraque
277 1773 368 1803 sunt
389 1763 522 1803 omnia
543 1777 633 1802 cum
664 1776 821 1802 summo
842 1763 1037 1802 dedecore
1058 1776 1103 1801 ac
1131 1761 1372 1813 turpitudine

42 1837 126 1867 tum
161 1829 345 1880 singulari
384 1828 547 1867 stultitia
583 1836 703 1878 atque
741 1827 1031 1866 inhumanitate
1069 1827 1203 1865 oblita.
1264 1828 1372 1865 Huic

42 1893 194 1932 homini
229 1894 261 1932 si
299 1893 409 1932 cuius
444 1894 588 1932 domus
618 1900 736 1942 patet,
773 1900 903 1930 utrum
933 1905 979 1930 ea
1013 1898 1146 1941 patere
1183 1904 1233 1929 an
1266 1891 1372 1929 hiare

41 1971 87 1996 ac
119 1971 281 2008 poscere
311 1957 460 2007 aliquid
494 1956 677 1995 videtur?
735 1957 857 1995 Hunc
887 1955 1003 1994 vestri
1037 1955 1231 2001 ianitores,
1266 1956 1372 1993 hunc

41 2022 271 2061 cubicularii
291 2022 483 2072 diligunt;
512 2023 619 2060 hunc
646 2020 775 2060 liberti
796 2020 923 2066 vestri,
948 2021 1053 2058 hunc
1075 2019 1173 2058 servi
1193 2019 1372 2058 ancillae-

0 2104 24 2129 ,ο
41 2101 120 2138 que
157 2094 316 2135 amant,
360 2086 425 2125 hic
458 2099 550 2125 cum
583 2084 690 2124 venit
724 2092 830 2124 extra
867 2084 1048 2123 ordinem
1087 2091 1272 2131 vocatur;
1309 2084 1372 2122 hic

84 2202 103 2232 5
128 2192 243 2224 haberi
261 2192 343 2223 velit
359 2190 446 2223 HcO
463 2202 470 2221 ε
493 2190 619 2222 habere
635 2189 705 2221 volt
720 2189 763 2219 πὶ·
931 2189 951 2219 8
975 2188 1182 2220 decrevisset
1198 2187 1269 2219 ΗΟ
1284 2200 1290 2218 :
1315 2189 1369 2219 de-

41 2242 167 2267 cresset
180 2241 204 2276 p
222 2236 286 2268 rell.
402 2246 424 2275 9
448 2245 501 2265 me
521 2235 551 2266 ei
569 2236 585 2264 δ
674 2233 876 2264 arbitrarere
894 2231 1029 2264 Hotom.
1049 2243 1054 2262 :
1080 2233 1262 2263 arbitrarer
1278 2231 1366 2262 codd.

43 2289 80 2310 12
105 2286 156 2310 est
172 2279 244 2310 ΗΟ
261 2291 267 2310 :
291 2279 372 2320 sitp
390 2278 454 2310 rell.
582 2287 621 2317 15
646 2277 752 2308 cuivis
771 2276 801 2307 O
922 2286 957 2314 17
982 2276 1153 2306 hominum
1172 2285 1369 2314 magnorum

39 2322 125 2353 HcO
143 2335 149 2353 ε
175 2322 324 2353 omnium
342 2323 542 2362 maiorump
560 2321 626 2352 rell.
763 2330 803 2359 19
827 2320 1022 2350 industriam
1040 2318 1146 2350 HcO:
1164 2329 1215 2349 -as
1230 2324 1252 2359 p
1271 2319 1332 2349 rell.

1441 45 1457 71 ς,
1478 48 1497 76 's'
