<?xml version="1.0" encoding="UTF-8"?>
<!DOCTYPE html PUBLIC "-//W3C//DTD XHTML 1.0 Transitional//EN"
    "http://www.w3.org/TR/xhtml1/DTD/xhtml1-transitional.dtd">
<html xmlns="http://www.w3.org/1999/xhtml" xml:lang="en" lang="en">
 <head>
  <title>
</title>
<meta http-equiv="Content-Type" content="text/html;charset=utf-8" />
  <meta name='ocr-system' content='tesseract 3.04.00' />
  <meta name='ocr-capabilities' content='ocr_page ocr_carea ocr_par ocr_line ocrx_word'/>
</head>
<body>
  <div class='ocr_page' id='page_1' title='image "./orationesrecogno02ciceuoft/orationesrecogno02ciceuoft_0377.png"; bbox 0 0 1600 2704; ppageno 0'>
   <div class='ocr_carea' id='block_1_1' title="bbox 59 125 1449 167">
    <p class='ocr_par' dir='ltr' id='par_1_1' title="bbox 59 125 1449 167">
     <span class='ocr_line' id='line_1_1' title="bbox 59 125 1449 167; baseline 0.001 -4"><span class='ocrx_word' id='word_1_1' title='bbox 59 126 327 167; x_wconf 91' lang='lat' dir='ltr'>ACTIONIS</span> <span class='ocrx_word' id='word_1_2' title='bbox 349 126 410 165; x_wconf 96' lang='lat' dir='ltr'>IN</span> <span class='ocrx_word' id='word_1_3' title='bbox 433 125 478 165; x_wconf 93' lang='lat' dir='ltr'>C.</span> <span class='ocrx_word' id='word_1_4' title='bbox 499 126 742 164; x_wconf 90' lang='lat' dir='ltr'><strong>VERREM</strong></span> <span class='ocrx_word' id='word_1_5' title='bbox 765 125 1064 165; x_wconf 90' lang='lat' dir='ltr'>SECVNDAE</span> <span class='ocrx_word' id='word_1_6' title='bbox 1086 127 1190 165; x_wconf 90' lang='lat' dir='ltr'><strong>LIB.</strong></span> <span class='ocrx_word' id='word_1_7' title='bbox 1215 128 1275 166; x_wconf 89' lang='lat' dir='ltr'>IV</span> <span class='ocrx_word' id='word_1_8' title='bbox 1342 136 1388 165; x_wconf 91' lang='lat'>10</span> <span class='ocrx_word' id='word_1_9' title='bbox 1411 142 1449 165; x_wconf 85' lang='lat'>22</span> 
     </span>
    </p>
   </div>
   <div class='ocr_carea' id='block_1_2' title="bbox 59 234 1388 285">
    <p class='ocr_par' dir='ltr' id='par_1_2' title="bbox 59 234 1388 285">
     <span class='ocr_line' id='line_1_2' title="bbox 59 234 1388 285; baseline 0.002 -13"><span class='ocrx_word' id='word_1_10' title='bbox 59 234 126 285; x_wconf 90' lang='lat' dir='ltr'>qui</span> <span class='ocrx_word' id='word_1_11' title='bbox 157 234 346 273; x_wconf 88' lang='lat' dir='ltr'>maiorem</span> <span class='ocrx_word' id='word_1_12' title='bbox 375 241 577 285; x_wconf 89' lang='lat' dir='ltr'>sumptum</span> <span class='ocrx_word' id='word_1_13' title='bbox 606 247 726 284; x_wconf 90' lang='lat' dir='ltr'>quam</span> <span class='ocrx_word' id='word_1_14' title='bbox 757 234 893 284; x_wconf 90' lang='lat' dir='ltr'>quanti</span> <span class='ocrx_word' id='word_1_15' title='bbox 923 234 1088 274; x_wconf 89' lang='lat' dir='ltr'>Catonis</span> <span class='ocrx_word' id='word_1_16' title='bbox 1119 235 1165 273; x_wconf 91' lang='lat' dir='ltr'>lis</span> <span class='ocrx_word' id='word_1_17' title='bbox 1185 235 1388 274; x_wconf 87' lang='lat' dir='ltr'>aestimata</span> 
     </span>
    </p>
   </div>
   <div class='ocr_carea' id='block_1_3' title="bbox 59 298 1449 350">
    <p class='ocr_par' dir='ltr' id='par_1_3' title="bbox 59 298 1449 350">
     <span class='ocr_line' id='line_1_3' title="bbox 59 298 1449 350; baseline 0 -11"><span class='ocrx_word' id='word_1_18' title='bbox 59 307 118 339; x_wconf 89' lang='lat' dir='ltr'>est</span> <span class='ocrx_word' id='word_1_19' title='bbox 146 299 186 337; x_wconf 92' lang='lat' dir='ltr'>in</span> <span class='ocrx_word' id='word_1_20' title='bbox 216 298 461 338; x_wconf 87' lang='lat' dir='ltr'>Timarchidi</span> <span class='ocrx_word' id='word_1_21' title='bbox 489 298 699 350; x_wconf 87' lang='lat' dir='ltr'>prandium</span> <span class='ocrx_word' id='word_1_22' title='bbox 730 312 846 349; x_wconf 83' lang='lat' dir='ltr'>saepe</span> <span class='ocrx_word' id='word_1_23' title='bbox 873 300 1061 338; x_wconf 88' lang='lat' dir='ltr'>fecerunt.</span> <span class='ocrx_word' id='word_1_24' title='bbox 1121 301 1270 338; x_wconf 89' lang='lat' dir='ltr'>Verum</span> <span class='ocrx_word' id='word_1_25' title='bbox 1291 301 1388 339; x_wconf 90' lang='lat' dir='ltr'>haec</span> <span class='ocrx_word' id='word_1_26' title='bbox 1410 317 1449 348; x_wconf 83' lang='lat'>23</span> 
     </span>
    </p>
   </div>
   <div class='ocr_carea' id='block_1_4' title="bbox 0 363 1394 2230">
    <p class='ocr_par' dir='ltr' id='par_1_4' title="bbox 0 363 1394 1505">
     <span class='ocr_line' id='line_1_4' title="bbox 59 363 1389 414; baseline 0 -12"><span class='ocrx_word' id='word_1_27' title='bbox 59 363 194 402; x_wconf 87' lang='lat' dir='ltr'>civitas</span> <span class='ocrx_word' id='word_1_28' title='bbox 214 363 277 402; x_wconf 87' lang='lat' dir='ltr'>isti</span> <span class='ocrx_word' id='word_1_29' title='bbox 302 363 492 414; x_wconf 90' lang='lat' dir='ltr'>praedoni</span> <span class='ocrx_word' id='word_1_30' title='bbox 517 376 564 402; x_wconf 89' lang='lat' dir='ltr'>ac</span> <span class='ocrx_word' id='word_1_31' title='bbox 590 363 737 414; x_wconf 82' lang='lat' dir='ltr'>piratae</span> <span class='ocrx_word' id='word_1_32' title='bbox 766 363 959 403; x_wconf 86' lang='lat' dir='ltr'>Siciliensi</span> <span class='ocrx_word' id='word_1_33' title='bbox 990 364 1165 403; x_wconf 85' lang='lat' dir='ltr'>Phaselis</span> <span class='ocrx_word' id='word_1_34' title='bbox 1187 364 1283 411; x_wconf 82' lang='lat' dir='ltr'>fuit;</span> <span class='ocrx_word' id='word_1_35' title='bbox 1312 365 1389 403; x_wconf 91' lang='lat' dir='ltr'>huc</span> 
     </span>
     <span class='ocr_line' id='line_1_5' title="bbox 58 428 1392 479; baseline 0.001 -13"><span class='ocrx_word' id='word_1_36' title='bbox 58 428 193 467; x_wconf 89' lang='lat' dir='ltr'>omnia</span> <span class='ocrx_word' id='word_1_37' title='bbox 223 428 401 478; x_wconf 88' lang='lat' dir='ltr'>undique</span> <span class='ocrx_word' id='word_1_38' title='bbox 434 428 723 476; x_wconf 87' lang='lat' dir='ltr'>deferebantur,</span> <span class='ocrx_word' id='word_1_39' title='bbox 762 429 869 479; x_wconf 86' lang='lat' dir='ltr'>apud</span> <span class='ocrx_word' id='word_1_40' title='bbox 909 428 1004 467; x_wconf 86' lang='lat' dir='ltr'>istos</span> <span class='ocrx_word' id='word_1_41' title='bbox 1043 429 1392 479; x_wconf 69' lang='lat' dir='ltr'>relinquebantur,</span> 
     </span>
     <span class='ocr_line' id='line_1_6' title="bbox 22 492 1390 544; baseline 0.001 -13"><span class='ocrx_word' id='word_1_42' title='bbox 22 507 40 540; x_wconf 89' lang='lat'>5</span> <span class='ocrx_word' id='word_1_43' title='bbox 59 494 168 542; x_wconf 90' lang='lat' dir='ltr'>quod</span> <span class='ocrx_word' id='word_1_44' title='bbox 197 492 314 532; x_wconf 85' lang='lat' dir='ltr'>celari</span> <span class='ocrx_word' id='word_1_45' title='bbox 343 505 444 543; x_wconf 91' lang='lat' dir='ltr'>opus</span> <span class='ocrx_word' id='word_1_46' title='bbox 472 500 563 540; x_wconf 87' lang='lat' dir='ltr'>erat,</span> <span class='ocrx_word' id='word_1_47' title='bbox 586 493 787 532; x_wconf 84' lang='lat' dir='ltr'>habebant</span> <span class='ocrx_word' id='word_1_48' title='bbox 820 493 1036 544; x_wconf 89' lang='lat' dir='ltr'>sepositum</span> <span class='ocrx_word' id='word_1_49' title='bbox 1059 502 1096 533; x_wconf 91' lang='lat' dir='ltr'>et</span> <span class='ocrx_word' id='word_1_50' title='bbox 1117 495 1364 534; x_wconf 86' lang='lat' dir='ltr'>reconditum</span> <span class='ocrx_word' id='word_1_51' title='bbox 1381 510 1390 543; x_wconf 82' lang='lat'><strong><em>;</em></strong></span> 
     </span>
     <span class='ocr_line' id='line_1_7' title="bbox 11 556 1391 610; baseline 0.003 -16"><span class='ocrx_word' id='word_1_52' title='bbox 11 568 14 571; x_wconf 58' lang='lat'><em>⁴</em></span> <span class='ocrx_word' id='word_1_53' title='bbox 59 570 128 607; x_wconf 90' lang='lat' dir='ltr'>per</span> <span class='ocrx_word' id='word_1_54' title='bbox 147 556 242 595; x_wconf 87' lang='lat' dir='ltr'>istos</span> <span class='ocrx_word' id='word_1_55' title='bbox 263 570 364 607; x_wconf 89' lang='lat' dir='ltr'>quae</span> <span class='ocrx_word' id='word_1_56' title='bbox 385 556 542 595; x_wconf 85' lang='lat' dir='ltr'>volebat</span> <span class='ocrx_word' id='word_1_57' title='bbox 562 559 663 596; x_wconf 90' lang='lat' dir='ltr'>clam</span> <span class='ocrx_word' id='word_1_58' title='bbox 694 557 948 608; x_wconf 88' lang='lat' dir='ltr'>imponenda,</span> <span class='ocrx_word' id='word_1_59' title='bbox 974 560 1128 598; x_wconf 85' lang='lat' dir='ltr'>occulte</span> <span class='ocrx_word' id='word_1_60' title='bbox 1149 561 1391 610; x_wconf 87' lang='lat' dir='ltr'>exportanda</span> 
     </span>
     <span class='ocr_line' id='line_1_8' title="bbox 59 622 1390 673; baseline 0.002 -13"><span class='ocrx_word' id='word_1_61' title='bbox 59 622 245 669; x_wconf 70' lang='lat' dir='ltr'>curabat,</span> <span class='ocrx_word' id='word_1_62' title='bbox 274 635 416 661; x_wconf 90' lang='lat' dir='ltr'>navem</span> <span class='ocrx_word' id='word_1_63' title='bbox 445 622 619 672; x_wconf 91' lang='lat' dir='ltr'>denique</span> <span class='ocrx_word' id='word_1_64' title='bbox 649 623 872 670; x_wconf 81' lang='lat' dir='ltr'>maximam,</span> <span class='ocrx_word' id='word_1_65' title='bbox 914 636 1033 673; x_wconf 89' lang='lat' dir='ltr'>quam</span> <span class='ocrx_word' id='word_1_66' title='bbox 1066 631 1248 663; x_wconf 87' lang='lat' dir='ltr'>onustam</span> <span class='ocrx_word' id='word_1_67' title='bbox 1281 625 1390 663; x_wconf 90' lang='lat' dir='ltr'>furtis</span> 
     </span>
     <span class='ocr_line' id='line_1_9' title="bbox 59 685 1390 739; baseline 0.003 -15"><span class='ocrx_word' id='word_1_68' title='bbox 59 685 99 724; x_wconf 88' lang='lat' dir='ltr'>in</span> <span class='ocrx_word' id='word_1_69' title='bbox 121 686 276 725; x_wconf 86' lang='lat' dir='ltr'>Italiam</span> <span class='ocrx_word' id='word_1_70' title='bbox 306 686 487 734; x_wconf 90' lang='lat' dir='ltr'>mitteret,</span> <span class='ocrx_word' id='word_1_71' title='bbox 509 689 616 737; x_wconf 88' lang='lat' dir='ltr'>apud</span> <span class='ocrx_word' id='word_1_72' title='bbox 641 687 736 727; x_wconf 92' lang='lat' dir='ltr'>istos</span> <span class='ocrx_word' id='word_1_73' title='bbox 765 688 992 727; x_wconf 91' lang='lat' dir='ltr'>faciundam</span> <span class='ocrx_word' id='word_1_74' title='bbox 1021 688 1390 739; x_wconf 87' lang='lat' dir='ltr'>aedificandamque</span> 
     </span>
     <span class='ocr_line' id='line_1_10' title="bbox 59 750 1388 803; baseline 0.002 -15"><span class='ocrx_word' id='word_1_75' title='bbox 59 750 208 789; x_wconf 88' lang='lat' dir='ltr'>curavit</span> <span class='ocrx_word' id='word_1_76' title='bbox 224 765 236 799; x_wconf 72' lang='lat'>5</span> <span class='ocrx_word' id='word_1_77' title='bbox 264 764 335 801; x_wconf 91' lang='lat' dir='ltr'>pro</span> <span class='ocrx_word' id='word_1_78' title='bbox 363 751 472 790; x_wconf 90' lang='lat' dir='ltr'>hisce</span> <span class='ocrx_word' id='word_1_79' title='bbox 501 752 619 791; x_wconf 88' lang='lat' dir='ltr'>rebus</span> <span class='ocrx_word' id='word_1_80' title='bbox 643 752 795 791; x_wconf 87' lang='lat' dir='ltr'>vacatio</span> <span class='ocrx_word' id='word_1_81' title='bbox 828 754 920 792; x_wconf 90' lang='lat' dir='ltr'>data</span> <span class='ocrx_word' id='word_1_82' title='bbox 947 761 1005 792; x_wconf 88' lang='lat' dir='ltr'>est</span> <span class='ocrx_word' id='word_1_83' title='bbox 1029 753 1080 791; x_wconf 89' lang='lat' dir='ltr'>ab</span> <span class='ocrx_word' id='word_1_84' title='bbox 1101 753 1176 793; x_wconf 89' lang='lat' dir='ltr'>isto</span> <span class='ocrx_word' id='word_1_85' title='bbox 1196 762 1388 803; x_wconf 85' lang='lat' dir='ltr'>sumptus,</span> 
     </span>
     <span class='ocr_line' id='line_1_11' title="bbox 2 815 1390 868; baseline 0.003 -16"><span class='ocrx_word' id='word_1_86' title='bbox 2 830 41 852; x_wconf 93' lang='lat'>10</span> <span class='ocrx_word' id='word_1_87' title='bbox 59 815 218 863; x_wconf 88' lang='lat' dir='ltr'>laboris,</span> <span class='ocrx_word' id='word_1_88' title='bbox 249 815 421 862; x_wconf 90' lang='lat' dir='ltr'>militiae,</span> <span class='ocrx_word' id='word_1_89' title='bbox 456 829 583 855; x_wconf 92' lang='lat' dir='ltr'>rerum</span> <span class='ocrx_word' id='word_1_90' title='bbox 617 816 790 866; x_wconf 88' lang='lat' dir='ltr'>denique</span> <span class='ocrx_word' id='word_1_91' title='bbox 831 817 1039 865; x_wconf 86' lang='lat' dir='ltr'>omnium;</span> <span class='ocrx_word' id='word_1_92' title='bbox 1072 830 1140 868; x_wconf 90' lang='lat' dir='ltr'>per</span> <span class='ocrx_word' id='word_1_93' title='bbox 1177 818 1390 857; x_wconf 85' lang='lat' dir='ltr'>triennium</span> 
     </span>
     <span class='ocr_line' id='line_1_12' title="bbox 60 879 1390 932; baseline 0.002 -15"><span class='ocrx_word' id='word_1_94' title='bbox 60 879 133 918; x_wconf 89' lang='lat' dir='ltr'>soli</span> <span class='ocrx_word' id='word_1_95' title='bbox 166 893 248 918; x_wconf 92' lang='lat' dir='ltr'>non</span> <span class='ocrx_word' id='word_1_96' title='bbox 282 881 404 919; x_wconf 92' lang='lat' dir='ltr'>modo</span> <span class='ocrx_word' id='word_1_97' title='bbox 436 880 477 918; x_wconf 92' lang='lat' dir='ltr'>in</span> <span class='ocrx_word' id='word_1_98' title='bbox 509 880 639 919; x_wconf 82' lang='lat' dir='ltr'>Sicilia</span> <span class='ocrx_word' id='word_1_99' title='bbox 670 894 816 928; x_wconf 91' lang='lat' dir='ltr'>verum,</span> <span class='ocrx_word' id='word_1_100' title='bbox 850 889 893 919; x_wconf 91' lang='lat' dir='ltr'>ut</span> <span class='ocrx_word' id='word_1_101' title='bbox 929 881 1064 932; x_wconf 90' lang='lat' dir='ltr'>opinio</span> <span class='ocrx_word' id='word_1_102' title='bbox 1099 895 1186 920; x_wconf 88' lang='lat' dir='ltr'>mea</span> <span class='ocrx_word' id='word_1_103' title='bbox 1215 883 1298 929; x_wconf 89' lang='lat' dir='ltr'>fert,</span> <span class='ocrx_word' id='word_1_104' title='bbox 1330 882 1390 920; x_wconf 90' lang='lat' dir='ltr'>his</span> 
     </span>
     <span class='ocr_line' id='line_1_13' title="bbox 60 943 1388 997; baseline 0.003 -15"><span class='ocrx_word' id='word_1_105' title='bbox 60 943 222 994; x_wconf 90' lang='lat' dir='ltr'>quidem</span> <span class='ocrx_word' id='word_1_106' title='bbox 253 945 497 995; x_wconf 82' lang='lat' dir='ltr'>temporibus</span> <span class='ocrx_word' id='word_1_107' title='bbox 527 945 568 984; x_wconf 91' lang='lat' dir='ltr'>in</span> <span class='ocrx_word' id='word_1_108' title='bbox 593 945 703 985; x_wconf 91' lang='lat' dir='ltr'>omni</span> <span class='ocrx_word' id='word_1_109' title='bbox 728 946 823 985; x_wconf 90' lang='lat' dir='ltr'>orbe</span> <span class='ocrx_word' id='word_1_110' title='bbox 846 954 1032 985; x_wconf 87' lang='lat' dir='ltr'>terrarum</span> <span class='ocrx_word' id='word_1_111' title='bbox 1054 947 1177 994; x_wconf 81' lang='lat' dir='ltr'>vacui,</span> <span class='ocrx_word' id='word_1_112' title='bbox 1201 955 1388 997; x_wconf 86' lang='lat' dir='ltr'>expertes,</span> 
     </span>
     <span class='ocr_line' id='line_1_14' title="bbox 60 1009 1388 1062; baseline 0.001 -14"><span class='ocrx_word' id='word_1_113' title='bbox 60 1009 178 1048; x_wconf 89' lang='lat' dir='ltr'>soluti</span> <span class='ocrx_word' id='word_1_114' title='bbox 206 1022 252 1048; x_wconf 90' lang='lat' dir='ltr'>ac</span> <span class='ocrx_word' id='word_1_115' title='bbox 282 1010 393 1049; x_wconf 91' lang='lat' dir='ltr'>liberi</span> <span class='ocrx_word' id='word_1_116' title='bbox 419 1011 576 1049; x_wconf 89' lang='lat' dir='ltr'>fuerunt</span> <span class='ocrx_word' id='word_1_117' title='bbox 599 1012 650 1050; x_wconf 90' lang='lat' dir='ltr'>ab</span> <span class='ocrx_word' id='word_1_118' title='bbox 677 1010 786 1050; x_wconf 89' lang='lat' dir='ltr'>omni</span> <span class='ocrx_word' id='word_1_119' title='bbox 808 1019 977 1062; x_wconf 88' lang='lat' dir='ltr'>sumptu,</span> <span class='ocrx_word' id='word_1_120' title='bbox 1002 1011 1191 1058; x_wconf 87' lang='lat' dir='ltr'>molestia,</span> <span class='ocrx_word' id='word_1_121' title='bbox 1216 1025 1388 1050; x_wconf 91' lang='lat' dir='ltr'>munere.</span> 
     </span>
     <span class='ocr_line' id='line_1_15' title="bbox 62 1074 1392 1126; baseline 0.003 -14"><span class='ocrx_word' id='word_1_122' title='bbox 62 1074 169 1113; x_wconf 90' lang='lat' dir='ltr'>Hinc</span> <span class='ocrx_word' id='word_1_123' title='bbox 203 1075 268 1114; x_wconf 87' lang='lat' dir='ltr'>illa</span> <span class='ocrx_word' id='word_1_124' title='bbox 299 1075 435 1114; x_wconf 88' lang='lat' dir='ltr'>Verria</span> <span class='ocrx_word' id='word_1_125' title='bbox 465 1083 558 1114; x_wconf 88' lang='lat' dir='ltr'>nata</span> <span class='ocrx_word' id='word_1_126' title='bbox 588 1083 690 1123; x_wconf 89' lang='lat' dir='ltr'>sunt,</span> <span class='ocrx_word' id='word_1_127' title='bbox 727 1078 836 1126; x_wconf 90' lang='lat' dir='ltr'>quod</span> <span class='ocrx_word' id='word_1_128' title='bbox 867 1076 907 1114; x_wconf 92' lang='lat' dir='ltr'>in</span> <span class='ocrx_word' id='word_1_129' title='bbox 942 1076 1167 1115; x_wconf 90' lang='lat' dir='ltr'>convivium</span> <span class='ocrx_word' id='word_1_130' title='bbox 1199 1078 1284 1116; x_wconf 84' lang='lat' dir='ltr'>Sex.</span> <span class='ocrx_word' id='word_1_131' title='bbox 1318 1077 1392 1116; x_wconf 91' lang='lat' dir='ltr'>Co-</span> 
     </span>
     <span class='ocr_line' id='line_1_16' title="bbox 4 1139 1392 1192; baseline 0.002 -15"><span class='ocrx_word' id='word_1_132' title='bbox 4 1152 43 1184; x_wconf 88' lang='lat'>15</span> <span class='ocrx_word' id='word_1_133' title='bbox 63 1139 230 1178; x_wconf 90' lang='lat' dir='ltr'>minium</span> <span class='ocrx_word' id='word_1_134' title='bbox 259 1140 432 1190; x_wconf 85' lang='lat' dir='ltr'>protrahi</span> <span class='ocrx_word' id='word_1_135' title='bbox 462 1140 586 1189; x_wconf 90' lang='lat' dir='ltr'>iussit,</span> <span class='ocrx_word' id='word_1_136' title='bbox 616 1141 656 1180; x_wconf 94' lang='lat' dir='ltr'>in</span> <span class='ocrx_word' id='word_1_137' title='bbox 687 1154 806 1192; x_wconf 91' lang='lat' dir='ltr'>quem</span> <span class='ocrx_word' id='word_1_138' title='bbox 837 1143 1028 1192; x_wconf 84' lang='lat' dir='ltr'>scyphum</span> <span class='ocrx_word' id='word_1_139' title='bbox 1054 1142 1104 1180; x_wconf 87' lang='lat' dir='ltr'>de</span> <span class='ocrx_word' id='word_1_140' title='bbox 1125 1155 1244 1180; x_wconf 89' lang='lat' dir='ltr'>manu</span> <span class='ocrx_word' id='word_1_141' title='bbox 1266 1142 1392 1181; x_wconf 85' lang='lat' dir='ltr'>iacere</span> 
     </span>
     <span class='ocr_line' id='line_1_17' title="bbox 61 1206 1393 1257; baseline 0.001 -12"><span class='ocrx_word' id='word_1_142' title='bbox 61 1213 226 1245; x_wconf 88' lang='lat' dir='ltr'>conatus</span> <span class='ocrx_word' id='word_1_143' title='bbox 247 1213 315 1253; x_wconf 89' lang='lat' dir='ltr'>est,</span> <span class='ocrx_word' id='word_1_144' title='bbox 339 1218 458 1255; x_wconf 92' lang='lat' dir='ltr'>quem</span> <span class='ocrx_word' id='word_1_145' title='bbox 489 1207 645 1245; x_wconf 88' lang='lat' dir='ltr'>obtorta</span> <span class='ocrx_word' id='word_1_146' title='bbox 673 1207 763 1257; x_wconf 88' lang='lat' dir='ltr'>gula</span> <span class='ocrx_word' id='word_1_147' title='bbox 792 1207 842 1246; x_wconf 91' lang='lat' dir='ltr'>de</span> <span class='ocrx_word' id='word_1_148' title='bbox 863 1206 1045 1245; x_wconf 87' lang='lat' dir='ltr'>convivio</span> <span class='ocrx_word' id='word_1_149' title='bbox 1066 1206 1105 1245; x_wconf 92' lang='lat' dir='ltr'>in</span> <span class='ocrx_word' id='word_1_150' title='bbox 1126 1207 1255 1245; x_wconf 84' lang='lat' dir='ltr'>vincla</span> <span class='ocrx_word' id='word_1_151' title='bbox 1274 1215 1393 1257; x_wconf 83' lang='lat' dir='ltr'>atque</span> 
     </span>
     <span class='ocr_line' id='line_1_18' title="bbox 62 1268 1391 1321; baseline 0.001 -13"><span class='ocrx_word' id='word_1_152' title='bbox 62 1269 101 1308; x_wconf 91' lang='lat' dir='ltr'>in</span> <span class='ocrx_word' id='word_1_153' title='bbox 122 1269 303 1308; x_wconf 86' lang='lat' dir='ltr'>tenebras</span> <span class='ocrx_word' id='word_1_154' title='bbox 325 1269 451 1321; x_wconf 91' lang='lat' dir='ltr'>abripi</span> <span class='ocrx_word' id='word_1_155' title='bbox 474 1268 584 1308; x_wconf 89' lang='lat' dir='ltr'>iussit</span> <span class='ocrx_word' id='word_1_156' title='bbox 600 1284 610 1317; x_wconf 82' lang='lat'>;</span> <span class='ocrx_word' id='word_1_157' title='bbox 639 1270 731 1308; x_wconf 93' lang='lat' dir='ltr'>hinc</span> <span class='ocrx_word' id='word_1_158' title='bbox 752 1269 816 1308; x_wconf 89' lang='lat' dir='ltr'>illa</span> <span class='ocrx_word' id='word_1_159' title='bbox 843 1283 936 1308; x_wconf 88' lang='lat' dir='ltr'>crux</span> <span class='ocrx_word' id='word_1_160' title='bbox 963 1270 1003 1308; x_wconf 93' lang='lat' dir='ltr'>in</span> <span class='ocrx_word' id='word_1_161' title='bbox 1032 1283 1152 1320; x_wconf 90' lang='lat' dir='ltr'>quam</span> <span class='ocrx_word' id='word_1_162' title='bbox 1173 1270 1245 1309; x_wconf 90' lang='lat' dir='ltr'>iste</span> <span class='ocrx_word' id='word_1_163' title='bbox 1266 1271 1391 1309; x_wconf 83' lang='lat' dir='ltr'>civem</span> 
     </span>
     <span class='ocr_line' id='line_1_19' title="bbox 0 1334 1392 1386; baseline 0.001 -14"><span class='ocrx_word' id='word_1_164' title='bbox 0 1350 9 1353; x_wconf 81' lang='grc'>-</span> <span class='ocrx_word' id='word_1_165' title='bbox 40 1335 292 1378; x_wconf 85' lang='lat' dir='ltr'>‚Romanum</span> <span class='ocrx_word' id='word_1_166' title='bbox 323 1334 456 1373; x_wconf 90' lang='lat' dir='ltr'>multis</span> <span class='ocrx_word' id='word_1_167' title='bbox 488 1334 800 1386; x_wconf 89' lang='lat' dir='ltr'>inspectantibus</span> <span class='ocrx_word' id='word_1_168' title='bbox 830 1335 999 1382; x_wconf 81' lang='lat' dir='ltr'>sustulit,</span> <span class='ocrx_word' id='word_1_169' title='bbox 1020 1348 1139 1385; x_wconf 90' lang='lat' dir='ltr'>quam</span> <span class='ocrx_word' id='word_1_170' title='bbox 1170 1348 1250 1374; x_wconf 90' lang='lat' dir='ltr'>non</span> <span class='ocrx_word' id='word_1_171' title='bbox 1275 1348 1392 1374; x_wconf 89' lang='lat' dir='ltr'>ausus</span> 
     </span>
     <span class='ocr_line' id='line_1_20' title="bbox 0 1393 1394 1451; baseline 0.001 -14"><span class='ocrx_word' id='word_1_172' title='bbox 0 1393 16 1398; x_wconf 34' lang='grc' dir='ltr'><strong>ν</strong></span> <span class='ocrx_word' id='word_1_173' title='bbox 62 1407 120 1438; x_wconf 90' lang='lat' dir='ltr'>est</span> <span class='ocrx_word' id='word_1_174' title='bbox 141 1412 308 1449; x_wconf 90' lang='lat' dir='ltr'>usquam</span> <span class='ocrx_word' id='word_1_175' title='bbox 330 1400 500 1450; x_wconf 84' lang='lat' dir='ltr'>defigere</span> <span class='ocrx_word' id='word_1_176' title='bbox 522 1400 597 1438; x_wconf 86' lang='lat' dir='ltr'>nisi</span> <span class='ocrx_word' id='word_1_177' title='bbox 617 1402 723 1450; x_wconf 90' lang='lat' dir='ltr'>apud</span> <span class='ocrx_word' id='word_1_178' title='bbox 744 1414 812 1439; x_wconf 93' lang='lat' dir='ltr'>eos</span> <span class='ocrx_word' id='word_1_179' title='bbox 833 1400 1072 1451; x_wconf 88' lang='lat' dir='ltr'>quibuscum</span> <span class='ocrx_word' id='word_1_180' title='bbox 1093 1400 1227 1439; x_wconf 90' lang='lat' dir='ltr'>omnia</span> <span class='ocrx_word' id='word_1_181' title='bbox 1248 1401 1394 1439; x_wconf 86' lang='lat' dir='ltr'>scelera</span> 
     </span>
     <span class='ocr_line' id='line_1_21' title="bbox 5 1464 761 1505; baseline -0.003 0"><span class='ocrx_word' id='word_1_182' title='bbox 5 1481 45 1505; x_wconf 82' lang='lat'>20</span> <span class='ocrx_word' id='word_1_183' title='bbox 63 1477 133 1503; x_wconf 89' lang='lat' dir='ltr'>sua</span> <span class='ocrx_word' id='word_1_184' title='bbox 153 1477 198 1502; x_wconf 92' lang='lat' dir='ltr'>ac</span> <span class='ocrx_word' id='word_1_185' title='bbox 219 1464 423 1503; x_wconf 89' lang='lat' dir='ltr'>latrocinia</span> <span class='ocrx_word' id='word_1_186' title='bbox 443 1464 761 1504; x_wconf 85' lang='lat' dir='ltr'>communicavit.</span> 
     </span>
    </p>

    <p class='ocr_par' dir='ltr' id='par_1_5' title="bbox 63 1529 1394 1776">
     <span class='ocr_line' id='line_1_22' title="bbox 118 1529 1394 1580; baseline 0.001 -13"><span class='ocrx_word' id='word_1_187' title='bbox 118 1530 342 1568; x_wconf 88' lang='lat' dir='ltr'>Laudatum</span> <span class='ocrx_word' id='word_1_188' title='bbox 359 1529 478 1568; x_wconf 87' lang='lat' dir='ltr'>etiam</span> <span class='ocrx_word' id='word_1_189' title='bbox 494 1542 563 1568; x_wconf 90' lang='lat' dir='ltr'>vos</span> <span class='ocrx_word' id='word_1_190' title='bbox 580 1542 821 1580; x_wconf 89' lang='lat' dir='ltr'>quemquam</span> <span class='ocrx_word' id='word_1_191' title='bbox 838 1529 1008 1568; x_wconf 86' lang='lat' dir='ltr'>venitis?</span> <span class='ocrx_word' id='word_1_192' title='bbox 1036 1542 1114 1579; x_wconf 91' lang='lat' dir='ltr'>qua</span> <span class='ocrx_word' id='word_1_193' title='bbox 1134 1531 1394 1568; x_wconf 89' lang='lat' dir='ltr'>auctoritate?</span> 
     </span>
     <span class='ocr_line' id='line_1_23' title="bbox 63 1595 1394 1646; baseline 0.001 -14"><span class='ocrx_word' id='word_1_194' title='bbox 63 1602 193 1633; x_wconf 89' lang='lat' dir='ltr'>utrum</span> <span class='ocrx_word' id='word_1_195' title='bbox 223 1607 343 1645; x_wconf 92' lang='lat' dir='ltr'>quam</span> <span class='ocrx_word' id='word_1_196' title='bbox 373 1595 480 1645; x_wconf 92' lang='lat' dir='ltr'>apud</span> <span class='ocrx_word' id='word_1_197' title='bbox 510 1602 691 1633; x_wconf 89' lang='lat' dir='ltr'>senatum</span> <span class='ocrx_word' id='word_1_198' title='bbox 720 1608 771 1633; x_wconf 92' lang='lat' dir='ltr'>an</span> <span class='ocrx_word' id='word_1_199' title='bbox 805 1608 925 1646; x_wconf 90' lang='lat' dir='ltr'>quam</span> <span class='ocrx_word' id='word_1_200' title='bbox 959 1596 1065 1645; x_wconf 89' lang='lat' dir='ltr'>apud</span> <span class='ocrx_word' id='word_1_201' title='bbox 1092 1597 1284 1646; x_wconf 90' lang='lat' dir='ltr'>populum</span> <span class='ocrx_word' id='word_1_202' title='bbox 1316 1597 1394 1633; x_wconf 92' lang='lat' dir='ltr'>Ro-</span> 
     </span>
     <span class='ocr_line' id='line_1_24' title="bbox 63 1659 1392 1710; baseline -0.002 -11"><span class='ocrx_word' id='word_1_203' title='bbox 63 1673 225 1699; x_wconf 87' lang='lat' dir='ltr'>manum</span> <span class='ocrx_word' id='word_1_204' title='bbox 246 1660 392 1698; x_wconf 90' lang='lat' dir='ltr'>habere</span> <span class='ocrx_word' id='word_1_205' title='bbox 413 1659 599 1699; x_wconf 88' lang='lat' dir='ltr'>debetis?</span> <span class='ocrx_word' id='word_1_206' title='bbox 656 1661 794 1710; x_wconf 92' lang='lat' dir='ltr'>Ecqua</span> <span class='ocrx_word' id='word_1_207' title='bbox 823 1660 958 1698; x_wconf 88' lang='lat' dir='ltr'>civitas</span> <span class='ocrx_word' id='word_1_208' title='bbox 988 1668 1057 1707; x_wconf 89' lang='lat' dir='ltr'>est,</span> <span class='ocrx_word' id='word_1_209' title='bbox 1090 1673 1170 1698; x_wconf 90' lang='lat' dir='ltr'>non</span> <span class='ocrx_word' id='word_1_210' title='bbox 1201 1661 1323 1699; x_wconf 90' lang='lat' dir='ltr'>modo</span> <span class='ocrx_word' id='word_1_211' title='bbox 1353 1660 1392 1697; x_wconf 91' lang='lat' dir='ltr'>in</span> 
     </span>
     <span class='ocr_line' id='line_1_25' title="bbox 64 1724 1392 1776; baseline -0.001 -13"><span class='ocrx_word' id='word_1_212' title='bbox 64 1724 274 1776; x_wconf 87' lang='lat' dir='ltr'>provinciis</span> <span class='ocrx_word' id='word_1_213' title='bbox 314 1724 457 1763; x_wconf 89' lang='lat' dir='ltr'>nostris</span> <span class='ocrx_word' id='word_1_214' title='bbox 492 1738 628 1763; x_wconf 89' lang='lat' dir='ltr'>verum</span> <span class='ocrx_word' id='word_1_215' title='bbox 666 1725 706 1763; x_wconf 90' lang='lat' dir='ltr'>in</span> <span class='ocrx_word' id='word_1_216' title='bbox 741 1724 889 1763; x_wconf 89' lang='lat' dir='ltr'>ultimis</span> <span class='ocrx_word' id='word_1_217' title='bbox 928 1724 1166 1771; x_wconf 84' lang='lat' dir='ltr'>nationibus,</span> <span class='ocrx_word' id='word_1_218' title='bbox 1207 1733 1273 1762; x_wconf 92' lang='lat' dir='ltr'>aut</span> <span class='ocrx_word' id='word_1_219' title='bbox 1312 1732 1392 1762; x_wconf 88' lang='lat' dir='ltr'>tam</span> 
     </span>
    </p>

    <p class='ocr_par' dir='ltr' id='par_1_6' title="bbox 0 1789 1393 2230">
     <span class='ocr_line' id='line_1_26' title="bbox 5 1789 1390 1842; baseline -0.001 -13"><span class='ocrx_word' id='word_1_220' title='bbox 5 1804 43 1838; x_wconf 85' lang='lat'>25</span> <span class='ocrx_word' id='word_1_221' title='bbox 64 1799 205 1842; x_wconf 91' lang='lat' dir='ltr'>potens</span> <span class='ocrx_word' id='word_1_222' title='bbox 234 1797 301 1828; x_wconf 89' lang='lat' dir='ltr'>aut</span> <span class='ocrx_word' id='word_1_223' title='bbox 331 1797 411 1828; x_wconf 89' lang='lat' dir='ltr'>tam</span> <span class='ocrx_word' id='word_1_224' title='bbox 441 1789 563 1828; x_wconf 89' lang='lat' dir='ltr'>libera</span> <span class='ocrx_word' id='word_1_225' title='bbox 591 1796 659 1828; x_wconf 89' lang='lat' dir='ltr'>aut</span> <span class='ocrx_word' id='word_1_226' title='bbox 686 1789 805 1828; x_wconf 89' lang='lat' dir='ltr'>etiam</span> <span class='ocrx_word' id='word_1_227' title='bbox 836 1797 916 1828; x_wconf 84' lang='lat' dir='ltr'>tam</span> <span class='ocrx_word' id='word_1_228' title='bbox 945 1789 1129 1828; x_wconf 87' lang='lat' dir='ltr'>immanis</span> <span class='ocrx_word' id='word_1_229' title='bbox 1149 1802 1194 1828; x_wconf 91' lang='lat' dir='ltr'>ac</span> <span class='ocrx_word' id='word_1_230' title='bbox 1215 1789 1390 1835; x_wconf 86' lang='lat' dir='ltr'>barbara,</span> 
     </span>
     <span class='ocr_line' id='line_1_27' title="bbox 64 1854 1393 1906; baseline -0.002 -12"><span class='ocrx_word' id='word_1_231' title='bbox 64 1869 129 1895; x_wconf 87' lang='lat' dir='ltr'>rex</span> <span class='ocrx_word' id='word_1_232' title='bbox 150 1855 322 1905; x_wconf 91' lang='lat' dir='ltr'>denique</span> <span class='ocrx_word' id='word_1_233' title='bbox 350 1854 485 1905; x_wconf 89' lang='lat' dir='ltr'>ecquis</span> <span class='ocrx_word' id='word_1_234' title='bbox 512 1862 571 1893; x_wconf 88' lang='lat' dir='ltr'>est</span> <span class='ocrx_word' id='word_1_235' title='bbox 597 1854 665 1904; x_wconf 89' lang='lat' dir='ltr'>qui</span> <span class='ocrx_word' id='word_1_236' title='bbox 693 1863 914 1893; x_wconf 88' lang='lat' dir='ltr'>senatorem</span> <span class='ocrx_word' id='word_1_237' title='bbox 935 1855 1071 1906; x_wconf 92' lang='lat' dir='ltr'>populi</span> <span class='ocrx_word' id='word_1_238' title='bbox 1094 1854 1267 1893; x_wconf 89' lang='lat' dir='ltr'>Romani</span> <span class='ocrx_word' id='word_1_239' title='bbox 1288 1861 1393 1893; x_wconf 87' lang='lat' dir='ltr'>tecto</span> 
     </span>
     <span class='ocr_line' id='line_1_28' title="bbox 0 1913 1391 1969; baseline 0.001 -14"><span class='ocrx_word' id='word_1_240' title='bbox 0 1913 2 1955; x_wconf 70' lang='lat' dir='ltr'>l</span> <span class='ocrx_word' id='word_1_241' title='bbox 63 1933 108 1958; x_wconf 91' lang='lat' dir='ltr'>ac</span> <span class='ocrx_word' id='word_1_242' title='bbox 124 1922 247 1959; x_wconf 91' lang='lat' dir='ltr'>domo</span> <span class='ocrx_word' id='word_1_243' title='bbox 268 1933 349 1958; x_wconf 91' lang='lat' dir='ltr'>non</span> <span class='ocrx_word' id='word_1_244' title='bbox 370 1919 539 1958; x_wconf 87' lang='lat' dir='ltr'>invitet?</span> <span class='ocrx_word' id='word_1_245' title='bbox 569 1918 637 1969; x_wconf 90' lang='lat' dir='ltr'>qui</span> <span class='ocrx_word' id='word_1_246' title='bbox 657 1920 785 1958; x_wconf 93' lang='lat' dir='ltr'>honos</span> <span class='ocrx_word' id='word_1_247' title='bbox 807 1933 888 1958; x_wconf 89' lang='lat' dir='ltr'>non</span> <span class='ocrx_word' id='word_1_248' title='bbox 904 1919 1056 1957; x_wconf 89' lang='lat' dir='ltr'>homini</span> <span class='ocrx_word' id='word_1_249' title='bbox 1070 1921 1197 1957; x_wconf 90' lang='lat' dir='ltr'>solum</span> <span class='ocrx_word' id='word_1_250' title='bbox 1214 1919 1391 1965; x_wconf 88' lang='lat' dir='ltr'>habetur,</span> 
     </span>
     <span class='ocr_line' id='line_1_29' title="bbox 63 1983 1393 2035; baseline -0.003 -11"><span class='ocrx_word' id='word_1_251' title='bbox 63 1986 133 2024; x_wconf 87' lang='lat' dir='ltr'>sed</span> <span class='ocrx_word' id='word_1_252' title='bbox 163 1985 333 2035; x_wconf 92' lang='lat' dir='ltr'>primum</span> <span class='ocrx_word' id='word_1_253' title='bbox 364 1986 514 2034; x_wconf 94' lang='lat' dir='ltr'>populo</span> <span class='ocrx_word' id='word_1_254' title='bbox 545 1985 742 2031; x_wconf 89' lang='lat' dir='ltr'>Romano,</span> <span class='ocrx_word' id='word_1_255' title='bbox 766 1984 877 2022; x_wconf 90' lang='lat' dir='ltr'>cuius</span> <span class='ocrx_word' id='word_1_256' title='bbox 907 1983 1102 2022; x_wconf 86' lang='lat' dir='ltr'>beneficio</span> <span class='ocrx_word' id='word_1_257' title='bbox 1133 1996 1204 2023; x_wconf 92' lang='lat' dir='ltr'>nos</span> <span class='ocrx_word' id='word_1_258' title='bbox 1226 1985 1265 2020; x_wconf 89' lang='lat' dir='ltr'>in</span> <span class='ocrx_word' id='word_1_259' title='bbox 1287 1984 1393 2021; x_wconf 90' lang='lat' dir='ltr'>hunc</span> 
     </span>
     <span class='ocr_line' id='line_1_30' title="bbox 63 2047 1392 2097; baseline -0.002 -9"><span class='ocrx_word' id='word_1_260' title='bbox 63 2050 243 2088; x_wconf 89' lang='lat' dir='ltr'>ordinem</span> <span class='ocrx_word' id='word_1_261' title='bbox 281 2048 472 2095; x_wconf 81' lang='lat' dir='ltr'>venimus,</span> <span class='ocrx_word' id='word_1_262' title='bbox 514 2048 660 2087; x_wconf 90' lang='lat' dir='ltr'>deinde</span> <span class='ocrx_word' id='word_1_263' title='bbox 698 2048 846 2087; x_wconf 88' lang='lat' dir='ltr'>ordinis</span> <span class='ocrx_word' id='word_1_264' title='bbox 891 2047 1122 2093; x_wconf 90' lang='lat' dir='ltr'>auctoritati,</span> <span class='ocrx_word' id='word_1_265' title='bbox 1173 2060 1273 2097; x_wconf 93' lang='lat' dir='ltr'>quae</span> <span class='ocrx_word' id='word_1_266' title='bbox 1317 2047 1392 2085; x_wconf 88' lang='lat' dir='ltr'>nisi</span> 
     </span>
     <span class='ocr_line' id='line_1_31' title="bbox 26 2111 1392 2165; baseline -0.003 -12"><span class='ocrx_word' id='word_1_267' title='bbox 26 2130 45 2152; x_wconf 94' lang='lat'><em>0</em></span> <span class='ocrx_word' id='word_1_268' title='bbox 64 2115 187 2165; x_wconf 87' lang='lat' dir='ltr'>gravis</span> <span class='ocrx_word' id='word_1_269' title='bbox 219 2114 289 2153; x_wconf 91' lang='lat' dir='ltr'>erit</span> <span class='ocrx_word' id='word_1_270' title='bbox 318 2115 425 2164; x_wconf 90' lang='lat' dir='ltr'>apud</span> <span class='ocrx_word' id='word_1_271' title='bbox 455 2113 583 2152; x_wconf 88' lang='lat' dir='ltr'>socios</span> <span class='ocrx_word' id='word_1_272' title='bbox 613 2120 651 2152; x_wconf 88' lang='lat' dir='ltr'>et</span> <span class='ocrx_word' id='word_1_273' title='bbox 676 2120 824 2151; x_wconf 86' lang='lat' dir='ltr'>exteras</span> <span class='ocrx_word' id='word_1_274' title='bbox 855 2113 1046 2159; x_wconf 87' lang='lat' dir='ltr'>nationes,</span> <span class='ocrx_word' id='word_1_275' title='bbox 1070 2112 1138 2150; x_wconf 91' lang='lat' dir='ltr'>ubi</span> <span class='ocrx_word' id='word_1_276' title='bbox 1163 2111 1392 2162; x_wconf 14' lang='lat' dir='ltr'>eritssimperi</span> 
     </span>
     <span class='ocr_line' id='line_1_32' title="bbox 13 2172 1388 2230; baseline -0.002 -13"><span class='ocrx_word' id='word_1_277' title='bbox 13 2172 25 2184; x_wconf 70' lang='lat'><em>⁶</em></span> <span class='ocrx_word' id='word_1_278' title='bbox 64 2193 211 2219; x_wconf 91' lang='lat' dir='ltr'>nomen</span> <span class='ocrx_word' id='word_1_279' title='bbox 232 2187 270 2219; x_wconf 90' lang='lat' dir='ltr'>et</span> <span class='ocrx_word' id='word_1_280' title='bbox 290 2179 489 2230; x_wconf 85' lang='lat' dir='ltr'>dignitas?</span> <span class='ocrx_word' id='word_1_281' title='bbox 546 2177 775 2216; x_wconf 88' lang='lat' dir='ltr'>Mamertini</span> <span class='ocrx_word' id='word_1_282' title='bbox 795 2191 858 2217; x_wconf 88' lang='lat' dir='ltr'>me</span> <span class='ocrx_word' id='word_1_283' title='bbox 880 2178 1038 2228; x_wconf 89' lang='lat' dir='ltr'>publice</span> <span class='ocrx_word' id='word_1_284' title='bbox 1065 2190 1146 2216; x_wconf 91' lang='lat' dir='ltr'>non</span> <span class='ocrx_word' id='word_1_285' title='bbox 1167 2176 1388 2215; x_wconf 81' lang='lat' dir='ltr'>invitarunt.</span> 
     </span>
    </p>
   </div>
   <div class='ocr_carea' id='block_1_5' title="bbox 66 2279 1391 2367">
    <p class='ocr_par' dir='ltr' id='par_1_7' title="bbox 66 2279 1391 2367">
     <span class='ocr_line' id='line_1_33' title="bbox 107 2279 1391 2323; baseline -0.003 -8"><span class='ocrx_word' id='word_1_286' title='bbox 107 2285 126 2315; x_wconf 89' lang='lat'>8</span> <span class='ocrx_word' id='word_1_287' title='bbox 150 2284 337 2315; x_wconf 84' lang='lat' dir='ltr'>faciendam</span> <span class='ocrx_word' id='word_1_288' title='bbox 349 2283 657 2322; x_wconf 84' lang='lat' dir='ltr'>aedificandamque</span> <span class='ocrx_word' id='word_1_289' title='bbox 665 2283 708 2322; x_wconf 68' lang='grc' dir='ltr'>ρδ</span> <span class='ocrx_word' id='word_1_290' title='bbox 721 2294 726 2313; x_wconf 89' lang='grc'>;</span> <span class='ocrx_word' id='word_1_291' title='bbox 753 2282 1008 2322; x_wconf 83' lang='lat' dir='ltr'>faciundamque</span> <span class='ocrx_word' id='word_1_292' title='bbox 1026 2281 1069 2323; x_wconf 86' lang='lat' dir='ltr'>R,</span> <span class='ocrx_word' id='word_1_293' title='bbox 1085 2282 1287 2320; x_wconf 87' lang='lat' dir='ltr'>-endamque</span> <span class='ocrx_word' id='word_1_294' title='bbox 1299 2279 1328 2310; x_wconf 86' lang='lat' dir='ltr'>S</span> <span class='ocrx_word' id='word_1_295' title='bbox 1339 2279 1391 2321; x_wconf 87' lang='lat' dir='ltr'>(cf.</span> 
     </span>
     <span class='ocr_line' id='line_1_34' title="bbox 66 2324 1390 2367; baseline -0.004 -9"><span class='ocrx_word' id='word_1_296' title='bbox 66 2330 81 2364; x_wconf 82' lang='lat'>§</span> <span class='ocrx_word' id='word_1_297' title='bbox 103 2329 177 2367; x_wconf 54' lang='lat'>103)</span> <span class='ocrx_word' id='word_1_298' title='bbox 301 2338 338 2366; x_wconf 88' lang='lat'>14</span> <span class='ocrx_word' id='word_1_299' title='bbox 363 2328 452 2367; x_wconf 88' lang='lat' dir='ltr'>quod</span> <span class='ocrx_word' id='word_1_300' title='bbox 472 2325 584 2358; x_wconf 85' lang='lat' dir='ltr'>codd.:</span> <span class='ocrx_word' id='word_1_301' title='bbox 609 2336 683 2357; x_wconf 88' lang='lat' dir='ltr'>cum</span> <span class='ocrx_word' id='word_1_302' title='bbox 701 2324 1020 2357; x_wconf 75' lang='lat' dir='ltr'>Richter-Eberhard</span> <span class='ocrx_word' id='word_1_303' title='bbox 1149 2335 1190 2365; x_wconf 84' lang='lat'>23</span> <span class='ocrx_word' id='word_1_304' title='bbox 1214 2325 1313 2355; x_wconf 90' lang='lat' dir='ltr'>modo</span> <span class='ocrx_word' id='word_1_305' title='bbox 1330 2325 1390 2353; x_wconf 83' lang='grc' dir='ltr'>πδ;</span> 
     </span>
    </p>
   </div>
   <div class='ocr_carea' id='block_1_6' title="bbox 64 2371 1302 2446">
    <p class='ocr_par' dir='ltr' id='par_1_8' title="bbox 64 2371 1302 2446">
     <span class='ocr_line' id='line_1_35' title="bbox 64 2371 211 2402; baseline 0.007 -1"><span class='ocrx_word' id='word_1_306' title='bbox 64 2381 128 2401; x_wconf 84' lang='lat' dir='ltr'>om.</span> <span class='ocrx_word' id='word_1_307' title='bbox 147 2371 211 2402; x_wconf 83' lang='lat' dir='ltr'>RS</span> 
     </span>
     <span class='ocr_line' id='line_1_36' title="bbox 108 2413 1302 2446; baseline -0.003 0"><span class='ocrx_word' id='word_1_308' title='bbox 108 2424 169 2446; x_wconf 87' lang='lat' dir='ltr'>c1c.</span> <span class='ocrx_word' id='word_1_309' title='bbox 187 2424 267 2446; x_wconf 64' lang='lat' dir='ltr'>vna.</span> <span class='ocrx_word' id='word_1_310' title='bbox 1264 2413 1302 2442; x_wconf 76' lang='lat'>‘21</span> 
     </span>
    </p>
   </div>
   <div class='ocr_carea' id='block_1_7' title="bbox 1413 1088 1453 1119">
    <p class='ocr_par' dir='ltr' id='par_1_9' title="bbox 1413 1088 1453 1119">
     <span class='ocr_line' id='line_1_37' title="bbox 1413 1088 1453 1119; baseline 0 0"><span class='ocrx_word' id='word_1_311' title='bbox 1413 1088 1453 1119; x_wconf 82' lang='lat'>24</span> 
     </span>
    </p>
   </div>
   <div class='ocr_carea' id='block_1_8' title="bbox 1413 1540 1448 1568">
    <p class='ocr_par' dir='ltr' id='par_1_10' title="bbox 1413 1540 1448 1568">
     <span class='ocr_line' id='line_1_38' title="bbox 1413 1540 1448 1568; baseline 0 0"><span class='ocrx_word' id='word_1_312' title='bbox 1413 1540 1448 1568; x_wconf 90' lang='lat'>11</span> 
     </span>
    </p>
   </div>
   <div class='ocr_carea' id='block_1_9' title="bbox 1415 1672 1453 1704">
    <p class='ocr_par' dir='ltr' id='par_1_11' title="bbox 1415 1672 1453 1704">
     <span class='ocr_line' id='line_1_39' title="bbox 1415 1672 1453 1704; baseline 0 0"><span class='ocrx_word' id='word_1_313' title='bbox 1415 1672 1453 1704; x_wconf 88' lang='lat'>25</span> 
     </span>
    </p>
   </div>
  </div>
 </body>
</html>
