1600 2704
128 147 179 186 73
205 150 265 186 170
567 140 621 176 M.
655 139 822 176 TVLLI
854 138 1160 177 CICERONIS

200 251 397 302 Obstipui,
420 251 582 298 iudices,
604 264 695 290 cum
716 252 793 290 hoc
821 250 916 289 mihi
943 250 1112 300 primum
1140 251 1338 289 Halaesae
1366 251 1528 289 demon-

199 315 331 354 stravit
347 315 387 354 in
402 327 540 355 senatu
556 315 863 354 Halaesinorum
878 317 999 354 homo
1013 328 1169 354 summo
1185 314 1354 365 ingenio,
1373 327 1527 352 summa

198 381 416 430 prudentia,
440 394 594 419 summa
614 380 844 419 auctoritate
865 380 1074 430 praeditus,
1100 378 1337 418 Halaesinus
1358 380 1524 426 Aeneas,

196 446 259 485 cui
281 454 439 484 senatus
460 446 622 484 dederat
643 444 842 495 publicam
863 458 1022 483 causam
1044 452 1085 482 ut
1106 443 1202 482 mihi
1223 443 1406 493 fratrique
1437 456 1526 482 meo

195 510 336 561 gratias
365 518 506 560 ageret,
530 518 568 548 et
598 510 713 548 simul
743 509 810 559 qui
839 522 912 548 nos
941 523 987 548 ea
1016 523 1117 559 quae
1145 510 1197 548 ad
1227 507 1417 547 iudicium
1445 521 1526 558 per-
1545 519 1563 552 5

115 588 170 622 ¹71
196 574 365 613 tinerent
394 575 564 613 doceret.
629 574 922 612 Demonstravit
942 575 1044 611 hanc
1065 573 1174 612 istius
1195 573 1524 612 consuetudinem

194 652 240 677 ac
260 639 453 677 rationem
475 639 594 676 fuisse
612 653 619 675 ε
650 639 759 687 quod
781 638 909 676 omnis
930 638 1114 676 frumenti
1135 639 1249 688 copia
1268 639 1522 678 decumarum

195 703 356 741 nomine
377 716 498 753 penes
519 703 638 741 istum
658 710 760 740 esset
781 703 949 749 redacta,
974 702 1132 741 solitum
1153 716 1239 742 esse
1262 703 1380 741 istum
1409 716 1525 753 pecu—

194 767 300 805 niam
330 781 469 817 cogere
497 781 521 805 a
549 766 787 814 civitatibus,
809 768 1047 805 frumentum
1076 767 1307 818 improbare,
1331 776 1522 817 quantum

195 833 379 871 frumenti
400 840 502 871 esset
519 833 691 871 Romam
705 831 955 877 mittendum,
972 840 1124 870 tantum
1145 833 1196 871 de
1210 846 1281 871 suo
1297 841 1461 882 quaestu
1477 846 1522 870 ac
1546 845 1582 867 10

194 899 243 935 de
282 910 353 935 sua
390 896 505 947 eopia
544 896 726 934 frumenti
758 895 920 935 mittere.
981 898 1108 935 Posco
1146 896 1325 944 rationes,
1357 896 1522 946 inspicio

194 963 351 1009 litteras,
374 962 491 1001 video
512 961 696 1000 frumenti
715 975 879 1012 granum
904 961 1152 1009 Halaesinos,
1168 961 1311 1012 quibus
1331 975 1521 1011 sexagena

196 1027 302 1065 milia
344 1026 523 1065 modium
562 1025 751 1076 imperata
781 1034 901 1073 erant,
934 1027 1085 1064 nullum
1114 1025 1282 1073 dedisse,
1314 1025 1520 1076 pecuniam

197 1092 388 1138 Volcatio,
411 1090 667 1136 Timarchidi,
692 1090 842 1129 scribae
870 1089 1053 1128 dedisse:
1083 1089 1233 1139 reperio
1257 1103 1380 1140 genus
1406 1089 1521 1127 huius

195 1156 313 1203 modi,
338 1155 498 1202 iudices,
531 1156 711 1205 praedae,
744 1162 785 1193 ut
824 1163 987 1204 praetor,
1020 1155 1087 1204 qui
1122 1156 1359 1193 frumentum
1392 1168 1522 1193 emere
1545 1165 1579 1197 15

195 1222 351 1267 debeat,
372 1234 453 1259 non
473 1227 577 1258 emat
598 1219 668 1257 sed
688 1220 844 1265 vendat,
867 1219 1065 1269 pecunias,
1088 1232 1184 1269 quas
1206 1218 1427 1258 civitatibus
1447 1219 1522 1257 dis-

195 1286 363 1324 tribuere
383 1285 538 1331 debeat,
557 1297 621 1323 eas
643 1284 772 1322 omnis
792 1292 938 1322 avertat
958 1291 1077 1333 atque
1092 1286 1251 1322 auferat.
1311 1285 1405 1322 Non
1426 1283 1521 1322 mihi

194 1350 270 1388 iam
285 1351 442 1395 furtum,
462 1350 532 1387 sed
554 1356 773 1386 monstrum
793 1361 839 1386 ac
856 1348 1077 1398 prodigium
1093 1348 1300 1387 videbatur
1319 1347 1520 1386 civitatum

194 1416 433 1452 frumentum
454 1413 686 1463 improbare,
705 1425 818 1450 suum
841 1413 1006 1462 probare
1024 1428 1034 1459 3
1062 1426 1153 1451 cum
1170 1426 1285 1451 suum
1304 1414 1518 1464 probasset,

193 1478 361 1528 pretium
394 1478 429 1517 ei
464 1479 662 1516 frumento
689 1479 955 1525 constituere3
983 1479 1091 1527 quod
1123 1477 1400 1525 constituisset,
1430 1478 1470 1517 id
1499 1492 1521 1516 a
1543 1493 1582 1515 20

193 1543 415 1581 civitatibus
453 1544 613 1589 auferre,
655 1544 765 1593 quod
803 1556 826 1581 a
872 1545 1021 1593 populo
1071 1545 1255 1582 Romano
1292 1542 1518 1593 accepisset,

193 1616 335 1648 tenere.

246 1676 355 1723 Quot
385 1674 500 1712 vultis
530 1687 616 1712 esse
645 1674 684 1711 in
715 1686 795 1712 uno
825 1675 927 1711 furto
957 1681 1209 1723 peccatorum
1237 1674 1390 1724 gradus,
1415 1682 1467 1720 ut,
1491 1673 1521 1711 si

192 1738 353 1788 singulis
374 1739 551 1777 insistere
572 1738 700 1785 velim,
724 1738 903 1788 progredi
925 1737 996 1776 iste
1017 1752 1097 1776 non
1119 1739 1273 1788 possit?
1312 1739 1520 1789 Improbas
1596 1754 1600 1773 ε

191 1805 430 1842 frumentum
462 1803 693 1842 Siculorum.
751 1803 890 1852 Quid?
924 1805 1006 1853 ipse
1036 1805 1144 1853 quod
1175 1803 1325 1842 mittis?
1354 1803 1521 1854 peculia·
1543 1813 1600 1848 255

191 1882 271 1906 rem
302 1869 424 1907 habes
449 1868 621 1918 aliquam
650 1868 822 1906 Siciliam
852 1882 953 1918 quae
989 1868 1058 1907 tibi
1088 1883 1134 1907 ex
1172 1869 1248 1907 alio
1277 1882 1419 1918 genere
1448 1870 1521 1907 fru-

192 1941 368 1972 mentum
411 1934 662 1983 suppeditare
706 1934 859 1983 possit?
925 1935 1028 1973 Cum
1068 1942 1225 1973 senatus
1265 1934 1440 1973 decernit
1478 1942 1519 1972 ut

189 2005 340 2036 ematur
369 1998 408 2036 in
434 1998 563 2037 Sicilia
592 2000 843 2046 frumentum,
873 2007 939 2037 aut
966 2013 1057 2037 cum
1087 2001 1256 2050 populus
1286 1999 1404 2045 iubet,
1430 2000 1516 2043 hoc,

119 1653 170 1691 74

110 1713 167 1734 12

132 1712 146 1744 7

236 2112 247 2131 1
277 2101 443 2141 Obstupui
465 2102 496 2132 O
514 2102 572 2134 sol.
598 2102 720 2139 (contra
743 2103 820 2143 ch)
993 2115 1011 2140 4
1038 2102 1206 2142 publicam
1229 2103 1309 2133 VO:
1349 2102 1520 2142 publicep

189 2145 252 2175 rell.
391 2147 412 2175 6
440 2145 693 2177 Demonstravit
716 2146 764 2176 V:
789 2147 1038 2186 demonstratp
1055 2147 1120 2177 rell.
1258 2157 1274 2184 7
1299 2157 1336 2177 ac
1356 2146 1518 2177 rationem

190 2188 241 2226 Op
260 2189 322 2218 rell.
342 2199 347 2217 :
376 2199 440 2220 om.
468 2189 499 2218 V
588 2190 677 2228 quod
700 2189 761 2219 VO
778 2200 784 2219 :
809 2190 899 2229 quod
917 2194 1030 2230 cump
1047 2189 1113 2219 rell.
1129 2201 1135 2220 ε
1152 2189 1242 2229 sorte
1259 2200 1333 2220 cum
1352 2189 1402 2227 (ii,
1424 2192 1438 2226 ξ
1457 2190 1518 2225 66;

189 2230 231 2268 iii,
264 2233 279 2266 ξ
309 2231 383 2270 154)
534 2242 572 2262 10
596 2238 687 2263 esset
713 2233 810 2263 frum.
834 2233 867 2262 V
1013 2243 1049 2271 14
1074 2232 1280 2263 Timarchidi
1307 2237 1341 2263 et
1366 2231 1519 2263 Volcatio

189 2273 316 2304 scribae
351 2275 382 2303 V
480 2276 619 2306 huiusce
647 2276 688 2305 rrk
823 2277 873 2314 16,
898 2286 934 2315 17
961 2276 1083 2307 debeat
1114 2276 1197 2306 VO:
1234 2276 1376 2306 debebat
1400 2281 1424 2315 p
1453 2273 1518 2304 rell.

195 2326 231 2355 19
257 2327 352 2347 suum
373 2319 515 2356 probare
534 2318 580 2349 cO
597 2330 602 2348 :
628 2329 694 2349 om.
718 2318 766 2357 Vp
782 2318 848 2349 rell.
952 2329 1025 2350 cum
1042 2329 1140 2349 suum
1158 2319 1337 2358 probasset
1352 2318 1401 2349 cO
1420 2330 1426 2349 z
1451 2326 1515 2348 om.

185 2365 208 2397 p
226 2359 290 2390 rell.
322 2364 459 2398 ‘practer
479 2361 514 2398 V,
535 2362 566 2391 in
585 2372 648 2400 quo
664 2364 712 2392 est
727 2371 800 2391 cum
817 2372 912 2392 suum
931 2362 1135 2393 frumentum
1154 2361 1345 2402 probasset)
1480 2370 1519 2396 24

191 2403 296 2440 possit
319 2403 415 2432 VcO:
443 2409 594 2443 possctp
612 2404 676 2435 rell.
706 2404 754 2443 (ii,
774 2405 793 2439 i,
816 2408 831 2442 ξ
854 2408 929 2444 Ῑο5“
