1600 2704
70 93 337 135 ACTIONIS
358 95 419 132 IN
440 94 484 133 C.
509 95 751 141 VERREM
772 94 1071 133 SECVNDAE
1094 97 1196 134 LIB.
1221 97 1280 135 IV
1351 106 1399 144 57
1423 103 1482 134 126

69 212 373 244 monumentum
403 203 543 250 Catuli,
576 203 616 242 in
646 203 841 254 porticum
874 204 1037 251 Metelli,
1069 206 1136 244 det
1166 219 1325 256 operam
1356 217 1399 247 ut

64 269 295 308 admittatur
323 269 364 307 in
393 268 556 307 alicuius
586 267 749 307 istorum
781 270 1066 316 Tusculanum,
1090 278 1240 319 spectet
1270 272 1397 310 sorum

65 341 260 382 ornatum,
281 333 313 371 si
334 333 430 383 quid
450 333 521 372 iste
543 345 702 372 suorum
724 332 918 372 aedilibus
940 334 1226 372 commodarit:
1257 336 1397 374 Verres

64 399 161 437 haec
190 398 334 437 habeat
363 397 483 444 domi,
506 398 647 436 Verres
676 397 919 436 ornamentis
948 398 1128 436 fanorum
1149 406 1268 449 atque
1289 400 1396 450 oppi-

21 478 41 509 5
62 464 203 502 dorum
235 463 379 501 habeat
416 463 574 512 plenam
615 463 791 509 domum,
833 461 943 500 villas
983 463 1151 501 refertas.
1211 463 1396 503 Etiamne

61 527 177 583 huius
204 527 354 578 operari
384 526 513 566 studia
540 540 586 565 ac
614 526 786 574 delicias,
810 526 970 574 iudices,
994 527 1225 577 perferetis?
1255 527 1321 578 qui
1343 528 1395 566 ita

60 585 186 639 natus,
217 591 270 630 ita
304 593 493 630 educatus
527 599 596 639 est,
623 591 676 629 ita
705 592 830 630 factus
861 600 899 630 et
928 592 1062 631 animo
1091 600 1129 631 et
1158 605 1322 643 corpore
1353 602 1394 632 ut

60 658 185 695 multo
214 655 429 707 appositior
455 657 506 695 ad
538 657 699 695 ferenda
721 669 839 706 quam
868 658 919 695 ad
941 658 1154 695 auferenda
1175 657 1285 707 signa
1309 671 1394 697 esse

58 721 246 760 videatur.
306 723 438 771 Atque
458 722 556 760 haec
578 722 740 772 Sappho
766 722 919 760 sublata
940 730 1131 772 quantum
1153 722 1392 762 desiderium
1417 739 1476 774 127

0 799 40 823 10
58 785 117 824 sui
147 785 355 836 reliquerit,
379 786 458 825 dici
478 786 540 824 vix
567 794 708 837 potest.
769 787 873 824 Nam
905 799 996 825 cum
1027 786 1110 837 ipsa
1141 786 1211 825 fuit
1241 788 1393 838 egregie

56 851 169 898 facta,
201 858 285 889 tum
317 851 557 902 epigramma
591 852 788 890 Graecum
818 852 1022 901 pernobile
1058 852 1225 891 incisum
1261 861 1318 892 est
1351 853 1390 891 in

54 915 150 964 basi,
174 916 284 965 quod
314 915 386 955 iste
417 915 592 954 eruditus
623 917 745 954 homo
775 924 813 954 et
845 917 1071 963 Graeculus,
1097 916 1162 966 qui
1185 918 1282 956 haec
1303 918 1391 956 sub·

54 981 171 1020 tiliter
191 980 348 1029 iudicat,
373 981 440 1032 qui
462 983 567 1020 solus
589 980 790 1031 intellegit,
814 980 845 1018 si
866 993 986 1019 unam
1007 981 1174 1019 litteram
1197 982 1389 1020 Graecam

54 1045 202 1093 scisset,
234 1054 338 1085 certe
368 1059 449 1085 non
480 1045 709 1084 sustulisset.
771 1046 890 1084 Nunc
926 1044 1030 1084 enim
1062 1047 1170 1095 quod
1201 1046 1389 1095 scriptum

0 1119 10 1148 1·
17 1127 34 1158 5
54 1119 112 1149 est
134 1111 240 1149 inani
261 1111 301 1149 in
322 1111 405 1149 basi
427 1112 598 1150 declarat
619 1111 715 1160 quid
736 1110 862 1158 fuerit,
885 1118 923 1148 et
943 1110 983 1149 id
1004 1110 1179 1149 ablatum
1202 1111 1359 1150 indicat.

108 1175 240 1224 Quid?
270 1175 425 1226 signum
440 1175 605 1214 Paeanis
619 1189 666 1214 ex
679 1176 778 1214 aede
792 1174 1002 1225 Aesculapi
1017 1177 1212 1225 praeclare
1228 1177 1386 1223 factum,

51 1252 205 1279 sacrum
226 1253 272 1278 ac
291 1240 526 1291 religiosum,
551 1253 633 1279 non
659 1239 882 1278 sustulisti?
926 1241 1035 1289 quod
1064 1253 1204 1279 omnes
1230 1250 1388 1291 propter

51 1304 386 1354 pulchritudinem
418 1304 552 1352 visere,
585 1313 742 1355 propter
775 1304 1003 1355 religionem
1034 1306 1163 1343 colere
1193 1307 1384 1345 solebant.

52 1369 191 1418 Quid?
220 1383 266 1409 ex
286 1371 385 1409 aede
407 1369 540 1409 Liberi
563 1369 816 1408 simulacrum
840 1369 1007 1407 Aristaei
1029 1382 1110 1408 non
1132 1378 1200 1408 tuo
1222 1370 1386 1421 imperio
1411 1379 1470 1410 128

0 1448 34 1471 ιο
51 1436 181 1485 palam
210 1436 386 1474 ablatum
407 1436 498 1474 est?
557 1434 699 1484 Quid?
729 1447 775 1473 ex
793 1434 892 1473 aede
915 1433 1020 1473 Iovis
1050 1433 1385 1485 religiosissimum

50 1499 302 1539 simulacrum
325 1499 430 1539 Iovis
450 1498 717 1550 Imperatoris,
735 1512 854 1549 quem
871 1498 1010 1537 Graeci
1025 1498 1149 1537 Vrion
1163 1499 1382 1547 nominant,

48 1564 309 1615 pulcherrime
325 1565 472 1603 factum
486 1577 621 1603 nonne
636 1562 856 1602 abstulisti?
886 1562 1019 1612 Quid?
1043 1576 1089 1602 ex
1105 1565 1204 1602 aede
1218 1564 1384 1604 Liberae

50 1629 260 1680 ’tparinum
270 1633 290 1669 †
304 1637 422 1680 caput
437 1629 533 1668 illud
548 1628 868 1680 pulcherrimum,
879 1629 989 1678 quod
1004 1629 1127 1668 visere
1144 1630 1381 1678 solebamus,

50 1708 145 1733 num
165 1693 354 1733 dubitasti
375 1696 540 1733 tollere?
597 1696 730 1744 Atque
752 1693 816 1732 ille
837 1695 969 1732 Paean
990 1693 1188 1733 sacrificiis
1208 1695 1383 1734 anniver-

0 1756 30 1802 ‘25
50 1759 156 1798 sariis
173 1759 289 1798 simul
310 1773 401 1799 cum
418 1759 659 1811 Aesculapio
675 1760 783 1809 apud
803 1759 890 1797 illos
907 1759 1109 1798 colebatur
1128 1774 1137 1807 3
1166 1759 1380 1808 Aristaeus,

48 1825 113 1875 qui
131 1823 193 1878 [ut
215 1825 354 1864 Graeci
375 1827 515 1873 ferunt,
534 1824 665 1864 Liberi
687 1823 808 1878 filius]
829 1825 1010 1863 inventor
1026 1825 1101 1863 olei
1118 1838 1203 1864 esse
1225 1825 1377 1873 dicitur,

46 1904 122 1929 una
161 1903 251 1929 cum
292 1890 436 1930 Libero
470 1898 578 1940 patre
609 1891 716 1941 apud
748 1890 834 1929 illos
870 1891 1011 1929 eodem
1047 1898 1127 1928 erat
1155 1890 1195 1928 in
1231 1892 1379 1941 templo

88 2005 107 2032 4
129 1994 336 2025 ornamentis
353 1995 391 2024 δε
419 2000 652 2025 ornamentum
677 1993 762 2026 RS:
795 1999 1069 2025 ornamentorum
1087 1993 1190 2034 Kays.
1339 2005 1377 2034 14

44 2047 109 2068 non
132 2036 236 2075 codd„
254 2036 313 2068 del.
332 2036 505 2076 Garatoni,
528 2037 571 2069 al.
590 2050 596 2069 :
629 2048 695 2068 una
717 2037 882 2077 Herelius,
900 2037 970 2068 edd.
1002 2037 1057 2073 cl.
1077 2037 1158 2069 Rev.
1181 2039 1272 2069 xviii.
1294 2040 1375 2073 211)

45 2081 242 2120 inscriptum
259 2082 300 2111 πδ
318 2082 351 2122 (ξ
373 2090 444 2120 103,
465 2082 582 2122 supra)
747 2091 785 2111 21
813 2082 907 2111 urion
923 2080 973 2112 S:
1002 2081 1109 2111 uriom
1128 2091 1207 2112 corr.
1229 2083 1325 2113 urion
1342 2081 1377 2112 R

43 2133 150 2162 22-24
175 2123 265 2163 Quid
281 2125 290 2154 2
317 2148 324 2155 .
341 2148 349 2155 .
371 2148 378 2155 .
397 2125 516 2155 tollere
541 2123 601 2156 del.
619 2123 754 2156 Ernesti
915 2135 956 2154 22
983 2124 1096 2155 Liberi
1117 2129 1142 2164 p
1158 2129 1188 2155 et
1204 2126 1238 2156 in
1255 2136 1321 2166 mg.
1341 2126 1377 2157 D

45 2177 86 2206 23
109 2168 260 2206 parinum
274 2166 362 2199 codd.
382 2169 539 2207 (paruum
555 2167 593 2208 G,
604 2168 676 2199 etin
688 2179 755 2208 mg.
768 2167 817 2208 D)
831 2179 838 2199 :
855 2168 1030 2208 porcinum
1047 2166 1202 2207 Georges:
1218 2169 1374 2208 aprinum

44 2209 238 2251 Schlenger:
267 2211 421 2251 porinum
444 2210 610 2252 (πώρινον)
627 2210 796 2242 Fr5lmcr:
823 2211 1005 2251 puerinum
1029 2209 1179 2242 Riclzler:
1210 2212 1373 2243 Paninum

44 2251 152 2283 Halm
308 2264 349 2293 24
375 2265 455 2285 num
471 2254 517 2286 ed.
536 2255 612 2285 Asc.
631 2267 638 2285 ι
674 2265 740 2286 non
758 2253 843 2287 RS:
876 2265 941 2285 om.
961 2256 978 2284 δ
1133 2257 1174 2286 26
1198 2261 1234 2287 ut
1253 2256 1374 2287 Graeci

45 2296 164 2337 serunt,
186 2296 300 2329 Liberi
317 2297 415 2339 filius,
435 2297 494 2330 del.
512 2297 645 2330 Ernesti
1234 2345 1248 2365 )
1273 2345 1288 2361 a<

1228 2346 1267 2374 24
