1600 2704
82 117 104 155 7
134 122 171 154 ιφ
479 96 536 133 M.
567 91 736 131 TVLLI
768 81 1074 127 CICERONts

134 213 325 259 consistit,
364 212 469 249 hunc
518 205 769 255 amplexatur,
811 199 917 236 hunc
963 191 1072 230 iubet
1115 187 1198 226 sine
1237 196 1329 223 cura
1366 193 1462 220 esse.

139 277 400 322 ‘Renuntio’,
430 271 565 322 inquit,
602 267 694 306 ‘tibi
731 273 768 303 te
800 257 1001 300 hodiernis
1036 251 1206 293 comitiis
1240 261 1325 288 esse
1356 246 1468 285 abso-

139 345 288 385 lutum.'
347 339 468 389 Quod
489 348 579 375 cum
601 341 680 371 tam
707 327 819 368 multi
846 323 1028 363 homines
1055 312 1323 356 honestissimi
1343 309 1470 350 audis-

142 418 238 456 sent,
273 406 402 446 statim
436 403 487 441 ad
520 413 582 438 me
616 397 811 439 defertur3
854 390 976 427 immo
1007 396 1099 423 vero
1133 389 1175 419 ut
1207 378 1373 429 quisque
1407 387 1470 411 me

145 477 294 515 viderat
335 469 524 509 narrabat.
594 461 691 501 Aliis
735 458 831 497 illud
876 452 1093 502 indignum,
1134 445 1218 484 aliis
1263 441 1471 481 ridiculum
1493 447 1509 479 5

147 541 375 580 videbatur:
407 531 614 571 ridiculum
645 526 690 564 iis
711 523 778 574 qui
806 520 916 559 istius
944 526 1102 555 causam
1130 511 1170 549 in
1197 507 1355 548 testium
1382 504 1471 548 fide,

149 606 188 643 in
217 601 424 642 criminum
453 595 612 639 ratione,
637 591 676 629 in
704 587 879 627 iudicum
907 586 1112 633 potestate,
1134 588 1214 613 non
1242 573 1280 610 in
1307 567 1476 609 comitiis

150 665 421 709 consularibus
448 659 617 711 positam
643 652 939 694 arbitrabantur,
963 643 1170 693 indignum
1199 638 1245 676 iis
1266 635 1334 686 qui
1363 632 1477 671 altius

153 730 441 785 perspiciebant
472 733 510 763 et
543 725 645 761 hanc
675 714 975 769 gratulationem
1003 710 1054 747 ad
1089 704 1280 745 iudicium
1310 711 1479 739 corrum-

97 819 136 841 20
155 798 331 850 pendum
366 798 540 842 spectare
573 784 772 824 videbant.
844 775 1003 816 Etenim
1042 772 1097 811 sic
1135 765 1478 808 ratiocinabantur,
1502 773 1538 795 10

157 864 211 903 sic
245 854 511 899 honestissimi
543 850 724 890 homines
756 845 855 883 inter
884 855 925 879 se
955 846 993 878 et
1022 848 1178 875 mecum
1207 830 1480 881 loquebantur,

157 934 289 978 aperte
310 924 387 962 iam
408 929 446 959 et
466 916 671 969 perspicue
693 912 798 950 nulla
825 920 909 947 esse
938 902 1093 943 iudicia.
1152 897 1232 947 Qui
1252 908 1340 934 reus
1361 891 1486 943 pridie

159 994 236 1032 iarn
257 991 340 1040 ipse
361 1001 401 1026 se
422 985 732 1024 condemnatum
760 973 934 1026 putabat,
957 970 999 1015 is,
1025 973 1283 1017 posteaquam
1304 959 1488 998 defensor

161 1058 243 1097 eius
265 1053 403 1093 consul
424 1058 482 1088 est
502 1049 638 1091 factus,
661 1038 903 1081 absolvitur?
962 1032 1071 1082 Quid
1098 1028 1244 1080 igitur?
1272 1024 1381 1075 quod
1408 1028 1491 1060 tota

165 1120 306 1166 Sicilia,
330 1116 437 1167 quod
467 1123 605 1152 omnes
633 1105 763 1152 Siculi,
792 1113 930 1142 omnes
962 1095 1234 1147 negotiatores,
1257 1101 1395 1129 omnes
1424 1099 1492 1136 pu-
1515 1096 1547 1128 15

164 1186 290 1225 blicae
319 1181 569 1232 privataeque
598 1173 748 1211 litterae
776 1170 930 1206 Romae
960 1168 1060 1207 sunt,
1083 1157 1232 1197 nihilne
1257 1154 1298 1193 id
1320 1150 1495 1191 valebit?

168 1249 279 1289 Nihil
301 1246 422 1285 invito
445 1241 606 1281 consule
623 1235 839 1284 designato.
893 1227 1031 1277 Quid?
1052 1222 1202 1262 iudices
1223 1232 1303 1258 non
1320 1215 1494 1259 crimina,

169 1329 249 1354 non
277 1311 397 1356 testis,
426 1320 507 1346 non
532 1299 860 1343 existimationem
890 1290 1026 1344 populi
1054 1284 1227 1326 Romani
1258 1280 1499 1332 sequentur?

171 1382 290 1423 Non;
319 1373 453 1414 onmia
483 1371 522 1409 in
552 1367 667 1407 unius
697 1368 891 1414 potestate
921 1370 967 1395 ac
997 1350 1268 1393 moderatione
1288 1352 1497 1386 vertentur.

129 1447 152 1483 8
173 1447 274 1482 Vere
304 1443 453 1489 loquar,
485 1434 645 1473 iudices.
705 1428 972 1466 Vehementer
1000 1432 1063 1458 me
1092 1419 1189 1455 haec
1217 1426 1277 1452 res
1304 1421 1502 1450 commov-
1523 1416 1562 1438 20

175 1511 265 1549 ebat
280 1522 289 1555 3
321 1503 494 1555 optimus
522 1498 627 1537 enim
655 1493 823 1544 quisque
853 1489 905 1527 ita
934 1483 1169 1535 loquebatur
1202 1480 1305 1516 ‘Iste
1341 1474 1503 1525 quidem

177 1572 248 1612 tibi
287 1568 481 1619 eripietur,
522 1563 592 1602 sed
637 1571 709 1598 nos
752 1568 834 1594 non
879 1550 1102 1590 tenebimus
1150 1542 1298 1582 iudicia
1335 1538 1508 1583 diutius;

179 1637 325 1678 etenim
347 1633 434 1683 quis
462 1627 603 1681 poterit
623 1626 744 1662 Verre
771 1619 953 1659 absoluto
975 1615 1024 1653 de
1049 1606 1326 1650 transferendis
1353 1601 1508 1642 iudiciis

122 1722 157 1744 21
181 1699 407 1741 recusare?'
466 1697 558 1733 Erat
583 1688 767 1729 omnibus
796 1684 1030 1725 molestum3
1061 1687 1189 1725 neque
1210 1685 1277 1711 eos
1298 1678 1377 1708 tam
1399 1667 1509 1706 istius

183 1764 354 1806 hominis
394 1758 534 1812 perditi
573 1754 702 1794 subita
739 1748 886 1789 laetitia
917 1756 1036 1795 quam
1075 1737 1246 1779 hominis
1280 1730 1510 1785 amplissimi
1532 1738 1569 1770 25

185 1845 287 1871 nova
320 1824 525 1879 gratulatio
559 1815 846 1859 commovebat.
911 1807 1131 1858 Cupiebam
1166 1801 1410 1842 dissimulare
1449 1808 1513 1834 me

187 1898 227 1936 id
257 1895 421 1933 moleste
451 1891 563 1933 ferre,
583 1882 792 1934 cupiebam
821 1875 941 1916 animi
971 1873 1149 1912 dolorem
1178 1868 1288 1906 vultu
1318 1872 1446 1913 tegere
1476 1866 1514 1898 et

189 1958 451 2000 taciturnitate
474 1954 608 1991 celare.

246 2027 350 2063 Ecce
385 2028 516 2059 autem
548 2015 622 2054 illis
656 2010 749 2062 ipsis
781 2007 932 2050 diebus,
967 2015 1057 2041 cum
1092 2004 1288 2049 praetores
1323 1988 1516 2041 designati

307 2095 419 2127 entur
444 2092 481 2122 et
507 2083 566 2120 M.
588 2078 753 2118 Metello
780 2071 984 2121 obtigisset
1010 2074 1053 2105 ut
1079 2065 1110 2102 is
1134 2065 1185 2102 de
1212 2057 1388 2111 pecuniis
1412 2067 1518 2104 repe·
1538 2063 1578 2096 30

193 2098 303 2129 sortir

546 2154 570 2193 t,
593 2141 794 2182 nuntiatur
823 2134 919 2174 mihi
948 2139 1097 2171 tantam
1128 2126 1190 2166 isti
1219 2121 1518 2174 gratulationem

194 2153 326 2194 tundis
357 2160 542 2200 quaerere

238 2268 259 2296 9
283 2252 492 2294 aspiciebant
504 2248 561 2289 pq¹
579 2245 684 2278 Sclzol.
705 2243 845 2275 Gronov.
865 2249 872 2269 :
896 2234 1122 2276 aspiciebatur
1135 2242 1151 2261 r
1227 2238 1264 2257 12
1288 2226 1352 2257 iam
1364 2225 1406 2264 ρδ
1417 2221 1495 2252 Asc.
1515 2230 1521 2249 :

198 2311 264 2332 om.
283 2299 346 2329 ΒΨ
481 2298 513 2323 et
531 2291 614 2329 pr
632 2301 638 2318 :
663 2298 701 2318 ac
718 2286 796 2316 Asc.
934 2281 973 2310 18
997 2279 1179 2316 sequentur
1200 2269 1314 2310 DKp:
1337 2269 1524 2306 sequuntur

201 2341 288 2383 GnZ
379 2349 418 2379 19
443 2337 517 2367 Non
535 2331 681 2372 DG1Zsb
699 2341 705 2360 ι
730 2337 807 2360 num
826 2323 969 2365 G2LK215
986 2333 992 2352 ε
1017 2330 1081 2351 om.
1096 2323 1141 2358 pq
