1600 2704
97 79 366 121 ACTIONIS
398 85 459 123 IN
489 86 533 125 C.
556 87 798 128 VERREM
828 92 1128 136 SECVNDAE
1159 100 1263 139 LIB.
1289 103 1330 140 11
1370 105 1425 142 62
1447 92 1507 152 1'52‘

94 201 213 238 quem
243 193 351 231 voles
380 208 516 234 eorum
546 197 703 236 testium
731 213 831 250 quos
860 205 1092 254 produxero,
1123 209 1192 258 qui
1221 223 1267 248 ex
1291 212 1422 253 Sicilia

93 261 212 293 testes
238 266 339 304 sunt,
363 258 443 298 sive
468 268 644 311 togatum
673 263 754 304 sive
781 265 968 316 Siculum,
995 280 1142 321 rogato,
1167 282 1205 312 et
1233 288 1324 314 eum
1354 278 1421 328 qui

91 317 162 356 tibi
193 319 484 363 inimicissimus
515 339 601 365 esse
629 327 834 377 videbitur,
867 332 935 382 qui
969 347 1011 372 se
1040 336 1252 386 spoliatum
1281 341 1353 379 abs
1383 350 1420 381 te

90 394 176 421 esse
199 384 315 434 dicet,
338 388 482 438 ecquid
508 403 580 429 suo
609 392 770 432 nomine
797 394 837 433 in
861 404 969 435 tuam
994 407 1164 440 statuam
1185 406 1420 453 contulerit;

51 447 289 492 5neminem
327 453 494 502 reperies
537 455 605 505 qui
643 466 784 507 neget;
829 461 975 500 etenim
1020 478 1160 504 omnes
1208 469 1414 509 dederunt.

87 511 341 563 Quemquam
380 515 495 567 igitur
532 527 646 569 putas
685 523 956 565 dubitaturum
991 529 1088 578 quin
1122 530 1154 569 is
1189 545 1308 582 quem
1344 535 1415 574 tibi
1441 550 1498 582 ¹53

84 575 398 619 inimicissimum
423 596 508 622 esse
528 596 717 636 oporteat,
741 591 808 640 qui
828 593 899 631 abs
924 601 962 632 te
981 597 1229 645 gravissimas
1255 600 1414 640 iniurias

81 643 286 692 acceperit,
303 647 512 695 pecuniam
534 659 685 692 statuae
700 656 862 696 nomine
882 659 1034 699 dederit
1051 661 1086 699 vi
1107 671 1226 713 atque
1247 664 1413 716 imperio

80 706 286 755 adductus,
318 724 399 749 non
424 714 554 755 officio
578 730 624 756 ac
650 721 882 761 voluntate?
938 725 1071 765 Huius
1102 742 1174 778 ego
1204 731 1408 779 pecuniae,

23 769 240 820 10iudices‚
267 787 369 824 quae
402 791 614 830 permagna
645 792 703 822 est
733 785 1156 842 impudentissimeque
1190 805 1329 834 coacta
1358 798 1408 835 ab

77 833 218 885 invitis,
253 853 335 879 non
369 843 489 882 habui
523 847 715 887 rationem
750 865 881 902 neque
919 855 1065 895 habere
1103 860 1408 911 potui‚—quan-

75 907 158 938 tum
179 903 229 941 ab
244 906 472 955 aratoribus,
491 920 682 959 quantum
703 915 754 953 ab
774 918 1083 966 negotiatoribus
1105 923 1171 972 qui
1194 926 1404 974 Syracusis,

73 966 141 1015 qui
162 968 375 1019 Agrigenti,
405 974 473 1023 qui
495 976 718 1026 Panhormi,
742 981 809 1030 qui
832 982 1007 1033 Lilybaei
1030 988 1281 1036 negotiantur
1302 1002 1403 1030 esset

71 1040 279 1072 coactum:
307 1049 392 1074 eam
415 1039 491 1077 iam
512 1039 734 1093 intellegitis
755 1045 877 1095 ipsius
898 1061 1059 1100 quoque
1080 1054 1330 1094 confessione
1351 1058 1402 1095 ab

13 1107 50 1140 15
70 1094 311 1139 invitissimis
331 1112 507 1142 coactam
529 1118 626 1146 esse.

122 1163 252 1202 Venio
289 1179 396 1205 nunc
433 1170 484 1208 ad
523 1171 699 1212 civitates
738 1175 903 1225 Siciliae,
945 1180 996 1218 de
1030 1181 1175 1231 quibus
1214 1184 1400 1226 facillime
1420 1160 1481 1260 1634

67 1224 257 1266 iudicium
295 1230 377 1269 fieri
415 1235 627 1275 voluntatis
666 1247 807 1288 potest.
866 1245 931 1280 An
969 1244 1088 1283 etiam
1128 1247 1248 1286 Siculi
1288 1249 1397 1290 inviti
1442 1252 1455 1261 ⁹

65 1294 345 1333 contulerunt?
401 1298 496 1336 Non
522 1308 581 1338 est
605 1304 821 1352 probabile.
882 1309 1041 1347 Etenim
1072 1310 1127 1350 sic
1157 1313 1201 1351 C.
1232 1315 1395 1355 Verrem

64 1364 284 1406 praeturam
314 1359 354 1398 in
381 1361 510 1402 Sicilia
537 1366 703 1415 gessisse
723 1379 878 1410 constat
903 1381 956 1419 ut,
986 1387 1076 1413 cum
1102 1377 1278 1428 utrisque
1302 1381 1395 1420 satis

5 1436 45 1460 20
62 1422 189 1462 facere
210 1438 290 1463 non
310 1437 454 1476 posset,
477 1438 515 1468 et
536 1431 675 1472 Siculis
696 1443 734 1473 et
754 1437 905 1486 togatis,
930 1440 1031 1479 offici
1053 1442 1183 1491 potius
1203 1443 1243 1482 in
1264 1446 1393 1485 socios

61 1500 180 1536 quam
214 1491 441 1532 ambitionis
475 1494 515 1533 in
549 1497 644 1536 civis
677 1500 867 1541 rationem
903 1505 1066 1544 duxerit.
1128 1509 1269 1559 Itaque
1300 1525 1391 1550 eum

58 1565 140 1591 non
179 1557 306 1595 solum
346 1570 575 1600 PATRONVM
615 1563 717 1603 illius
758 1567 919 1616 insulae,
957 1572 1027 1609 sed
1068 1572 1186 1612 etiam
1223 1576 1390 1615 SOTERA

57 1616 287 1669 inscriptum
308 1621 386 1661 vidi
408 1626 616 1674 Syracusis,
664 1632 757 1669 Hoc
777 1641 968 1682 quantum
990 1639 1077 1675 est?
1120 1640 1181 1677 Ita
1202 1653 1388 1690 magnum

56 1690 98 1721 ut
132 1684 272 1724 Latine
299 1701 379 1727 uno
406 1692 526 1730 verbo
551 1693 712 1743 exprimi
743 1710 824 1734 non
851 1699 984 1748 possit.
1046 1703 1086 1740 Is
1115 1712 1173 1741 est
1203 1704 1385 1744 nimirum

0 1761 36 1793 ²5
55 1758 185 1787 SOTER
215 1751 282 1800 qui
307 1755 473 1793 salutem
507 1758 627 1797 dedit.
688 1761 821 1801 Huius
849 1764 1012 1804 nornine
1042 1767 1158 1805 etiam
1187 1769 1272 1808 dies
1299 1772 1385 1810 festi

52 1811 256 1861 agitantur,
298 1820 460 1866 pulchra
499 1821 563 1860 illa
601 1825 746 1873 Verria,
787 1840 869 1866 non
907 1831 1019 1880 quasi
1060 1833 1274 1882 Marcellia,
1315 1838 1385 1875 sed

51 1889 122 1926 pro
163 1880 385 1931 Marcelliis,
426 1899 528 1935 quae
566 1888 620 1926 illi
660 1890 769 1930 istius
810 1893 917 1933 iussu
957 1899 1224 1947 sustulerunt3
1268 1901 1383 1940 huius

51 1942 176 1981 fornix
202 1944 243 1983 in
269 1948 354 1986 foro
380 1950 578 1999 Syracusis
608 1963 677 2002 est,
706 1956 745 1994 in
775 1971 856 2008 quo
885 1962 1016 1999 nudus
1047 1963 1149 2001 filius
1180 1972 1266 2013 stat,
1299 1966 1382 2016 ipse

95 2056 108 2076 1
135 2058 179 2078 ex
195 2049 266 2080 cO:
291 2061 310 2081 e
330 2051 378 2083 V:
403 2054 435 2084 in
451 2055 511 2094 pb&
655 2069 675 2089 2
699 2065 778 2092 sunt
799 2061 881 2093 VO:
905 2063 1009 2105 sintp
1025 2066 1088 2097 rell.
1202 2074 1349 2108 togatum
1368 2083 1382 2102 c

48 2089 113 2122 cod.
143 2092 254 2124 Cm'ac.
282 2096 448 2135 (rogatum
477 2099 562 2139 0¹):
593 2102 698 2132 civem
726 2104 918 2137 Romanum
947 2108 995 2148 Vp
1019 2109 1084 2142 rell.
1218 2122 1238 2151 3
1262 2114 1323 2144 abs
1345 2120 1379 2145 te

48 2143 113 2165 om.
136 2134 169 2164 V
307 2149 325 2176 4
352 2150 427 2171 esse
445 2152 511 2173 om.
526 2145 591 2183 qu
733 2158 749 2186 7
776 2148 914 2181 iniurias
929 2153 1034 2192 suppl.
1053 2153 1105 2185 s.l.
1117 2159 1196 2194 post
1209 2158 1377 2196 acceperit

41 2176 88 2216 p².
109 2182 137 2207 el
152 2179 197 2210 ila
217 2191 237 2219 q
383 2195 405 2223 9
432 2185 543 2217 Huius
561 2189 676 2228 scn'psi
693 2190 863 2223 Vsecntus
877 2197 907 2224 et
921 2194 1040 2227 Lamb.
1057 2198 1092 2227 in
1110 2209 1177 2238 mg.
1197 2210 1203 2228 ε
1229 2205 1262 2230 et
1279 2201 1376 2232 huius

46 2220 111 2252 rell.
131 2222 200 2254 edd.
328 2236 365 2264 14
390 2238 463 2258 eam
484 2230 547 2261 iam
565 2233 697 2272 scripsi:
723 2236 882 2273 quoniam
900 2238 988 2269 codd.
1002 2245 1133 2280 praeter
1147 2242 1178 2272 O
1201 2243 1252 2282 (ut
1270 2244 1348 2274 iam}
1369 2256 1375 2275 :

44 2274 142 2302 quam
157 2267 219 2297 iam
235 2267 364 2299 Sclzoell
464 2283 502 2312 15
527 2281 676 2306 coactum
692 2277 723 2307 O
771 2279 873 2319 Forte,
893 2288 1052 2320 quantum
1071 2308 1077 2314 .
1095 2308 1119 2315 ..
1140 2290 1192 2316 est
1209 2294 1371 2328 coactum,

43 2312 171 2338 tantum
186 2311 250 2341 iam
263 2312 368 2343 intell.
381 2339 388 2345 .
406 2339 435 2345 ..
455 2323 605 2349 coactum
623 2330 698 2350 esse
717 2320 778 2359 (Cl.
794 2322 871 2356 Rev.
886 2325 980 2362 xviii,
993 2331 1026 2366 p.
1048 2329 1105 2365 25)
1229 2340 1266 2368 17
1292 2332 1373 2362 iudi-

43 2351 128 2382 cium
146 2354 219 2384 fieri
241 2354 288 2395 Vp
305 2357 367 2388 rell.
384 2364 514 2398 pmcter
532 2360 563 2391 O
583 2363 667 2401 (fieri
687 2364 768 2398 iud.7=
858 2378 901 2398 22
925 2369 1014 2400 illius
1032 2369 1102 2401 V0¹
1123 2383 1128 2401 :
1153 2372 1250 2403 istius
1263 2380 1287 2414 p
1306 2375 1369 2405 rell.
