1600 2704
135 114 184 153 37
205 113 245 150 85
575 106 632 142 M.
663 105 832 142 TVLLI
863 104 1170 146 C1CERoN1s

204 223 365 262 remota,
388 215 565 254 seiuncta
586 228 608 253 a
629 214 769 262 Sicilia,
794 214 834 253 in
862 214 986 253 insula
1014 215 1160 253 inculta
1181 215 1369 267 tenuique
1394 216 1531 267 posita,

204 281 402 318 cumulata
430 280 514 318 aliis
545 279 620 318 tuis
651 279 863 318 maioribus
895 279 1056 327 iniuriis,
1086 279 1124 318 in
1160 281 1236 319 hoc
1270 293 1431 331 quoque
1461 282 1535 319 fru-

205 345 396 384 mentario
425 358 567 395 genere
597 345 765 394 praedae
796 344 866 383 tibi
898 351 936 383 et
963 344 1142 394 quaestui
1170 344 1271 383 fuit?
1327 346 1459 394 Quam
1491 353 1533 383 tu

204 417 326 448 totam
353 410 519 448 insulam
548 410 706 449 cuidam
734 417 889 448 tuorum
915 410 1110 448 sodalium
1137 409 1237 448 sicut
1260 409 1422 460 aliquod
1451 423 1534 448 mu-

205 476 414 513 nusculum
436 476 694 521 condonaras,
717 475 768 512 ab
789 475 862 513 hac
888 474 1005 513 etiam
1031 476 1128 514 haec
1152 474 1406 513 frumentaria
1425 475 1532 512 lucra
1551 490 1569 521 5

205 546 406 588 tamquam
427 551 449 577 a
471 538 765 578 mediterraneis
787 538 1070 588 exigebantur?
1101 540 1242 589 Itaque
1262 538 1329 588 qui
1346 546 1404 576 tot
1419 539 1532 576 annis

204 605 350 653 agellos
372 616 463 641 suos
485 610 522 641 te
543 610 721 653 praetore
742 602 933 642 redimere
953 616 975 641 a
995 603 1128 652 piratis
1150 603 1342 650 solebant,
1365 603 1471 642 idem
1493 616 1534 642 se

205 668 310 717 ipsos
331 681 353 705 a
375 676 411 706 te
434 667 558 717 pretio
579 666 765 717 imposito
785 668 1046 706 redemerunt.

132 704 184 795 ἒξ
261 732 368 780 Quid
391 733 514 771 vero?
544 745 566 770 a
586 731 850 778 Tissensibus,
873 744 1062 782 perparva
1083 745 1128 770 ac
1149 731 1257 770 tenui
1279 731 1445 779 civitate,
1464 733 1534 771 sed

204 797 420 835 aratoribus
443 795 759 835 laboriosissimis
777 795 1125 846 frugalissimisque
1141 796 1381 843 hominibus,
1400 809 1534 835 nonne
1555 815 1594 838 10

205 863 291 911 plus
320 861 415 899 lucri
438 861 600 899 nomine
622 859 782 910 eripitur
802 873 921 910 quam
943 868 1135 910 quantum
1164 860 1328 900 omnino
1349 860 1534 899 frumenti

204 928 436 965 exararant?
465 927 516 965 ad
542 939 641 976 quos
674 933 715 963 tu
748 927 1015 965 decumanum
1051 925 1293 976 Diognetum
1318 925 1533 964 Venerium

204 992 356 1038 misisti,
396 1004 544 1029 novum
583 1003 706 1041 genus
746 990 960 1040 publicani.
1020 990 1102 1031 Cur
1139 992 1215 1029 hoc
1252 997 1413 1029 auctore
1451 1003 1532 1029 non

205 1059 358 1096 Romae
376 1070 536 1106 quoque
557 1055 655 1094 servi
677 1055 825 1106 publici
846 1057 897 1094 ad
918 1055 1122 1106 vectigalia
1141 1057 1366 1096 accedunt?
1413 1059 1532 1096 Anno

202 1123 380 1161 secundo
419 1121 623 1159 Tissenses
664 1122 734 1159 HS
757 1121 833 1158 iffi
872 1120 967 1159 lucri
1015 1122 1108 1160 dare
1156 1129 1349 1171 coguntur
1395 1121 1590 1171 inviti515

202 1187 316 1226 tertio
347 1199 453 1224 anno
488 1185 551 1223 ᾗ
586 1186 691 1224 mod.
723 1184 838 1224 tritici
874 1185 968 1223 lucri
1006 1185 1206 1235 Diogneto
1234 1185 1405 1224 Venerio
1439 1187 1532 1225 dare

201 1251 327 1291 coacti
363 1258 464 1289 sunt.
527 1250 607 1289 Hic
644 1249 876 1301 Diognetus,
904 1250 971 1300 qui
1004 1263 1050 1289 ex
1077 1250 1245 1302 publicis
1276 1250 1532 1301 vectigalibus

202 1324 309 1356 tanta
348 1318 454 1355 lucra
493 1315 596 1362 facit,
637 1315 825 1354 vicarium
865 1316 1018 1354 nullum
1057 1315 1187 1362 habet,
1229 1315 1327 1353 nihil
1367 1316 1532 1354 omnino

202 1381 341 1431 peculi.
402 1382 484 1419 Vos
506 1380 625 1419 etiam
647 1393 752 1418 nunc
774 1380 964 1428 dubitate,
989 1380 1019 1419 si
1041 1379 1215 1430 potestis,
1232 1387 1362 1420 utrum
1378 1387 1532 1419 tantum

202 1458 410 1484 numerum
441 1444 556 1484 tritici
578 1445 770 1484 Venerius
800 1444 998 1495 apparitor
1026 1444 1135 1482 istius
1163 1444 1238 1483 sibi
1266 1444 1461 1494 acceperit
1480 1458 1530 1483 an
1552 1461 1589 1483 20

142 1516 182 1558 87
202 1510 293 1548 huic
326 1509 505 1560 exegerit.
565 1511 699 1560 Atque
731 1511 828 1548 haec
867 1523 914 1548 ex
952 1508 1113 1560 publico
1151 1509 1397 1548 Tissensium
1429 1509 1533 1548 testi-

201 1575 337 1614 monio
376 1573 617 1625 cognoscite.
674 1575 978 1613 TEsTmomvm
1015 1585 1222 1614 PVBLICVM
1262 1576 1528 1613 T1ssssNsrvm.

201 1640 392 1685 Obscure,
430 1639 593 1685 iudices,
628 1646 783 1689 praetor
817 1638 900 1689 ipse
935 1639 1179 1678 decumanus
1214 1646 1282 1686 est,
1318 1652 1408 1678 curn
1448 1639 1531 1678 eius

199 1704 440 1754 apparitores
463 1704 704 1742 frumentum
726 1717 748 1741 a
769 1703 991 1742 civitatibus
1013 1703 1178 1754 exigant,
1202 1703 1389 1754 pecunias
1411 1703 1530 1754 impe-

199 1777 295 1815 rent,
335 1768 540 1819 aliquanto
580 1770 667 1819 plus
707 1768 780 1818 ipsi
818 1768 914 1806 lucri
961 1769 1139 1807 auferant
1177 1781 1296 1818 quam
1336 1776 1528 1818 quantum
1550 1782 1600 1822 25:

199 1836 347 1885 populo
383 1836 570 1874 Romano
601 1834 857 1872 decumarum
891 1833 1052 1872 nomine
1086 1833 1213 1871 daturi
1241 1836 1355 1871 sunt!
1414 1835 1528 1873 Haec
1596 1828 1600 1879 ἶ

198 1899 374 1949 aequitas
414 1898 454 1937 in
493 1906 562 1938 tuo
601 1898 765 1948 imperio
797 1897 879 1944 fuit,
917 1899 1014 1936 haec
1045 1898 1233 1948 praetoris
1272 1898 1452 1948 dignitas,
1487 1906 1529 1938 ut
1597 1893 1600 1897 ⁵

198 1977 329 2002 servos
346 1963 538 2003 Venerios
554 1963 774 2002 Siculorum
793 1961 977 2002 dominos
994 1975 1079 2001 esse
1093 1964 1212 2002 velles
1228 1977 1237 2011 3
1268 1963 1331 2001 hic
1348 1962 1526 2009 dilectus,

245 2077 255 2096 1
285 2068 391 2106 posita
409 2067 441 2097 in
460 2067 531 2098 loco
554 2066 585 2095 1⁷
830 2077 846 2105 7
872 2071 905 2097 te
922 2071 1079 2105 praetore
1102 2066 1183 2097 VO:
1207 2072 1285 2097 ante
1304 2072 1337 2097 te
1354 2076 1403 2106 pr.
1420 2072 1445 2106 p
1459 2066 1524 2098 rell.
1591 2087 1593 2098 -,

137 2135 145 2143 ,
197 2110 313 2148 piratis
336 2111 410 2143 VcO
429 2123 434 2141 ;
460 2111 637 2150 privatisp
656 2110 721 2141 rell.
844 2111 864 2140 8
888 2121 906 2140 a
923 2115 992 2149 tep
1009 2109 1075 2141 rell.
1092 2114 1222 2149 praeter
1240 2110 1272 2139 V
1286 2110 1343 2150 (ab
1367 2112 1416 2150 te)
1435 2121 1441 2139 ε
1467 2111 1528 2141 abs
1589 2103 1594 2169 l

197 2157 230 2183 te
248 2153 335 2193 vulg.
449 2164 470 2193 9
495 2164 575 2184 vero
598 2153 672 2184 VcO
692 2165 697 2183 :
723 2163 803 2192 ergo
817 2158 840 2193 p
858 2153 922 2184 rell.
1009 2153 1069 2184 sed
1092 2153 1166 2184 1-ch
1183 2164 1188 2183 :
1214 2157 1247 2183 et
1259 2158 1284 2193 p
1301 2152 1367 2184 rell.
1487 2163 1522 2184 11
1588 2188 1592 2192 ,

197 2197 333 2226 omnino
351 2197 507 2228 frumenti
530 2197 612 2227 VO:
638 2198 733 2228 frum.
754 2207 842 2227 omn.
859 2202 882 2236 p
900 2196 964 2227 rell.
1082 2205 1118 2234 14
1144 2206 1276 2235 quoque
1299 2196 1396 2226 VcO:
1421 2204 1484 2227 om.
1500 2201 1525 2235 p
1587 2193 1592 2218 ,⁸

198 2239 264 2269 rell.
347 2241 513 2271 accedunt
531 2240 578 2271 cO
595 2252 601 2270 :
626 2241 788 2271 accedant
809 2239 856 2279 Vp
874 2240 938 2270 rell.
1090 2240 1128 2269 16
1152 2240 1204 2270 x—‘11
1222 2239 1308 2270 mod’
1325 2239 1372 2270 cO
1392 2250 1398 2269 :
1434 2248 1462 2268 00
1492 2249 1522 2268 00
1586 2221 1591 2256 l

198 2282 345 2312 modium
360 2288 383 2323 p
399 2294 404 2313 z
431 2285 518 2314 varie
535 2284 671 2314 tua-baut
687 2284 752 2315 rell.
911 2293 952 2322 25
978 2283 1057 2314 lucri
1074 2282 1121 2314 cO
1137 2293 1143 2312 :
1169 2293 1234 2314 om.
1256 2282 1321 2314 rell.
1481 2283 1523 2311 26

197 2325 262 2355 sint
283 2325 312 2355 O
447 2336 486 2365 27
513 2328 705 2366 praetoria.²
731 2326 845 2357 Muell.
