<?xml version="1.0" encoding="UTF-8"?>
<!DOCTYPE html PUBLIC "-//W3C//DTD XHTML 1.0 Transitional//EN"
    "http://www.w3.org/TR/xhtml1/DTD/xhtml1-transitional.dtd">
<html xmlns="http://www.w3.org/1999/xhtml" xml:lang="en" lang="en">
 <head>
  <title>
</title>
<meta http-equiv="Content-Type" content="text/html;charset=utf-8" />
  <meta name='ocr-system' content='tesseract 3.04.00' />
  <meta name='ocr-capabilities' content='ocr_page ocr_carea ocr_par ocr_line ocrx_word'/>
</head>
<body>
  <div class='ocr_page' id='page_1' title='image "./orationesrecogno02ciceuoft_0281.png"; bbox 0 0 1600 2704; ppageno 0'>
   <div class='ocr_carea' id='block_1_1' title="bbox 102 120 1490 169">
    <p class='ocr_par' dir='ltr' id='par_1_1' title="bbox 102 120 1490 169">
     <span class='ocr_line' id='line_1_1' title="bbox 102 120 1490 169; baseline 0.003 -12"><span class='ocrx_word' id='word_1_1' title='bbox 102 120 370 159; x_wconf 81' lang='lat' dir='ltr'>ACTIONIS</span> <span class='ocrx_word' id='word_1_2' title='bbox 392 121 453 158; x_wconf 92' lang='lat' dir='ltr'>IN</span> <span class='ocrx_word' id='word_1_3' title='bbox 474 121 519 159; x_wconf 87' lang='lat' dir='ltr'>C.</span> <span class='ocrx_word' id='word_1_4' title='bbox 535 121 777 158; x_wconf 74' lang='lat' dir='ltr'>VERREM</span> <span class='ocrx_word' id='word_1_5' title='bbox 798 122 1098 160; x_wconf 81' lang='lat' dir='ltr'>SECVNDAE</span> <span class='ocrx_word' id='word_1_6' title='bbox 1119 124 1222 161; x_wconf 88' lang='lat' dir='ltr'>LIB.</span> <span class='ocrx_word' id='word_1_7' title='bbox 1247 125 1313 162; x_wconf 93' lang='lat' dir='ltr'>III</span> <span class='ocrx_word' id='word_1_8' title='bbox 1371 124 1425 162; x_wconf 80' lang='lat'>26</span> <span class='ocrx_word' id='word_1_9' title='bbox 1445 128 1490 169; x_wconf 89' lang='lat'>64</span> 
     </span>
    </p>
   </div>
   <div class='ocr_carea' id='block_1_2' title="bbox 99 232 1426 348">
    <p class='ocr_par' dir='ltr' id='par_1_2' title="bbox 99 232 1426 348">
     <span class='ocr_line' id='line_1_2' title="bbox 100 232 1426 285; baseline 0.002 -13"><span class='ocrx_word' id='word_1_10' title='bbox 100 233 245 273; x_wconf 87' lang='lat' dir='ltr'>riorum</span> <span class='ocrx_word' id='word_1_11' title='bbox 293 233 483 272; x_wconf 88' lang='lat' dir='ltr'>memoria</span> <span class='ocrx_word' id='word_1_12' title='bbox 520 232 628 272; x_wconf 90' lang='lat' dir='ltr'>scitis</span> <span class='ocrx_word' id='word_1_13' title='bbox 675 246 785 272; x_wconf 86' lang='lat' dir='ltr'>esse:</span> <span class='ocrx_word' id='word_1_14' title='bbox 833 246 1000 283; x_wconf 86' lang='lat' dir='ltr'>ecquem</span> <span class='ocrx_word' id='word_1_15' title='bbox 1046 233 1208 281; x_wconf 88' lang='lat' dir='ltr'>vidistis,</span> <span class='ocrx_word' id='word_1_16' title='bbox 1260 248 1426 285; x_wconf 80' lang='lat' dir='ltr'>ecquem</span> 
     </span>
     <span class='ocr_line' id='line_1_3' title="bbox 99 297 1426 348; baseline 0 -12"><span class='ocrx_word' id='word_1_17' title='bbox 99 297 265 337; x_wconf 90' lang='lat' dir='ltr'>audistis</span> <span class='ocrx_word' id='word_1_18' title='bbox 293 297 335 336; x_wconf 92' lang='lat' dir='ltr'>in</span> <span class='ocrx_word' id='word_1_19' title='bbox 362 297 482 337; x_wconf 85' lang='lat' dir='ltr'>tantis</span> <span class='ocrx_word' id='word_1_20' title='bbox 500 297 626 346; x_wconf 84' lang='lat' dir='ltr'>furtis,</span> <span class='ocrx_word' id='word_1_21' title='bbox 646 297 687 337; x_wconf 90' lang='lat' dir='ltr'>in</span> <span class='ocrx_word' id='word_1_22' title='bbox 710 305 794 337; x_wconf 85' lang='lat' dir='ltr'>tam</span> <span class='ocrx_word' id='word_1_23' title='bbox 822 297 978 348; x_wconf 87' lang='lat' dir='ltr'>apertis,</span> <span class='ocrx_word' id='word_1_24' title='bbox 1001 297 1041 336; x_wconf 92' lang='lat' dir='ltr'>in</span> <span class='ocrx_word' id='word_1_25' title='bbox 1058 306 1166 336; x_wconf 89' lang='lat' dir='ltr'>tanta</span> <span class='ocrx_word' id='word_1_26' title='bbox 1187 299 1362 345; x_wconf 87' lang='lat' dir='ltr'>audacia,</span> <span class='ocrx_word' id='word_1_27' title='bbox 1385 299 1426 337; x_wconf 86' lang='lat' dir='ltr'>in</span> 
     </span>
    </p>
   </div>
   <div class='ocr_carea' id='block_1_3' title="bbox 99 361 1488 413">
    <p class='ocr_par' dir='ltr' id='par_1_3' title="bbox 99 361 1488 413">
     <span class='ocr_line' id='line_1_4' title="bbox 99 361 1488 413; baseline -0.001 -12"><span class='ocrx_word' id='word_1_28' title='bbox 99 370 208 401; x_wconf 82' lang='lat' dir='ltr'>tanta</span> <span class='ocrx_word' id='word_1_29' title='bbox 254 361 502 413; x_wconf 87' lang='lat' dir='ltr'>impudentia</span> <span class='ocrx_word' id='word_1_30' title='bbox 546 375 632 401; x_wconf 91' lang='lat' dir='ltr'>esse</span> <span class='ocrx_word' id='word_1_31' title='bbox 678 364 904 401; x_wconf 77' lang='lat' dir='ltr'>versatum?</span> <span class='ocrx_word' id='word_1_32' title='bbox 970 362 1172 413; x_wconf 83' lang='lat' dir='ltr'>Apronius</span> <span class='ocrx_word' id='word_1_33' title='bbox 1221 362 1426 413; x_wconf 78' lang='lat' dir='ltr'>stipatores</span> <span class='ocrx_word' id='word_1_34' title='bbox 1447 368 1488 409; x_wconf 86' lang='lat'>65</span> 
     </span>
    </p>
   </div>
   <div class='ocr_carea' id='block_1_4' title="bbox 33 425 1428 1188">
    <p class='ocr_par' dir='ltr' id='par_1_4' title="bbox 33 425 1428 1188">
     <span class='ocr_line' id='line_1_5' title="bbox 99 425 1428 476; baseline 0.001 -12"><span class='ocrx_word' id='word_1_35' title='bbox 99 425 291 465; x_wconf 88' lang='lat' dir='ltr'>Venerios</span> <span class='ocrx_word' id='word_1_36' title='bbox 325 440 459 465; x_wconf 91' lang='lat' dir='ltr'>secum</span> <span class='ocrx_word' id='word_1_37' title='bbox 489 427 664 466; x_wconf 88' lang='lat' dir='ltr'>habebat</span> <span class='ocrx_word' id='word_1_38' title='bbox 680 441 692 476; x_wconf 79' lang='lat'>3</span> <span class='ocrx_word' id='word_1_39' title='bbox 732 427 903 466; x_wconf 89' lang='lat' dir='ltr'>ducebat</span> <span class='ocrx_word' id='word_1_40' title='bbox 937 440 1005 466; x_wconf 93' lang='lat' dir='ltr'>eos</span> <span class='ocrx_word' id='word_1_41' title='bbox 1045 427 1192 465; x_wconf 90' lang='lat' dir='ltr'>circum</span> <span class='ocrx_word' id='word_1_42' title='bbox 1227 426 1402 466; x_wconf 82' lang='lat' dir='ltr'>civitates</span> <span class='ocrx_word' id='word_1_43' title='bbox 1418 443 1428 476; x_wconf 79' lang='lat'><em>3</em></span> 
     </span>
     <span class='ocr_line' id='line_1_6' title="bbox 56 490 1426 542; baseline 0.001 -14"><span class='ocrx_word' id='word_1_44' title='bbox 56 505 77 536; x_wconf 86' lang='lat'>5</span> <span class='ocrx_word' id='word_1_45' title='bbox 98 490 256 541; x_wconf 91' lang='lat' dir='ltr'>publice</span> <span class='ocrx_word' id='word_1_46' title='bbox 276 490 352 529; x_wconf 88' lang='lat' dir='ltr'>sibi</span> <span class='ocrx_word' id='word_1_47' title='bbox 371 490 552 530; x_wconf 86' lang='lat' dir='ltr'>convivia</span> <span class='ocrx_word' id='word_1_48' title='bbox 571 491 708 542; x_wconf 89' lang='lat' dir='ltr'>parari,</span> <span class='ocrx_word' id='word_1_49' title='bbox 731 491 850 530; x_wconf 89' lang='lat' dir='ltr'>sterni</span> <span class='ocrx_word' id='word_1_50' title='bbox 871 491 1048 539; x_wconf 83' lang='lat' dir='ltr'>triclinia,</span> <span class='ocrx_word' id='word_1_51' title='bbox 1072 499 1110 531; x_wconf 90' lang='lat' dir='ltr'>et</span> <span class='ocrx_word' id='word_1_52' title='bbox 1135 491 1174 530; x_wconf 91' lang='lat' dir='ltr'>in</span> <span class='ocrx_word' id='word_1_53' title='bbox 1203 492 1288 530; x_wconf 93' lang='lat' dir='ltr'>foro</span> <span class='ocrx_word' id='word_1_54' title='bbox 1309 492 1426 530; x_wconf 88' lang='lat' dir='ltr'>sterni</span> 
     </span>
     <span class='ocr_line' id='line_1_7' title="bbox 97 555 1427 604; baseline 0.001 -11"><span class='ocrx_word' id='word_1_55' title='bbox 97 555 260 594; x_wconf 88' lang='lat' dir='ltr'>iubebat</span> <span class='ocrx_word' id='word_1_56' title='bbox 275 570 286 604; x_wconf 88' lang='lat'>;</span> <span class='ocrx_word' id='word_1_57' title='bbox 333 569 383 595; x_wconf 92' lang='lat' dir='ltr'>eo</span> <span class='ocrx_word' id='word_1_58' title='bbox 420 555 550 594; x_wconf 79' lang='lat' dir='ltr'>vocari</span> <span class='ocrx_word' id='word_1_59' title='bbox 597 556 779 596; x_wconf 89' lang='lat' dir='ltr'>homines</span> <span class='ocrx_word' id='word_1_60' title='bbox 818 556 1120 596; x_wconf 88' lang='lat' dir='ltr'>honestissimos</span> <span class='ocrx_word' id='word_1_61' title='bbox 1167 570 1248 595; x_wconf 84' lang='lat' dir='ltr'>non</span> <span class='ocrx_word' id='word_1_62' title='bbox 1299 557 1427 595; x_wconf 88' lang='lat' dir='ltr'>solum</span> 
     </span>
     <span class='ocr_line' id='line_1_8' title="bbox 97 620 1428 672; baseline 0.001 -13"><span class='ocrx_word' id='word_1_63' title='bbox 97 620 251 659; x_wconf 92' lang='lat' dir='ltr'>Siculos</span> <span class='ocrx_word' id='word_1_64' title='bbox 287 620 362 660; x_wconf 90' lang='lat' dir='ltr'>sed</span> <span class='ocrx_word' id='word_1_65' title='bbox 395 620 516 660; x_wconf 88' lang='lat' dir='ltr'>etiam</span> <span class='ocrx_word' id='word_1_66' title='bbox 555 621 706 671; x_wconf 83' lang='lat' dir='ltr'>equites</span> <span class='ocrx_word' id='word_1_67' title='bbox 746 622 963 669; x_wconf 86' lang='lat' dir='ltr'>Romanos,</span> <span class='ocrx_word' id='word_1_68' title='bbox 1004 629 1057 668; x_wconf 90' lang='lat' dir='ltr'>ut,</span> <span class='ocrx_word' id='word_1_69' title='bbox 1099 620 1260 672; x_wconf 86' lang='lat' dir='ltr'>quicum</span> <span class='ocrx_word' id='word_1_70' title='bbox 1300 621 1428 660; x_wconf 80' lang='lat' dir='ltr'>vivere</span> 
     </span>
     <span class='ocr_line' id='line_1_9' title="bbox 96 685 1427 737; baseline -0.001 -13"><span class='ocrx_word' id='word_1_71' title='bbox 96 698 216 724; x_wconf 90' lang='lat' dir='ltr'>nemo</span> <span class='ocrx_word' id='word_1_72' title='bbox 249 698 439 736; x_wconf 88' lang='lat' dir='ltr'>umquam</span> <span class='ocrx_word' id='word_1_73' title='bbox 474 685 548 724; x_wconf 92' lang='lat' dir='ltr'>nisi</span> <span class='ocrx_word' id='word_1_74' title='bbox 581 685 704 736; x_wconf 89' lang='lat' dir='ltr'>turpis</span> <span class='ocrx_word' id='word_1_75' title='bbox 738 685 995 737; x_wconf 86' lang='lat' dir='ltr'>impurusque</span> <span class='ocrx_word' id='word_1_76' title='bbox 1029 686 1227 732; x_wconf 82' lang='lat' dir='ltr'>voluisset,</span> <span class='ocrx_word' id='word_1_77' title='bbox 1262 687 1312 725; x_wconf 87' lang='lat' dir='ltr'>ad</span> <span class='ocrx_word' id='word_1_78' title='bbox 1344 686 1427 725; x_wconf 92' lang='lat' dir='ltr'>eius</span> 
     </span>
     <span class='ocr_line' id='line_1_10' title="bbox 96 750 1423 801; baseline 0.001 -14"><span class='ocrx_word' id='word_1_79' title='bbox 96 750 322 789; x_wconf 89' lang='lat' dir='ltr'>convivium</span> <span class='ocrx_word' id='word_1_80' title='bbox 351 750 626 801; x_wconf 84' lang='lat' dir='ltr'>spectatissimi</span> <span class='ocrx_word' id='word_1_81' title='bbox 650 758 769 801; x_wconf 87' lang='lat' dir='ltr'>atque</span> <span class='ocrx_word' id='word_1_82' title='bbox 798 750 1067 789; x_wconf 86' lang='lat' dir='ltr'>honestissimi</span> <span class='ocrx_word' id='word_1_83' title='bbox 1087 750 1157 788; x_wconf 76' lang='lat' dir='ltr'>viri</span> <span class='ocrx_word' id='word_1_84' title='bbox 1187 758 1423 790; x_wconf 88' lang='lat' dir='ltr'>tenerentur.</span> 
     </span>
     <span class='ocr_line' id='line_1_11' title="bbox 36 814 1424 866; baseline 0.001 -15"><span class='ocrx_word' id='word_1_85' title='bbox 36 829 77 851; x_wconf 70' lang='grc' dir='ltr'>ιο</span> <span class='ocrx_word' id='word_1_86' title='bbox 98 815 213 854; x_wconf 90' lang='lat' dir='ltr'>Haec</span> <span class='ocrx_word' id='word_1_87' title='bbox 231 823 288 864; x_wconf 92' lang='lat' dir='ltr'>tu,</span> <span class='ocrx_word' id='word_1_88' title='bbox 307 815 488 855; x_wconf 88' lang='lat' dir='ltr'>omniurn</span> <span class='ocrx_word' id='word_1_89' title='bbox 510 814 732 853; x_wconf 81' lang='lat' dir='ltr'>mortalium</span> <span class='ocrx_word' id='word_1_90' title='bbox 750 814 1066 865; x_wconf 82' lang='lat' dir='ltr'>profligatissime</span> <span class='ocrx_word' id='word_1_91' title='bbox 1085 828 1131 853; x_wconf 88' lang='lat' dir='ltr'>ac</span> <span class='ocrx_word' id='word_1_92' title='bbox 1148 814 1424 866; x_wconf 88' lang='lat' dir='ltr'>perditissime,</span> 
     </span>
     <span class='ocr_line' id='line_1_12' title="bbox 96 879 1426 928; baseline 0 -10"><span class='ocrx_word' id='word_1_93' title='bbox 96 893 187 918; x_wconf 91' lang='lat' dir='ltr'>cum</span> <span class='ocrx_word' id='word_1_94' title='bbox 217 879 346 928; x_wconf 86' lang='lat' dir='ltr'>scires,</span> <span class='ocrx_word' id='word_1_95' title='bbox 378 894 470 919; x_wconf 89' lang='lat' dir='ltr'>cum</span> <span class='ocrx_word' id='word_1_96' title='bbox 498 880 654 919; x_wconf 88' lang='lat' dir='ltr'>audires</span> <span class='ocrx_word' id='word_1_97' title='bbox 676 880 834 927; x_wconf 89' lang='lat' dir='ltr'>cotidie,</span> <span class='ocrx_word' id='word_1_98' title='bbox 868 893 958 918; x_wconf 90' lang='lat' dir='ltr'>cum</span> <span class='ocrx_word' id='word_1_99' title='bbox 986 880 1148 927; x_wconf 86' lang='lat' dir='ltr'>videres,</span> <span class='ocrx_word' id='word_1_100' title='bbox 1182 880 1214 918; x_wconf 91' lang='lat' dir='ltr'>si</span> <span class='ocrx_word' id='word_1_101' title='bbox 1244 880 1327 919; x_wconf 90' lang='lat' dir='ltr'>sine</span> <span class='ocrx_word' id='word_1_102' title='bbox 1357 887 1426 918; x_wconf 92' lang='lat' dir='ltr'>tuo</span> 
     </span>
     <span class='ocr_line' id='line_1_13' title="bbox 96 944 1427 995; baseline 0 -12"><span class='ocrx_word' id='word_1_103' title='bbox 96 953 262 995; x_wconf 86' lang='lat' dir='ltr'>quaestu</span> <span class='ocrx_word' id='word_1_104' title='bbox 293 944 466 985; x_wconf 89' lang='lat' dir='ltr'>maximo</span> <span class='ocrx_word' id='word_1_105' title='bbox 495 945 642 991; x_wconf 80' lang='lat' dir='ltr'>fierent,</span> <span class='ocrx_word' id='word_1_106' title='bbox 674 958 764 982; x_wconf 89' lang='lat' dir='ltr'>cum</span> <span class='ocrx_word' id='word_1_107' title='bbox 795 952 906 983; x_wconf 88' lang='lat' dir='ltr'>tanto</span> <span class='ocrx_word' id='word_1_108' title='bbox 934 944 1109 995; x_wconf 89' lang='lat' dir='ltr'>periculo</span> <span class='ocrx_word' id='word_1_109' title='bbox 1129 953 1198 983; x_wconf 87' lang='lat' dir='ltr'>tuo</span> <span class='ocrx_word' id='word_1_110' title='bbox 1219 945 1301 983; x_wconf 87' lang='lat' dir='ltr'>fieri</span> <span class='ocrx_word' id='word_1_111' title='bbox 1322 952 1427 995; x_wconf 86' lang='lat' dir='ltr'>pate-</span> 
     </span>
     <span class='ocr_line' id='line_1_14' title="bbox 95 1009 1422 1060; baseline -0.002 -12"><span class='ocrx_word' id='word_1_112' title='bbox 95 1022 180 1049; x_wconf 90' lang='lat' dir='ltr'>rere</span> <span class='ocrx_word' id='word_1_113' title='bbox 197 1017 318 1060; x_wconf 88' lang='lat' dir='ltr'>atque</span> <span class='ocrx_word' id='word_1_114' title='bbox 337 1010 577 1049; x_wconf 89' lang='lat' dir='ltr'>concederes</span> <span class='ocrx_word' id='word_1_115' title='bbox 594 1010 610 1047; x_wconf 89' lang='lat'>?</span> <span class='ocrx_word' id='word_1_116' title='bbox 667 1009 841 1047; x_wconf 89' lang='lat' dir='ltr'>Tantum</span> <span class='ocrx_word' id='word_1_117' title='bbox 862 1010 970 1059; x_wconf 90' lang='lat' dir='ltr'>apud</span> <span class='ocrx_word' id='word_1_118' title='bbox 992 1016 1030 1047; x_wconf 89' lang='lat' dir='ltr'>te</span> <span class='ocrx_word' id='word_1_119' title='bbox 1051 1018 1238 1058; x_wconf 81' lang='lat' dir='ltr'>quaestus</span> <span class='ocrx_word' id='word_1_120' title='bbox 1261 1009 1422 1059; x_wconf 79' lang='lat' dir='ltr'>Aproni,</span> 
     </span>
     <span class='ocr_line' id='line_1_15' title="bbox 95 1072 1425 1123; baseline 0 -11"><span class='ocrx_word' id='word_1_121' title='bbox 95 1083 249 1112; x_wconf 88' lang='lat' dir='ltr'>tantum</span> <span class='ocrx_word' id='word_1_122' title='bbox 280 1074 364 1113; x_wconf 92' lang='lat' dir='ltr'>eius</span> <span class='ocrx_word' id='word_1_123' title='bbox 393 1087 522 1112; x_wconf 88' lang='lat' dir='ltr'>sermo</span> <span class='ocrx_word' id='word_1_124' title='bbox 552 1072 891 1123; x_wconf 85' lang='lat' dir='ltr'>inquinatissimus</span> <span class='ocrx_word' id='word_1_125' title='bbox 912 1080 951 1111; x_wconf 91' lang='lat' dir='ltr'>et</span> <span class='ocrx_word' id='word_1_126' title='bbox 971 1072 1188 1111; x_wconf 83' lang='lat' dir='ltr'>blanditiae</span> <span class='ocrx_word' id='word_1_127' title='bbox 1210 1073 1425 1123; x_wconf 83' lang='lat' dir='ltr'>flagitiosae</span> 
     </span>
     <span class='ocr_line' id='line_1_16' title="bbox 33 1137 1425 1188; baseline -0.001 -11"><span class='ocrx_word' id='word_1_128' title='bbox 33 1154 74 1187; x_wconf 80' lang='lat'>15</span> <span class='ocrx_word' id='word_1_129' title='bbox 96 1140 300 1177; x_wconf 90' lang='lat' dir='ltr'>valuerunt</span> <span class='ocrx_word' id='word_1_130' title='bbox 328 1146 372 1176; x_wconf 88' lang='lat' dir='ltr'>ut</span> <span class='ocrx_word' id='word_1_131' title='bbox 399 1151 618 1188; x_wconf 88' lang='lat' dir='ltr'>numquam</span> <span class='ocrx_word' id='word_1_132' title='bbox 649 1137 826 1176; x_wconf 89' lang='lat' dir='ltr'>animum</span> <span class='ocrx_word' id='word_1_133' title='bbox 859 1146 969 1175; x_wconf 89' lang='lat' dir='ltr'>tuum</span> <span class='ocrx_word' id='word_1_134' title='bbox 995 1150 1087 1176; x_wconf 89' lang='lat' dir='ltr'>cura</span> <span class='ocrx_word' id='word_1_135' title='bbox 1119 1145 1272 1176; x_wconf 85' lang='lat' dir='ltr'>tuarum</span> <span class='ocrx_word' id='word_1_136' title='bbox 1309 1139 1425 1175; x_wconf 89' lang='lat' dir='ltr'>fortu-</span> 
     </span>
    </p>
   </div>
   <div class='ocr_carea' id='block_1_5' title="bbox 95 1201 1486 1253">
    <p class='ocr_par' dir='ltr' id='par_1_5' title="bbox 95 1201 1486 1253">
     <span class='ocr_line' id='line_1_17' title="bbox 95 1201 1486 1253; baseline -0.001 -12"><span class='ocrx_word' id='word_1_137' title='bbox 95 1216 233 1241; x_wconf 87' lang='lat' dir='ltr'>narum</span> <span class='ocrx_word' id='word_1_138' title='bbox 264 1202 529 1253; x_wconf 86' lang='lat' dir='ltr'>cogitatioque</span> <span class='ocrx_word' id='word_1_139' title='bbox 561 1203 768 1253; x_wconf 82' lang='lat' dir='ltr'>tangeret?</span> <span class='ocrx_word' id='word_1_140' title='bbox 824 1201 1005 1249; x_wconf 77' lang='lat' dir='ltr'>cernitis,</span> <span class='ocrx_word' id='word_1_141' title='bbox 1042 1201 1203 1248; x_wconf 87' lang='lat' dir='ltr'>iudices,</span> <span class='ocrx_word' id='word_1_142' title='bbox 1238 1203 1347 1252; x_wconf 89' lang='lat' dir='ltr'>quod</span> <span class='ocrx_word' id='word_1_143' title='bbox 1387 1211 1424 1241; x_wconf 91' lang='lat' dir='ltr'>et</span> <span class='ocrx_word' id='word_1_144' title='bbox 1444 1208 1486 1240; x_wconf 87' lang='lat'>66</span> 
     </span>
    </p>
   </div>
   <div class='ocr_carea' id='block_1_6' title="bbox 32 1266 1425 1838">
    <p class='ocr_par' dir='ltr' id='par_1_6' title="bbox 32 1266 1425 1838">
     <span class='ocr_line' id='line_1_18' title="bbox 93 1266 1425 1317; baseline -0.001 -12"><span class='ocrx_word' id='word_1_145' title='bbox 93 1275 286 1317; x_wconf 88' lang='lat' dir='ltr'>quantum</span> <span class='ocrx_word' id='word_1_146' title='bbox 316 1266 547 1305; x_wconf 85' lang='lat' dir='ltr'>incendium</span> <span class='ocrx_word' id='word_1_147' title='bbox 577 1268 891 1305; x_wconf 85' lang='lat' dir='ltr'>decumanorum</span> <span class='ocrx_word' id='word_1_148' title='bbox 922 1266 1072 1316; x_wconf 85' lang='lat' dir='ltr'>impetu</span> <span class='ocrx_word' id='word_1_149' title='bbox 1103 1280 1184 1305; x_wconf 92' lang='lat' dir='ltr'>non</span> <span class='ocrx_word' id='word_1_150' title='bbox 1207 1268 1334 1305; x_wconf 87' lang='lat' dir='ltr'>solum</span> <span class='ocrx_word' id='word_1_151' title='bbox 1357 1280 1425 1316; x_wconf 90' lang='lat' dir='ltr'>per</span> 
     </span>
     <span class='ocr_line' id='line_1_19' title="bbox 93 1331 1423 1382; baseline 0 -13"><span class='ocrx_word' id='word_1_152' title='bbox 93 1344 205 1382; x_wconf 86' lang='lat' dir='ltr'>agros</span> <span class='ocrx_word' id='word_1_153' title='bbox 226 1332 297 1370; x_wconf 88' lang='lat' dir='ltr'>sed</span> <span class='ocrx_word' id='word_1_154' title='bbox 316 1331 434 1369; x_wconf 88' lang='lat' dir='ltr'>etiam</span> <span class='ocrx_word' id='word_1_155' title='bbox 453 1344 522 1381; x_wconf 90' lang='lat' dir='ltr'>per</span> <span class='ocrx_word' id='word_1_156' title='bbox 543 1331 711 1381; x_wconf 89' lang='lat' dir='ltr'>reliquas</span> <span class='ocrx_word' id='word_1_157' title='bbox 732 1332 907 1369; x_wconf 88' lang='lat' dir='ltr'>fortunas</span> <span class='ocrx_word' id='word_1_158' title='bbox 924 1341 1133 1378; x_wconf 86' lang='lat' dir='ltr'>aratorum,</span> <span class='ocrx_word' id='word_1_159' title='bbox 1152 1344 1282 1381; x_wconf 89' lang='lat' dir='ltr'>neque</span> <span class='ocrx_word' id='word_1_160' title='bbox 1296 1333 1423 1369; x_wconf 86' lang='lat' dir='ltr'>solum</span> 
     </span>
     <span class='ocr_line' id='line_1_20' title="bbox 92 1395 1425 1446; baseline 0.001 -12"><span class='ocrx_word' id='word_1_161' title='bbox 92 1409 161 1446; x_wconf 88' lang='lat' dir='ltr'>per</span> <span class='ocrx_word' id='word_1_162' title='bbox 191 1396 295 1434; x_wconf 91' lang='lat' dir='ltr'>bona</span> <span class='ocrx_word' id='word_1_163' title='bbox 323 1396 393 1434; x_wconf 90' lang='lat' dir='ltr'>sed</span> <span class='ocrx_word' id='word_1_164' title='bbox 415 1395 533 1434; x_wconf 86' lang='lat' dir='ltr'>etiam</span> <span class='ocrx_word' id='word_1_165' title='bbox 561 1409 629 1445; x_wconf 90' lang='lat' dir='ltr'>per</span> <span class='ocrx_word' id='word_1_166' title='bbox 656 1395 739 1434; x_wconf 88' lang='lat' dir='ltr'>iura</span> <span class='ocrx_word' id='word_1_167' title='bbox 765 1395 954 1434; x_wconf 87' lang='lat' dir='ltr'>libertatis</span> <span class='ocrx_word' id='word_1_168' title='bbox 976 1406 1013 1434; x_wconf 90' lang='lat' dir='ltr'>et</span> <span class='ocrx_word' id='word_1_169' title='bbox 1035 1395 1201 1434; x_wconf 81' lang='lat' dir='ltr'>civitatis</span> <span class='ocrx_word' id='word_1_170' title='bbox 1223 1395 1298 1433; x_wconf 89' lang='lat' dir='ltr'>isto</span> <span class='ocrx_word' id='word_1_171' title='bbox 1318 1409 1425 1445; x_wconf 87' lang='lat' dir='ltr'>prae-</span> 
     </span>
     <span class='ocr_line' id='line_1_21' title="bbox 32 1459 1421 1510; baseline -0.001 -10"><span class='ocrx_word' id='word_1_172' title='bbox 32 1477 74 1500; x_wconf 78' lang='lat'>20</span> <span class='ocrx_word' id='word_1_173' title='bbox 93 1468 176 1499; x_wconf 87' lang='lat' dir='ltr'>tore</span> <span class='ocrx_word' id='word_1_174' title='bbox 191 1460 410 1510; x_wconf 87' lang='lat' dir='ltr'>pervaserit.</span> <span class='ocrx_word' id='word_1_175' title='bbox 449 1460 603 1499; x_wconf 84' lang='lat' dir='ltr'>Videtis</span> <span class='ocrx_word' id='word_1_176' title='bbox 619 1461 794 1510; x_wconf 89' lang='lat' dir='ltr'>pendere</span> <span class='ocrx_word' id='word_1_177' title='bbox 810 1459 907 1498; x_wconf 91' lang='lat' dir='ltr'>alios</span> <span class='ocrx_word' id='word_1_178' title='bbox 924 1474 969 1498; x_wconf 82' lang='lat' dir='ltr'>ex</span> <span class='ocrx_word' id='word_1_179' title='bbox 985 1461 1138 1508; x_wconf 70' lang='lat' dir='ltr'>arbore,</span> <span class='ocrx_word' id='word_1_180' title='bbox 1152 1460 1296 1510; x_wconf 89' lang='lat' dir='ltr'>pulsari</span> <span class='ocrx_word' id='word_1_181' title='bbox 1313 1460 1421 1508; x_wconf 87' lang='lat' dir='ltr'>alios,</span> 
     </span>
     <span class='ocr_line' id='line_1_22' title="bbox 91 1524 1423 1575; baseline 0.002 -13"><span class='ocrx_word' id='word_1_182' title='bbox 91 1526 189 1563; x_wconf 78' lang='lat' dir='ltr'>alios</span> <span class='ocrx_word' id='word_1_183' title='bbox 203 1532 336 1564; x_wconf 88' lang='lat' dir='ltr'>autem</span> <span class='ocrx_word' id='word_1_184' title='bbox 350 1524 553 1571; x_wconf 77' lang='lat' dir='ltr'>verberari,</span> <span class='ocrx_word' id='word_1_185' title='bbox 570 1538 686 1575; x_wconf 93' lang='lat' dir='ltr'>porro</span> <span class='ocrx_word' id='word_1_186' title='bbox 702 1524 798 1563; x_wconf 91' lang='lat' dir='ltr'>alios</span> <span class='ocrx_word' id='word_1_187' title='bbox 815 1524 854 1562; x_wconf 90' lang='lat' dir='ltr'>in</span> <span class='ocrx_word' id='word_1_188' title='bbox 869 1525 1031 1574; x_wconf 91' lang='lat' dir='ltr'>publico</span> <span class='ocrx_word' id='word_1_189' title='bbox 1047 1525 1250 1572; x_wconf 52' lang='lat' dir='ltr'>custodirt,</span> <span class='ocrx_word' id='word_1_190' title='bbox 1264 1525 1423 1564; x_wconf 89' lang='lat' dir='ltr'>destitui</span> 
     </span>
     <span class='ocr_line' id='line_1_23' title="bbox 89 1589 1423 1640; baseline 0.001 -12"><span class='ocrx_word' id='word_1_191' title='bbox 89 1589 188 1628; x_wconf 92' lang='lat' dir='ltr'>alios</span> <span class='ocrx_word' id='word_1_192' title='bbox 217 1589 258 1628; x_wconf 94' lang='lat' dir='ltr'>in</span> <span class='ocrx_word' id='word_1_193' title='bbox 288 1589 481 1638; x_wconf 81' lang='lat' dir='ltr'>convivio,</span> <span class='ocrx_word' id='word_1_194' title='bbox 513 1590 771 1629; x_wconf 87' lang='lat' dir='ltr'>condemnari</span> <span class='ocrx_word' id='word_1_195' title='bbox 801 1590 898 1628; x_wconf 87' lang='lat' dir='ltr'>alios</span> <span class='ocrx_word' id='word_1_196' title='bbox 927 1602 950 1628; x_wconf 90' lang='lat' dir='ltr'>a</span> <span class='ocrx_word' id='word_1_197' title='bbox 981 1590 1139 1629; x_wconf 89' lang='lat' dir='ltr'>medico</span> <span class='ocrx_word' id='word_1_198' title='bbox 1168 1598 1206 1628; x_wconf 86' lang='lat' dir='ltr'>et</span> <span class='ocrx_word' id='word_1_199' title='bbox 1227 1603 1423 1640; x_wconf 87' lang='lat' dir='ltr'>praecone</span> 
     </span>
     <span class='ocr_line' id='line_1_24' title="bbox 90 1654 1421 1706; baseline 0 -13"><span class='ocrx_word' id='word_1_200' title='bbox 90 1655 281 1706; x_wconf 86' lang='lat' dir='ltr'>praetoris</span> <span class='ocrx_word' id='word_1_201' title='bbox 300 1668 314 1705; x_wconf 90' lang='lat'>;</span> <span class='ocrx_word' id='word_1_202' title='bbox 336 1654 444 1694; x_wconf 87' lang='lat' dir='ltr'>bona</span> <span class='ocrx_word' id='word_1_203' title='bbox 463 1663 595 1694; x_wconf 89' lang='lat' dir='ltr'>tamen</span> <span class='ocrx_word' id='word_1_204' title='bbox 617 1655 765 1694; x_wconf 87' lang='lat' dir='ltr'>interea</span> <span class='ocrx_word' id='word_1_205' title='bbox 786 1655 912 1694; x_wconf 91' lang='lat' dir='ltr'>nihilo</span> <span class='ocrx_word' id='word_1_206' title='bbox 933 1655 1063 1693; x_wconf 90' lang='lat' dir='ltr'>minus</span> <span class='ocrx_word' id='word_1_207' title='bbox 1085 1669 1221 1695; x_wconf 88' lang='lat' dir='ltr'>eorum</span> <span class='ocrx_word' id='word_1_208' title='bbox 1242 1655 1421 1693; x_wconf 88' lang='lat' dir='ltr'>omnium</span> 
     </span>
     <span class='ocr_line' id='line_1_25' title="bbox 91 1720 1422 1771; baseline -0.001 -12"><span class='ocrx_word' id='word_1_209' title='bbox 91 1733 140 1760; x_wconf 83' lang='lat' dir='ltr'>ex</span> <span class='ocrx_word' id='word_1_210' title='bbox 164 1720 266 1770; x_wconf 82' lang='lat' dir='ltr'>agris</span> <span class='ocrx_word' id='word_1_211' title='bbox 295 1720 438 1760; x_wconf 90' lang='lat' dir='ltr'>auferri</span> <span class='ocrx_word' id='word_1_212' title='bbox 466 1733 512 1759; x_wconf 92' lang='lat' dir='ltr'>ac</span> <span class='ocrx_word' id='word_1_213' title='bbox 542 1720 667 1771; x_wconf 92' lang='lat' dir='ltr'>diripi.</span> <span class='ocrx_word' id='word_1_214' title='bbox 730 1720 840 1769; x_wconf 87' lang='lat' dir='ltr'>Quid</span> <span class='ocrx_word' id='word_1_215' title='bbox 867 1729 925 1758; x_wconf 91' lang='lat' dir='ltr'>est</span> <span class='ocrx_word' id='word_1_216' title='bbox 949 1721 1059 1758; x_wconf 83' lang='lat' dir='ltr'>hoc?</span> <span class='ocrx_word' id='word_1_217' title='bbox 1089 1720 1225 1770; x_wconf 91' lang='lat' dir='ltr'>populi</span> <span class='ocrx_word' id='word_1_218' title='bbox 1248 1720 1422 1758; x_wconf 85' lang='lat' dir='ltr'>Romani</span> 
     </span>
     <span class='ocr_line' id='line_1_26' title="bbox 32 1783 1422 1838; baseline 0.001 -16"><span class='ocrx_word' id='word_1_219' title='bbox 32 1799 72 1833; x_wconf 86' lang='lat'>25</span> <span class='ocrx_word' id='word_1_220' title='bbox 90 1785 330 1835; x_wconf 89' lang='lat' dir='ltr'>imperium?</span> <span class='ocrx_word' id='word_1_221' title='bbox 367 1785 586 1837; x_wconf 88' lang='lat' dir='ltr'>praetoriae</span> <span class='ocrx_word' id='word_1_222' title='bbox 614 1787 730 1836; x_wconf 83' lang='lat' dir='ltr'>leges,</span> <span class='ocrx_word' id='word_1_223' title='bbox 766 1784 941 1823; x_wconf 89' lang='lat' dir='ltr'>iudicia?</span> <span class='ocrx_word' id='word_1_224' title='bbox 985 1783 1133 1838; x_wconf 81' lang='lat' dir='ltr'>[socios</span> <span class='ocrx_word' id='word_1_225' title='bbox 1166 1785 1306 1833; x_wconf 79' lang='lat' dir='ltr'>fidelis,</span> <span class='ocrx_word' id='word_1_226' title='bbox 1336 1798 1422 1835; x_wconf 85' lang='lat' dir='ltr'>pro-</span> 
     </span>
    </p>
   </div>
   <div class='ocr_carea' id='block_1_7' title="bbox 134 1888 1422 1929">
    <p class='ocr_par' dir='ltr' id='par_1_7' title="bbox 134 1888 1422 1929">
     <span class='ocr_line' id='line_1_27' title="bbox 134 1888 1422 1929; baseline -0.002 -8"><span class='ocrx_word' id='word_1_227' title='bbox 134 1901 154 1921; x_wconf 82' lang='lat'><em>2</em></span> <span class='ocrx_word' id='word_1_228' title='bbox 178 1890 210 1920; x_wconf 88' lang='lat' dir='ltr'>in</span> <span class='ocrx_word' id='word_1_229' title='bbox 236 1896 327 1921; x_wconf 84' lang='lat' dir='ltr'>tanta</span> <span class='ocrx_word' id='word_1_230' title='bbox 351 1890 467 1921; x_wconf 84' lang='lat' dir='ltr'>audac.</span> <span class='ocrx_word' id='word_1_231' title='bbox 492 1891 527 1920; x_wconf 91' lang='lat' dir='ltr'>in</span> <span class='ocrx_word' id='word_1_232' title='bbox 553 1895 645 1920; x_wconf 83' lang='lat' dir='ltr'>tanta</span> <span class='ocrx_word' id='word_1_233' title='bbox 671 1890 793 1929; x_wconf 91' lang='lat' dir='ltr'>impud.</span> <span class='ocrx_word' id='word_1_234' title='bbox 810 1888 878 1921; x_wconf 83' lang='lat' dir='ltr'>cO:</span> <span class='ocrx_word' id='word_1_235' title='bbox 921 1889 952 1919; x_wconf 90' lang='lat' dir='ltr'>in</span> <span class='ocrx_word' id='word_1_236' title='bbox 978 1895 1070 1919; x_wconf 85' lang='lat' dir='ltr'>tanta</span> <span class='ocrx_word' id='word_1_237' title='bbox 1096 1889 1224 1928; x_wconf 88' lang='lat' dir='ltr'>impud.</span> <span class='ocrx_word' id='word_1_238' title='bbox 1244 1899 1308 1918; x_wconf 82' lang='lat' dir='ltr'>om.</span> <span class='ocrx_word' id='word_1_239' title='bbox 1331 1888 1422 1919; x_wconf 57' lang='lat' dir='ltr'>welk:</span> 
     </span>
    </p>
   </div>
   <div class='ocr_carea' id='block_1_8' title="bbox 89 1931 1421 2319">
    <p class='ocr_par' dir='ltr' id='par_1_8' title="bbox 89 1931 1421 2319">
     <span class='ocr_line' id='line_1_28' title="bbox 90 1931 1419 1974; baseline -0.002 -10"><span class='ocrx_word' id='word_1_240' title='bbox 90 1939 183 1964; x_wconf 82' lang='lat' dir='ltr'>tanta</span> <span class='ocrx_word' id='word_1_241' title='bbox 199 1934 275 1964; x_wconf 85' lang='lat' dir='ltr'>aud.</span> <span class='ocrx_word' id='word_1_242' title='bbox 295 1938 387 1964; x_wconf 83' lang='lat' dir='ltr'>tanta</span> <span class='ocrx_word' id='word_1_243' title='bbox 404 1934 481 1972; x_wconf 91' lang='lat' dir='ltr'>imp.</span> <span class='ocrx_word' id='word_1_244' title='bbox 500 1934 588 1974; x_wconf 80' lang='lat' dir='ltr'><em>vulg.</em></span> <span class='ocrx_word' id='word_1_245' title='bbox 721 1943 742 1972; x_wconf 89' lang='lat'><strong>3</strong></span> <span class='ocrx_word' id='word_1_246' title='bbox 767 1942 843 1963; x_wconf 86' lang='lat' dir='ltr'>esse</span> <span class='ocrx_word' id='word_1_247' title='bbox 861 1938 1031 1963; x_wconf 80' lang='lat' dir='ltr'>versatum</span> <span class='ocrx_word' id='word_1_248' title='bbox 1052 1943 1115 1963; x_wconf 87' lang='lat' dir='ltr'>om.</span> <span class='ocrx_word' id='word_1_249' title='bbox 1140 1931 1169 1962; x_wconf 85' lang='lat' dir='ltr'>O</span> <span class='ocrx_word' id='word_1_250' title='bbox 1186 1944 1191 1961; x_wconf 90' lang='lat'>:</span> <span class='ocrx_word' id='word_1_251' title='bbox 1216 1932 1284 1962; x_wconf 75' lang='lat' dir='ltr'>secl.</span> <span class='ocrx_word' id='word_1_252' title='bbox 1306 1931 1419 1962; x_wconf 80' lang='lat' dir='ltr'>Muell.</span> 
     </span>
     <span class='ocr_line' id='line_1_29' title="bbox 90 1974 1421 2016; baseline -0.001 -10"><span class='ocrx_word' id='word_1_253' title='bbox 90 1975 169 2007; x_wconf 71' lang='lat' dir='ltr'>Ziel.</span> <span class='ocrx_word' id='word_1_254' title='bbox 184 1982 218 2016; x_wconf 84' lang='lat' dir='ltr'>p.</span> <span class='ocrx_word' id='word_1_255' title='bbox 242 1986 302 2016; x_wconf 87' lang='lat'>195</span> <span class='ocrx_word' id='word_1_256' title='bbox 412 1986 432 2015; x_wconf 87' lang='lat'><strong>5</strong></span> <span class='ocrx_word' id='word_1_257' title='bbox 456 1977 610 2015; x_wconf 82' lang='lat' dir='ltr'>apparari</span> <span class='ocrx_word' id='word_1_258' title='bbox 628 1974 741 2007; x_wconf 81' lang='lat' dir='ltr'>Muell.</span> <span class='ocrx_word' id='word_1_259' title='bbox 771 1976 814 2016; x_wconf 7' lang='lat' dir='ltr'>pii,</span> <span class='ocrx_word' id='word_1_260' title='bbox 835 1977 855 2015; x_wconf 87' lang='lat' dir='ltr'>i,</span> <span class='ocrx_word' id='word_1_261' title='bbox 879 1980 893 2014; x_wconf 67' lang='grc' dir='ltr'>ξ</span> <span class='ocrx_word' id='word_1_262' title='bbox 912 1977 969 2014; x_wconf 50' lang='grc'>65)</span> <span class='ocrx_word' id='word_1_263' title='bbox 1137 1977 1158 2004; x_wconf 90' lang='grc'>6</span> <span class='ocrx_word' id='word_1_264' title='bbox 1181 1985 1222 2004; x_wconf 82' lang='lat' dir='ltr'>eo</span> <span class='ocrx_word' id='word_1_265' title='bbox 1239 1975 1351 2005; x_wconf 77' lang='lat' dir='ltr'>vocari</span> <span class='ocrx_word' id='word_1_266' title='bbox 1371 1974 1421 2005; x_wconf 90' lang='lat' dir='ltr'>O:</span> 
     </span>
     <span class='ocr_line' id='line_1_30' title="bbox 90 2018 1420 2059; baseline -0.001 -9"><span class='ocrx_word' id='word_1_267' title='bbox 90 2019 223 2051; x_wconf 82' lang='lat' dir='ltr'>evocari</span> <span class='ocrx_word' id='word_1_268' title='bbox 235 2024 260 2059; x_wconf 83' lang='lat' dir='ltr'>p</span> <span class='ocrx_word' id='word_1_269' title='bbox 278 2019 342 2050; x_wconf 79' lang='lat' dir='ltr'>rell.</span> <span class='ocrx_word' id='word_1_270' title='bbox 361 2031 368 2049; x_wconf 92' lang='lat'>:</span> <span class='ocrx_word' id='word_1_271' title='bbox 393 2029 436 2049; x_wconf 90' lang='lat' dir='ltr'>eo</span> <span class='ocrx_word' id='word_1_272' title='bbox 452 2020 585 2050; x_wconf 88' lang='lat' dir='ltr'>evocari</span> <span class='ocrx_word' id='word_1_273' title='bbox 603 2019 718 2050; x_wconf 77' lang='lat' dir='ltr'>Muell.</span> <span class='ocrx_word' id='word_1_274' title='bbox 868 2029 883 2057; x_wconf 90' lang='lat'>7</span> <span class='ocrx_word' id='word_1_275' title='bbox 908 2020 1041 2057; x_wconf 85' lang='lat' dir='ltr'>quicum</span> <span class='ocrx_word' id='word_1_276' title='bbox 1060 2018 1107 2048; x_wconf 89' lang='lat' dir='ltr'>cO</span> <span class='ocrx_word' id='word_1_277' title='bbox 1123 2030 1129 2048; x_wconf 80' lang='lat' dir='ltr'>z</span> <span class='ocrx_word' id='word_1_278' title='bbox 1154 2028 1296 2057; x_wconf 87' lang='lat' dir='ltr'>quocum</span> <span class='ocrx_word' id='word_1_279' title='bbox 1311 2024 1335 2058; x_wconf 85' lang='lat' dir='ltr'>p</span> <span class='ocrx_word' id='word_1_280' title='bbox 1353 2018 1420 2049; x_wconf 73' lang='lat' dir='ltr'>rell.</span> 
     </span>
     <span class='ocr_line' id='line_1_31' title="bbox 90 2060 1421 2102; baseline -0.001 -10"><span class='ocrx_word' id='word_1_281' title='bbox 90 2063 206 2094; x_wconf 75' lang='lat' dir='ltr'>vivere</span> <span class='ocrx_word' id='word_1_282' title='bbox 222 2062 290 2093; x_wconf 86' lang='lat' dir='ltr'>cO:</span> <span class='ocrx_word' id='word_1_283' title='bbox 314 2062 402 2093; x_wconf 86' lang='lat' dir='ltr'>inire</span> <span class='ocrx_word' id='word_1_284' title='bbox 419 2062 610 2093; x_wconf 76' lang='lat' dir='ltr'>convivium</span> <span class='ocrx_word' id='word_1_285' title='bbox 622 2067 647 2102; x_wconf 89' lang='lat' dir='ltr'>p</span> <span class='ocrx_word' id='word_1_286' title='bbox 662 2063 728 2093; x_wconf 85' lang='lat' dir='ltr'>rell.</span> <span class='ocrx_word' id='word_1_287' title='bbox 867 2072 904 2092; x_wconf 93' lang='lat'>10</span> <span class='ocrx_word' id='word_1_288' title='bbox 929 2073 966 2092; x_wconf 83' lang='lat' dir='ltr'>ac</span> <span class='ocrx_word' id='word_1_289' title='bbox 984 2061 1072 2092; x_wconf 84' lang='lat' dir='ltr'>codd.</span> <span class='ocrx_word' id='word_1_290' title='bbox 1091 2073 1096 2091; x_wconf 88' lang='lat'><strong>:</strong></span> <span class='ocrx_word' id='word_1_291' title='bbox 1122 2068 1156 2092; x_wconf 87' lang='lat' dir='ltr'>et</span> <span class='ocrx_word' id='word_1_292' title='bbox 1171 2060 1240 2092; x_wconf 76' lang='lat' dir='ltr'>edd.</span> <span class='ocrx_word' id='word_1_293' title='bbox 1382 2071 1421 2091; x_wconf 79' lang='lat'>12</span> 
     </span>
     <span class='ocr_line' id='line_1_32' title="bbox 89 2103 1421 2146; baseline -0.002 -9"><span class='ocrx_word' id='word_1_294' title='bbox 89 2112 147 2137; x_wconf 91' lang='lat' dir='ltr'>tuo</span> <span class='ocrx_word' id='word_1_295' title='bbox 165 2106 317 2146; x_wconf 87' lang='lat' dir='ltr'>periculo</span> <span class='ocrx_word' id='word_1_296' title='bbox 336 2105 367 2137; x_wconf 93' lang='grc' dir='ltr'><em>Ο</em></span> <span class='ocrx_word' id='word_1_297' title='bbox 501 2116 538 2144; x_wconf 85' lang='lat'>15</span> <span class='ocrx_word' id='word_1_298' title='bbox 564 2111 694 2136; x_wconf 86' lang='lat' dir='ltr'>tuarum</span> <span class='ocrx_word' id='word_1_299' title='bbox 710 2106 786 2136; x_wconf 87' lang='lat' dir='ltr'>sort.</span> <span class='ocrx_word' id='word_1_300' title='bbox 799 2110 825 2145; x_wconf 83' lang='lat' dir='ltr'>p</span> <span class='ocrx_word' id='word_1_301' title='bbox 843 2105 907 2136; x_wconf 77' lang='lat' dir='ltr'>rell.</span> <span class='ocrx_word' id='word_1_302' title='bbox 923 2109 1053 2145; x_wconf 77' lang='lat' dir='ltr'>praeter</span> <span class='ocrx_word' id='word_1_303' title='bbox 1070 2103 1100 2134; x_wconf 89' lang='lat' dir='ltr'><strong><em>O</em></strong></span> <span class='ocrx_word' id='word_1_304' title='bbox 1118 2106 1189 2144; x_wconf 56' lang='lat' dir='ltr'>[pr.</span> <span class='ocrx_word' id='word_1_305' title='bbox 1212 2105 1421 2135; x_wconf 81' lang='lat' dir='ltr'>fortunarum</span> 
     </span>
     <span class='ocr_line' id='line_1_33' title="bbox 90 2147 1420 2187; baseline -0.002 -7"><span class='ocrx_word' id='word_1_306' title='bbox 90 2156 245 2180; x_wconf 87' lang='lat' dir='ltr'>tuarum:</span> <span class='ocrx_word' id='word_1_307' title='bbox 269 2149 342 2181; x_wconf 82' lang='lat' dir='ltr'>dein</span> <span class='ocrx_word' id='word_1_308' title='bbox 359 2160 437 2180; x_wconf 82' lang='lat' dir='ltr'>corr.</span> <span class='ocrx_word' id='word_1_309' title='bbox 459 2160 502 2180; x_wconf 87' lang='lat' dir='ltr'>m.</span> <span class='ocrx_word' id='word_1_310' title='bbox 526 2160 538 2179; x_wconf 94' lang='lat'>1</span> <span class='ocrx_word' id='word_1_311' title='bbox 556 2159 563 2187; x_wconf 83' lang='lat'><em>3</em></span> <span class='ocrx_word' id='word_1_312' title='bbox 588 2149 662 2180; x_wconf 82' lang='lat' dir='ltr'>Div.</span> <span class='ocrx_word' id='word_1_313' title='bbox 686 2153 701 2186; x_wconf 65' lang='grc' dir='ltr'><strong>ξ</strong></span> <span class='ocrx_word' id='word_1_314' title='bbox 721 2160 739 2179; x_wconf 82' lang='lat'><em>2</em></span> <span class='ocrx_word' id='word_1_315' title='bbox 924 2149 962 2178; x_wconf 92' lang='lat'>18</span> <span class='ocrx_word' id='word_1_316' title='bbox 986 2158 1096 2187; x_wconf 88' lang='lat' dir='ltr'>neque</span> <span class='ocrx_word' id='word_1_317' title='bbox 1114 2147 1182 2178; x_wconf 80' lang='lat' dir='ltr'>cOk</span> <span class='ocrx_word' id='word_1_318' title='bbox 1199 2159 1206 2178; x_wconf 78' lang='lat' dir='ltr'><em>z</em></span> <span class='ocrx_word' id='word_1_319' title='bbox 1231 2158 1299 2179; x_wconf 87' lang='lat' dir='ltr'>non</span> <span class='ocrx_word' id='word_1_320' title='bbox 1311 2153 1336 2187; x_wconf 83' lang='lat' dir='ltr'>p</span> <span class='ocrx_word' id='word_1_321' title='bbox 1354 2148 1420 2178; x_wconf 78' lang='lat' dir='ltr'>rell.</span> 
     </span>
     <span class='ocr_line' id='line_1_34' title="bbox 91 2190 1421 2232; baseline -0.002 -9"><span class='ocrx_word' id='word_1_322' title='bbox 91 2203 134 2224; x_wconf 79' lang='lat'>20</span> <span class='ocrx_word' id='word_1_323' title='bbox 157 2194 252 2231; x_wconf 85' lang='lat' dir='ltr'>alios,</span> <span class='ocrx_word' id='word_1_324' title='bbox 286 2194 370 2224; x_wconf 86' lang='lat' dir='ltr'>alios</span> <span class='ocrx_word' id='word_1_325' title='bbox 403 2198 513 2223; x_wconf 87' lang='lat' dir='ltr'>autem</span> <span class='ocrx_word' id='word_1_326' title='bbox 542 2193 676 2232; x_wconf 79' lang='lat' dir='ltr'>scripsi:</span> <span class='ocrx_word' id='word_1_327' title='bbox 716 2192 802 2223; x_wconf 87' lang='lat' dir='ltr'>alios</span> <span class='ocrx_word' id='word_1_328' title='bbox 830 2197 942 2222; x_wconf 87' lang='lat' dir='ltr'>autem</span> <span class='ocrx_word' id='word_1_329' title='bbox 973 2191 1062 2222; x_wconf 84' lang='lat' dir='ltr'>codd.</span> <span class='ocrx_word' id='word_1_330' title='bbox 1084 2196 1216 2231; x_wconf 71' lang='lat' dir='ltr'>practer</span> <span class='ocrx_word' id='word_1_331' title='bbox 1239 2190 1270 2220; x_wconf 92' lang='grc' dir='ltr'><em>Ο</em></span> <span class='ocrx_word' id='word_1_332' title='bbox 1308 2199 1421 2222; x_wconf 85' lang='lat' dir='ltr'>autem</span> 
     </span>
     <span class='ocr_line' id='line_1_35' title="bbox 89 2234 1418 2275; baseline -0.002 -8"><span class='ocrx_word' id='word_1_333' title='bbox 89 2237 189 2271; x_wconf 82' lang='lat' dir='ltr'>alios)</span> <span class='ocrx_word' id='word_1_334' title='bbox 208 2247 215 2266; x_wconf 77' lang='lat' dir='ltr'>z</span> <span class='ocrx_word' id='word_1_335' title='bbox 239 2237 322 2267; x_wconf 89' lang='lat' dir='ltr'>alios</span> <span class='ocrx_word' id='word_1_336' title='bbox 339 2242 396 2267; x_wconf 87' lang='lat' dir='ltr'>aut</span> <span class='ocrx_word' id='word_1_337' title='bbox 414 2237 515 2267; x_wconf 83' lang='lat' dir='ltr'>etiam</span> <span class='ocrx_word' id='word_1_338' title='bbox 532 2236 696 2267; x_wconf 83' lang='lat' dir='ltr'>Francius</span> <span class='ocrx_word' id='word_1_339' title='bbox 793 2246 835 2275; x_wconf 80' lang='lat'>25</span> <span class='ocrx_word' id='word_1_340' title='bbox 860 2241 975 2274; x_wconf 85' lang='lat' dir='ltr'>pretor</span> <span class='ocrx_word' id='word_1_341' title='bbox 992 2236 1167 2274; x_wconf 89' lang='lat' dir='ltr'>imperium</span> <span class='ocrx_word' id='word_1_342' title='bbox 1184 2234 1214 2265; x_wconf 92' lang='grc' dir='ltr'><em>Ο</em></span> <span class='ocrx_word' id='word_1_343' title='bbox 1232 2234 1302 2272; x_wconf 73' lang='lat' dir='ltr'><em>(cC.</em></span> <span class='ocrx_word' id='word_1_344' title='bbox 1320 2235 1418 2274; x_wconf 78' lang='lat' dir='ltr'>credo,</span> 
     </span>
     <span class='ocr_line' id='line_1_36' title="bbox 92 2273 1421 2319; baseline -0.002 -9"><span class='ocrx_word' id='word_1_345' title='bbox 92 2281 177 2319; x_wconf 73' lang='lat' dir='ltr'>1³·R·)</span> <span class='ocrx_word' id='word_1_346' title='bbox 277 2281 467 2319; x_wconf 84' lang='lat' dir='ltr'>praetoriae</span> <span class='ocrx_word' id='word_1_347' title='bbox 484 2280 578 2319; x_wconf 86' lang='lat' dir='ltr'>leges</span> <span class='ocrx_word' id='word_1_348' title='bbox 595 2280 717 2319; x_wconf 77' lang='lat' dir='ltr'>scripsi.</span> <span class='ocrx_word' id='word_1_349' title='bbox 737 2279 766 2309; x_wconf 90' lang='lat' dir='ltr'><em>O</em></span> <span class='ocrx_word' id='word_1_350' title='bbox 782 2283 918 2317; x_wconf 71' lang='lat' dir='ltr'>secutus,</span> <span class='ocrx_word' id='word_1_351' title='bbox 939 2280 970 2308; x_wconf 81' lang='lat' dir='ltr'>t&#39;n</span> <span class='ocrx_word' id='word_1_352' title='bbox 989 2288 1053 2318; x_wconf 84' lang='lat' dir='ltr'>quo</span> <span class='ocrx_word' id='word_1_353' title='bbox 1069 2282 1115 2308; x_wconf 75' lang='lat' dir='ltr'>est</span> <span class='ocrx_word' id='word_1_354' title='bbox 1132 2273 1205 2318; x_wconf 58' lang='grc' dir='ltr'><em>ι-ῥῗ.</em></span> <span class='ocrx_word' id='word_1_355' title='bbox 1218 2282 1256 2309; x_wconf 77' lang='lat' dir='ltr'>ut</span> <span class='ocrx_word' id='word_1_356' title='bbox 1270 2278 1312 2309; x_wconf 89' lang='lat' dir='ltr'>iii.</span> <span class='ocrx_word' id='word_1_357' title='bbox 1330 2282 1344 2315; x_wconf 74' lang='grc' dir='ltr'>ξ</span> <span class='ocrx_word' id='word_1_358' title='bbox 1362 2288 1397 2317; x_wconf 78' lang='lat'>¹7</span> <span class='ocrx_word' id='word_1_359' title='bbox 1415 2289 1421 2308; x_wconf 92' lang='lat'>:</span> 
     </span>
    </p>
   </div>
   <div class='ocr_carea' id='block_1_9' title="bbox 91 2320 1421 2449">
    <p class='ocr_par' dir='ltr' id='par_1_9' title="bbox 91 2320 1421 2449">
     <span class='ocr_line' id='line_1_37' title="bbox 92 2320 1421 2362; baseline -0.002 -9"><span class='ocrx_word' id='word_1_360' title='bbox 92 2323 208 2362; x_wconf 88' lang='lat' dir='ltr'>populi</span> <span class='ocrx_word' id='word_1_361' title='bbox 229 2323 373 2354; x_wconf 84' lang='lat' dir='ltr'>Romani</span> <span class='ocrx_word' id='word_1_362' title='bbox 390 2323 485 2362; x_wconf 82' lang='lat' dir='ltr'>leges</span> <span class='ocrx_word' id='word_1_363' title='bbox 503 2323 585 2362; x_wconf 58' lang='lat' dir='ltr'>rell„</span> <span class='ocrx_word' id='word_1_364' title='bbox 604 2322 674 2354; x_wconf 77' lang='lat' dir='ltr'><em>cdd.</em></span> <span class='ocrx_word' id='word_1_365' title='bbox 734 2323 846 2353; x_wconf 87' lang='lat' dir='ltr'>socios</span> <span class='ocrx_word' id='word_1_366' title='bbox 873 2322 1002 2361; x_wconf 55' lang='lat' dir='ltr'>sotios)</span> <span class='ocrx_word' id='word_1_367' title='bbox 1024 2320 1073 2351; x_wconf 81' lang='lat' dir='ltr'>O:</span> <span class='ocrx_word' id='word_1_368' title='bbox 1099 2333 1163 2352; x_wconf 87' lang='lat' dir='ltr'>om.</span> <span class='ocrx_word' id='word_1_369' title='bbox 1185 2321 1252 2352; x_wconf 81' lang='lat' dir='ltr'>rell.</span> <span class='ocrx_word' id='word_1_370' title='bbox 1271 2333 1276 2351; x_wconf 88' lang='lat'><strong>:</strong></span> <span class='ocrx_word' id='word_1_371' title='bbox 1302 2322 1421 2351; x_wconf 88' lang='lat' dir='ltr'>iudicia</span> 
     </span>
     <span class='ocr_line' id='line_1_38' title="bbox 91 2364 1420 2406; baseline -0.002 -10"><span class='ocrx_word' id='word_1_372' title='bbox 91 2367 129 2396; x_wconf 80' lang='lat' dir='ltr'>in</span> <span class='ocrx_word' id='word_1_373' title='bbox 151 2367 263 2397; x_wconf 85' lang='lat' dir='ltr'>socios</span> <span class='ocrx_word' id='word_1_374' title='bbox 286 2366 410 2405; x_wconf 82' lang='lat' dir='ltr'>fidelis,</span> <span class='ocrx_word' id='word_1_375' title='bbox 430 2367 635 2406; x_wconf 87' lang='lat' dir='ltr'>provinciam</span> <span class='ocrx_word' id='word_1_376' title='bbox 661 2366 886 2397; x_wconf 82' lang='lat' dir='ltr'>suburbanam</span> <span class='ocrx_word' id='word_1_377' title='bbox 911 2364 1040 2403; x_wconf 64' lang='lat' dir='ltr'>Muell„</span> <span class='ocrx_word' id='word_1_378' title='bbox 1067 2364 1249 2395; x_wconf 81' lang='lat' dir='ltr'>Halmium</span> <span class='ocrx_word' id='word_1_379' title='bbox 1275 2370 1420 2395; x_wconf 73' lang='lat' dir='ltr'>sccutus:</span> 
     </span>
     <span class='ocr_line' id='line_1_39' title="bbox 92 2408 1182 2449; baseline 0.001 -10"><span class='ocrx_word' id='word_1_380' title='bbox 92 2408 206 2449; x_wconf 65' lang='lat' dir='ltr'>leges?</span> <span class='ocrx_word' id='word_1_381' title='bbox 231 2410 378 2441; x_wconf 80' lang='lat' dir='ltr'>iudicia?</span> <span class='ocrx_word' id='word_1_382' title='bbox 403 2410 484 2441; x_wconf 87' lang='lat' dir='ltr'>socii</span> <span class='ocrx_word' id='word_1_383' title='bbox 502 2410 641 2441; x_wconf 78' lang='lat' dir='ltr'>fideles?</span> <span class='ocrx_word' id='word_1_384' title='bbox 667 2409 841 2449; x_wconf 84' lang='lat' dir='ltr'>provincia</span> <span class='ocrx_word' id='word_1_385' title='bbox 856 2408 1068 2440; x_wconf 78' lang='lat' dir='ltr'>suburbana?</span> <span class='ocrx_word' id='word_1_386' title='bbox 1095 2409 1182 2448; x_wconf 77' lang='lat' dir='ltr'>vulg.</span> 
     </span>
    </p>
   </div>
   <div class='ocr_carea' id='block_1_10' title="bbox 1516 46 1569 77">
    <p class='ocr_par' dir='ltr' id='par_1_10' title="bbox 1516 46 1569 77">
     <span class='ocr_line' id='line_1_40' title="bbox 1516 46 1569 66; baseline -0.038 0"><span class='ocrx_word' id='word_1_387' title='bbox 1516 46 1569 66; x_wconf 51' lang='lat' dir='ltr'>w:</span> 
     </span>
     <span class='ocr_line' id='line_1_41' title="bbox 1544 67 1563 77; baseline 0 0"><span class='ocrx_word' id='word_1_388' title='bbox 1544 67 1563 77; x_wconf 60' lang='lat' dir='ltr'><em>V</em></span> 
     </span>
    </p>
   </div>
  </div>
 </body>
</html>
