1600 2704
51 103 319 146 ACTIONIS
342 103 403 141 IN
425 102 470 142 C.
492 102 733 140 VERREM
755 101 1053 140 SECVNDAE
1076 101 1179 138 LIB.
1205 102 1264 139 IV
1331 111 1381 148 52

51 213 146 253 mari
177 212 374 252 disiuncta
405 217 582 261 angusto,
618 216 738 260 ponte
768 221 898 247 rursus
930 208 1156 259 adiungitur
1187 217 1225 247 et
1260 209 1381 247 conti-

49 285 172 317 netur.
234 278 292 316 Ea
321 283 430 315 tanta
458 283 516 314 est
545 274 637 312 urbs
665 281 707 312 ut
731 286 778 312 ex
804 280 990 322 quattuor
1017 272 1180 311 urbibus
1202 273 1380 311 maximis
1400 264 1451 302 53

49 350 228 382 constare
263 340 441 387 dicatur;
470 351 635 389 quarum
675 351 754 376 una
791 344 849 376 est
888 350 934 375 ea
965 350 1084 387 quam
1117 336 1197 376 dixi
1233 338 1378 384 Insula,

49 419 150 457 quae
185 405 343 444 duobus
378 403 555 455 portibus
587 402 716 441 cincta
750 402 789 440 in
822 401 1025 452 utriusque
1065 409 1200 452 portus
1236 402 1380 440 ostium

10 486 26 517 5
47 468 483 520 aditumque‘proiecta
508 475 593 516 est,-
623 466 662 505 in
692 479 772 517 qua
800 468 944 506 domus
975 474 1032 505 est
1063 479 1164 516 quae
1191 466 1379 505 Hieronis

48 534 146 585 regis
167 533 249 580 fuit,
273 546 351 584 qua
371 540 568 583 praetores
589 531 645 570 uti
667 532 805 570 solent.
866 533 914 570 In
932 544 977 570 ea
998 538 1089 569 sunt
1108 532 1228 570 aedes
1249 544 1380 571 sacrae

47 600 281 649 complures,
305 599 375 637 sed
396 599 498 636 duae
519 610 620 647 quae
641 598 758 647 longe
779 596 918 635 ceteris
939 597 1188 643 antecellant,
1214 596 1378 643 Dianae,

47 671 85 702 et
114 665 244 710 altera,
279 675 380 712 quae
410 662 481 700 fuit
512 669 604 700 ante
634 661 744 699 istius
775 662 991 700 adventurn
1023 659 1281 707 ornatissima,
1307 661 1378 699 Mi-

47 741 198 768 nervae.
260 729 308 767 In
339 729 412 766 hac
442 727 570 765 insula
596 734 769 765 extrema
798 734 856 764 est
887 727 974 764 fons
999 738 1125 776 aquae
1155 726 1293 771 dulcis,
1317 726 1379 765 cui

6 811 26 834 0
47 807 194 833 nomen
226 795 423 833 Arethusa
455 800 524 839 est,
561 791 783 831 incredibili
815 790 1099 841 magnitudine,
1127 790 1379 841 plenissimus

46 858 225 909 piscium,
248 858 316 909 qui
342 859 465 896 fluctu
493 865 599 895 totus
627 855 842 906 operiretur
872 855 945 894 nisi
967 855 1188 894 munitione
1208 868 1253 894 ac
1275 857 1379 894 mole

45 923 223 974 lapidum
239 922 440 962 diiunctus
457 929 559 961 esset
579 935 601 959 a
623 920 728 959 mari.
777 922 911 959 Altera
926 928 1058 958 autem
1081 927 1139 959 est
1160 920 1252 958 urbs
1274 919 1379 968 Syra—

45 988 160 1034 cusis,
193 987 255 1027 cui
287 1000 433 1026 nomen
465 985 693 1024 Achradina
723 992 811 1032 est,-
840 984 879 1022 in
901 997 980 1034 qua
1000 985 1127 1022 forum
1150 984 1375 1030 maximum,

44 1052 331 1104 pulcherrimae
352 1051 535 1102 porticus,
559 1049 851 1089 ornatissimum
880 1048 1114 1098 prytanium,
1137 1047 1379 1098 amplissima

0 1132 25 1165 '5
45 1125 103 1157 est
134 1117 240 1156 curia
269 1118 541 1167 templumque
573 1114 771 1165 egregium
804 1113 909 1151 Iovis
939 1113 1113 1163 Olympii
1144 1119 1378 1162 ceteraeque

45 1182 150 1221 urbis
180 1190 320 1233 partes,
352 1194 454 1231 quae
485 1194 565 1218 una
594 1180 655 1217 via
682 1180 759 1217 lata
792 1186 981 1229 perpetua
1016 1177 1228 1228 multisque
1260 1186 1379 1215 trans-

44 1246 163 1286 versis
202 1245 350 1285 divisae
389 1244 547 1296 privatis
586 1242 776 1283 aedificiis
815 1243 1078 1282 continentur.
1153 1242 1286 1281 Tertia
1321 1251 1378 1281 est

44 1311 137 1350 urbs
176 1323 288 1361 quae,
323 1311 433 1360 quod
473 1309 512 1347 in
545 1322 589 1348 ea
624 1316 732 1359 parte
769 1310 965 1346 Fortunae
1000 1309 1134 1346 sanum
1169 1308 1376 1357 antiquum

44 1375 127 1422 fuit,
151 1376 288 1426 Tycha
309 1374 512 1413 nominata
533 1381 590 1412 est
609 1389 618 1421 3
647 1373 686 1411 in
714 1386 792 1423 qua
820 1372 1068 1423 gymnasium
1090 1372 1377 1422 amplissimum

0 1455 26 1477 ιο
45 1448 103 1480 est
132 1447 170 1479 et
200 1441 423 1490 complures
453 1440 572 1478 aedes
603 1451 746 1485 sacrae,
769 1437 989 1487 coliturque
1016 1450 1061 1475 ea
1090 1449 1178 1487 pars
1204 1444 1241 1475 et
1272 1436 1379 1475 habi—

43 1512 145 1543 tatur
158 1503 485 1555 frequentissime.
546 1504 696 1552 Quarta
714 1510 847 1541 autem
866 1508 924 1541 est
940 1515 1052 1552 quae,
1071 1501 1163 1552 quia
1179 1509 1376 1551 postrema

42 1568 300 1609 coaedificata
330 1576 399 1616 est,
433 1567 623 1618 Neapolis
659 1567 884 1606 nominatur
902 1581 911 1615 3
946 1579 1065 1616 quam
1097 1568 1149 1605 ad
1181 1580 1377 1605 summam

42 1635 238 1673 theatrum
278 1633 504 1680 maximum,
547 1640 747 1683 praeterea
785 1633 867 1671 duo
901 1633 1049 1682 templa
1082 1638 1174 1670 sunt
1212 1632 1375 1681 egregia,

43 1697 196 1737 Cereris
227 1710 362 1745 unum,
395 1699 561 1737 alterum
595 1697 770 1744 Liberae,
808 1696 1043 1747 signumque
1073 1695 1283 1746 Apollinis,
1311 1697 1376 1746 qui

6 1778 22 1810 5
43 1763 272 1802 Temenites
293 1770 464 1809 vocatur,
496 1761 802 1812 pulcherrimum
834 1769 872 1800 et
902 1760 1117 1799 maximum
1136 1775 1146 1808 ,-
1176 1761 1284 1811 quod
1306 1760 1378 1799 iste

43 1826 72 1866 si
94 1834 248 1878 portare
269 1826 470 1877 potuisset,
495 1839 576 1864 non
599 1825 818 1865 dubitasset
840 1827 1001 1864 auferre.

96 1893 215 1930 Nunc
243 1893 294 1930 ad
327 1892 561 1930 Marcellum
592 1898 769 1938 revertar,
803 1904 852 1929 ne
885 1891 982 1928 haec
1011 1903 1034 1928 a
1064 1903 1127 1928 me
1155 1889 1238 1928 sine
1259 1902 1376 1928 causa

42 1963 351 1995 commemorata
385 1968 471 1995 esse
505 1955 722 1994 videantur.
783 1955 863 2004 Qui
899 1968 990 1993 cum
1023 1962 1103 1994 tam
1138 1956 1374 2004 praeclaram

41 2021 177 2059 urbem
200 2020 236 2059 vi
258 2020 461 2071 copiisque
483 2020 661 2070 cepisset,
686 2032 765 2058 non
795 2019 944 2069 putavit
972 2021 1023 2057 ad
1053 2021 1211 2058 laudem
1240 2019 1375 2069 populi

0 2099 24 2126 '·0
43 2085 214 2123 Romani
247 2086 323 2123 hoc
353 2084 556 2135 pertinere,
581 2085 683 2122 hanc
714 2084 1062 2133 pulchritudinem,
1087 2098 1133 2124 ex
1162 2097 1241 2134 qua
1270 2098 1376 2134 prae-

87 2198 99 2218 1
122 2188 288 2219 disiuncta
304 2186 388 2227 RSp
407 2188 439 2227 (ᾗ
458 2196 518 2225 103
529 2188 647 2226 supra)
664 2198 669 2216 :
696 2186 844 2218 diiuncta
861 2186 930 2218 edd.
947 2198 1015 2218 rece.
1039 2187 1152 2227 (infra,
1169 2187 1186 2219 l.
1208 2198 1266 2225 12;
1292 2187 1324 2225 ii,
1341 2188 1372 2222 ii,

44 2233 59 2267 ᾖ
94 2231 168 2270 154)
312 2241 332 2260 2
358 2231 407 2261 Ea
432 2228 521 2261 RS:
558 2234 591 2260 et
620 2228 700 2270 Hpq
851 2242 869 2268 4
897 2231 1061 2269 portubus
1089 2232 1106 2260 δ
1239 2241 1258 2270 5
1286 2232 1375 2270 regis

43 2272 206 2305 Hieronis
225 2275 241 2303 δ
378 2285 393 2313 7
419 2274 620 2304 antecedant
634 2278 684 2313 pr.
705 2273 734 2304 S
835 2274 964 2305 Dianae
982 2274 1126 2314 RSHp:
1161 2284 1226 2306 una
1246 2274 1375 2306 Dianae

45 2315 107 2357 Gl:
135 2317 263 2348 DIanae
289 2327 353 2348 una
379 2319 396 2347 δ
419 2317 489 2348 edd.
627 2319 664 2348 16
688 2327 773 2356 quae
799 2327 863 2348 om.
886 2319 930 2357 p5
1018 2317 1085 2348 lata
1102 2318 1155 2348 via
1176 2323 1201 2357 p
1334 2327 1374 2357 23

42 2359 209 2390 theatrum
230 2365 281 2392 est
300 2362 315 2390 ὃ
332 2360 400 2392 edd.

1403 114 1460 148 117

1404 315 1462 345 118

1404 935 1463 966 119

1397 1870 1449 1908 54

1402 1930 1461 1951 120
