1600 2704
634 114 957 161 PRAEFATIO

135 247 335 305 praecipui
355 245 438 284 eius
459 237 611 293 generis
632 233 719 274 libri
741 232 780 270 in
802 226 931 269 Gallia
950 220 1092 273 reperti
1117 222 1220 261 sunt,
1235 214 1356 251 altera
1376 207 1464 258 (Y)

137 316 276 359 Italica
299 312 379 351 sive
398 304 577 357 vulgaris.
638 302 746 339 Inter
767 295 809 334 X
829 301 868 332 et
900 288 1169 335 Ydisceptant
1188 278 1321 327 aliquo
1344 272 1466 311 modo

138 386 355 432 fragmenta
370 367 616 421 Palimpsesti
632 360 814 402 Vaticani
828 357 914 409 (V),
929 366 1021 393 cum
1035 343 1316 388 recentioribus
1338 344 1466 377 sectae

140 444 308 497 vulgaris
342 435 542 487 exempliS‚
577 438 820 482 quamquam
855 420 946 460 satis
980 419 1100 464 longo
1134 406 1348 449 intervallo,
1380 412 1471 439 con-

143 509 330 564 gruentia.

200 571 387 614 Familiae
415 567 457 605 X
483 565 614 603 nullus
641 560 718 597 iam
742 556 840 593 liber
871 563 952 589 non
983 552 1041 585 est
1065 539 1236 581 mutilus.
1298 532 1472 571 Primum

145 646 278 682 locum
317 634 471 675 obtinet
510 628 636 667 codex
682 613 1039 673 praestantissimus
1088 603 1237 654 Regius
1277 595 1475 637 Parisinus

152 718 255 756 7774
286 704 323 740 A
357 700 441 751 (R),
478 705 597 744 quem
636 696 764 727 totum
804 680 917 720 initio
946 673 1199 714 Verrinarum
1237 675 1379 713 corpus
1412 660 1481 696 ha-

150 770 283 811 buisse
303 761 487 816 perfacile
507 764 588 797 erat
612 756 882 793 demonstrare
903 744 959 795 (J.
983 741 1056 779 Ph.
1072 749 1158 782 xxx,
1178 745 1242 783 pp.
1264 731 1334 766 162
1351 722 1455 774 sqq.)
1475 737 1482 758 ι

153 840 335 886 quartum
365 833 519 866 tantum
551 829 589 859 et
621 816 806 867 quintum
832 810 953 848 libros
986 801 1107 842 hodie
1137 798 1237 836 inter
1268 792 1343 831 alia
1377 800 1483 827 com-

154 897 347 952 plectitur.
426 892 474 928 In
513 882 659 924 familia
709 880 745 916 Y
777 886 919 925 agmen
957 866 1066 908 ducit
1114 863 1239 901 codex
1288 853 1485 895 Parisinus

160 965 261 1015 7776
285 959 359 1011 (p),
381 966 520 995 omnes
541 947 738 988 orationes
765 938 985 979 continens.
1046 931 1170 968 Hunc
1189 925 1332 963 librum
1354 920 1487 957 denuo

159 1025 322 1071 excussi,
359 1029 398 1061 et
436 1018 578 1068 dignus
617 1017 698 1050 erat
732 1017 852 1057 quem
884 998 1031 1039 maiore
1065 994 1106 1031 in
1140 989 1265 1041 pretio
1298 985 1489 1023 haberent

161 1094 356 1136 editore53
395 1097 488 1124 nam
523 1077 680 1118 saeculo
719 1067 935 1111 undecimo
970 1066 1147 1101 exaratus
1182 1061 1250 1099 est,
1289 1057 1326 1089 et
1358 1058 1493 1097 quam-

163 1170 283 1209 quam
324 1153 464 1191 multas
503 1140 766 1184 correctiones
801 1123 1124 1185 pertulit-quod
1163 1120 1269 1157 idem
1304 1115 1406 1153 valet
1444 1111 1495 1148 de

165 1222 499 1261 Vaticano—-non
520 1216 578 1248 est
598 1215 731 1245 tamen
751 1201 852 1238 inter
871 1192 1084 1235 deteriores
1104 1179 1439 1225 adnumerandus.

224 1289 332 1325 Inter
351 1284 425 1320 hos
446 1283 676 1321 ceterosque
697 1264 913 1306 earundem
937 1264 1131 1297 sectarum
1159 1249 1279 1287 libros
1308 1239 1497 1294 processit

170 1355 248 1393 iam
287 1349 413 1388 codex
446 1339 616 1381 maxime
650 1329 813 1381 insignis
850 1319 1110 1366 cluniacensis
1148 1329 1177 1353 s.
1208 1307 1499 1351 ffiffklzamicus,

172 1430 291 1469 quem
312 1421 355 1452 ut
370 1417 486 1449 antea
506 1402 586 1444 dixi
605 1403 793 1438 latentem
815 1405 888 1442 ego
908 1389 948 1427 in
969 1383 1211 1425 bibliotheca
1232 1369 1500 1414 Holkhamica

175 1481 292 1533 (387)
321 1473 452 1517 detexi
478 1478 516 1510 et
536 1468 642 1506 velut
671 1455 892 1509 recognovi.
952 1451 1031 1490 Sed
1058 1461 1107 1485 ne
1134 1442 1301 1482 nimium
1323 1435 1502 1475 mihimet

177 1550 261 1599 ipse
285 1544 417 1582 videar
448 1536 628 1578 tribuere,
653 1529 758 1566 iuvat
789 1525 866 1561 hoc
897 1521 987 1557 loco
1016 1508 1202 1564 profiteri,
1222 1506 1263 1544 id
1293 1502 1402 1552 quod
1426 1499 1503 1536 iam

178 1615 218 1653 in
240 1609 429 1651 Anecdoto
449 1613 539 1640 meo
560 1595 645 1641 feci,
661 1593 722 1631 vel
742 1596 833 1628 ante
854 1578 1083 1631 me——quod
1110 1583 1194 1613 tum
1223 1567 1508 1620 ignorabam-—

182 1677 355 1718 eundem
386 1671 492 1708 hunc
528 1661 707 1702 codicem
747 1649 961 1702 inspexisse
994 1644 1119 1682 virum
1158 1638 1198 1675 in
1238 1642 1318 1673 arte
1356 1631 1512 1680 palaeo-

187 1804 351 1846 Publica
372 1792 590 1838 parisiensi,
614 1796 651 1828 et
681 1796 789 1824 nono
810 1778 967 1819 saeculo
987 1774 1070 1811 iure
1090 1766 1351 1807 ascribentem
1372 1759 1510 1797 sollum

188 1880 269 1912 arte
282 1858 593 1920 photographica
609 1852 812 1902 depictum
832 1845 872 1882 in
894 1855 941 1880 eo
954 1834 1155 1877 volumine
1176 1840 1332 1869 curasse
1347 1825 1520 1862 inseren-

191 1939 287 1977 dum
315 1930 425 1982 quod
454 1922 578 1964 edidit
609 1920 653 1957 E.
679 1909 886 1955 Chatelain
914 1897 1207 1956 (Palc'ograplzt'e
1231 1894 1292 1930 des
1320 1888 1519 1934 classiques

193 2002 339 2041 latins:
370 1996 427 2033 Pl.
449 1987 550 2029 xxvii
575 1985 627 2035 a).
688 1981 942 2028 Quamquam
974 1980 1056 2006 non
1082 1963 1235 2001 videtur
1265 1957 1328 1994 ille
1358 1951 1518 2003 quidem

196 2056 517 2106 animadvertisse
547 2050 696 2089 nedum
726 2042 1000 2089 interpretatus
1030 2036 1088 2068 est
1118 2024 1328 2063 verborum
1361 2013 1521 2063 vestigia

198 2133 238 2170 in
259 2127 385 2179 primo
405 2120 500 2160 folio
527 2113 785 2162 ascriptorum
806 2105 843 2142 d⁷
861 2100 986 2139 caneva
1013 2091 1108 2133 clzm'
1133 2090 1171 2140 (i.
1188 2101 1223 2126 e.
1252 2087 1302 2123 de
1326 2085 1524 2120 conventu

201 2186 485 2237 Cluniacensi),
500 2193 600 2232 quae
621 2188 694 2226 ego
711 2177 868 2211 secutus
889 2172 927 2204 et
947 2160 1063 2201 simul
1078 2163 1249 2195 veterem
1266 2149 1375 2186 illum
1391 2143 1532 2182 catalo-

204 2273 296 2314 gum
328 2249 540 2302 respiciens
579 2253 697 2293 quem
737 2239 891 2274 constat
930 2229 969 2266 in
1008 2216 1245 2263 monasterio
1280 2204 1532 2252 Cluniacensi

206 2328 306 2366 inter
344 2328 469 2359 annos
509 2322 594 2349 A.D.
634 2304 732 2353 1158
772 2307 810 2338 et
849 2297 944 2334 1161
988 2301 1073 2329 esse
1111 2276 1374 2322 confectum¹‚
1416 2269 1531 2309 statui

428 2397 434 2412 ¹
462 2391 603 2425 Delisle,
623 2385 757 2417 Cabinet
771 2380 825 2411 des
842 2371 1052 2407 Mannscrits.
1073 2367 1108 2404 ii,
1125 2375 1157 2404 p.
1176 2361 1238 2400 458
1256 2369 1305 2396 sq.

856 2445 891 2469 lv
