1600 2704
119 157 176 196 94
200 164 260 186 220
562 148 618 185 M.
651 148 820 186 TVLLI
852 147 1158 187 CICERONIS

195 273 360 307 summa,
395 260 465 299 sed
494 272 618 310 genus
649 259 933 299 aestimationis
960 260 1031 298 erit
1059 260 1372 310 comprobatum,
1395 273 1525 310 neque

195 326 272 364 hoc
303 325 465 376 potestis
487 324 670 372 iudicare,
694 325 812 363 ternis
834 325 1003 364 denariis
1030 325 1235 364 aestimare
1262 325 1388 373 licere,
1412 325 1524 365 denis

195 403 276 428 non
315 390 440 429 licere.
512 390 591 429 Vbi
623 390 729 428 enim
764 391 885 429 semel
919 390 969 428 ab
1003 403 1185 428 annonae
1220 389 1370 429 ratione
1403 397 1441 428 et
1475 390 1524 428 ab

194 462 390 494 aratorum
412 456 613 493 voluntate
642 468 700 493 res
727 455 778 493 ad
809 454 995 504 praetoris
1021 454 1227 493 libidinem
1249 455 1433 492 translata
1454 462 1522 500 est,

194 532 275 557 non
297 527 355 557 est
377 519 452 557 iam
478 519 517 557 in
544 521 628 568 lege
650 532 778 569 neque
800 519 838 557 in
860 519 1000 565 officio,
1024 520 1094 558 sed
1122 519 1161 556 in
1182 520 1382 557 voluntate
1403 518 1526 557 homi·
1545 534 1562 565 5

122 592 177 632 95
197 597 291 621 num
313 591 432 633 atque
451 583 611 622 avaritia
631 583 782 633 positus
804 584 946 623 modus
962 583 1207 622 aestimandi.
1260 584 1526 634 Quapropter,

112 855 170 878 221

112 1567 171 1590 222

195 648 317 687 sivos
342 650 463 687 semel
492 648 530 686 in
556 647 771 687 iudicando
792 648 911 686 finem
938 647 1146 697 aequitatis
1176 655 1214 686 et
1244 647 1339 697 legis
1369 647 1527 686 transie-

194 713 286 759 ritis,
311 713 449 751 scitote
470 725 539 752 vos
561 714 712 751 nullum
739 712 878 751 ceteris
906 712 945 751 in
969 711 1216 752 aestimando
1237 713 1356 752 finem
1385 712 1526 763 impro-

195 777 327 816 bitatis
348 785 386 816 et
406 776 588 816 avaritiae
610 776 822 827 reliquisse.

249 841 393 881 Videte
432 841 547 892 igitur
585 855 704 892 quarn
744 842 866 880 multa
905 840 1019 880 simul
1057 854 1080 880 a
1114 840 1226 880 vobis
1264 842 1522 892 postulentur.
1548 854 1586 877 10

195 906 401 945 Absolvite
418 919 508 945 eum
525 906 593 956 qui
614 919 655 945 se
672 907 836 945 fateatur
853 906 1041 945 maximas
1058 905 1245 957 pecunias
1262 919 1354 945 cum
1371 919 1526 945 summa

194 972 391 1010 sociorum
414 971 553 1010 iniuria
574 971 736 1022 cepisse.
795 972 887 1010 Non
919 979 976 1011 est
1007 971 1124 1010 satis:
1156 978 1246 1010 sunt
1275 970 1341 1009 alii
1365 984 1526 1021 quoque

194 1038 418 1088 complures
448 1036 515 1086 qui
546 1036 652 1075 idem
683 1036 854 1075 fecerint.
915 1036 1121 1075 Absolvite
1142 1036 1260 1075 etiarn
1282 1035 1381 1082 illos,
1405 1036 1436 1074 si
1457 1035 1525 1085 qui

195 1108 295 1147 sunt,
316 1108 357 1139 ut
378 1113 458 1139 uno
479 1100 626 1139 iudicio
647 1113 765 1151 quam
788 1101 976 1151 plurimos
997 1100 1198 1152 improbos
1220 1100 1403 1139 liberetis.
1463 1101 1525 1138 Ne

194 1164 234 1204 id
265 1165 426 1215 quidem
461 1164 553 1202 satis
580 1172 662 1204 est:
693 1165 808 1203 facite
838 1172 879 1203 ut
904 1165 1046 1204 vceteris
1078 1166 1242 1216 posthac
1266 1165 1372 1204 idem
1396 1164 1521 1202 liceat.
1547 1176 1584 1209 15

194 1229 373 1268 Licebit:
413 1230 545 1268 adhuc
583 1242 721 1280 parum
759 1237 828 1268 est.
899 1230 1116 1269 Permittite
1155 1238 1198 1268 ut
1235 1229 1349 1268 liceat
1387 1229 1524 1279 quanti

194 1295 362 1345 quisque
383 1294 474 1333 velit
495 1294 592 1332 tanti
612 1294 829 1333 aestimare.
890 1294 1129 1334 Permissum
1159 1302 1241 1333 est:
1272 1293 1524 1333 stultissimus

193 1359 362 1410 quisque
382 1360 547 1410 posthac
569 1359 734 1398 minimo
765 1360 998 1399 aestimabit.
1059 1359 1212 1399 Videtis
1234 1359 1310 1398 iam
1333 1360 1523 1409 profecto,

193 1424 354 1471 iudices,
374 1425 447 1463 hac
467 1424 740 1463 aestimatione
761 1437 783 1462 a
804 1424 914 1464 vobis
936 1425 1191 1475 comprobata
1212 1438 1342 1474 neque
1358 1425 1523 1463 modum

194 1491 360 1539 posthac
399 1488 581 1528 avaritiae
620 1489 853 1539 cuiusquam
888 1503 1018 1540 neque
1053 1503 1222 1540 poenam
1262 1488 1523 1539 improbitatis
1545 1499 1585 1522 20

194 1555 375 1592 futuram.
437 1555 568 1602 Quam
599 1555 652 1592 ob
682 1567 763 1592 rem
794 1554 890 1604 quid
915 1554 1007 1604 agis,
1033 1554 1254 1593 Hortensi?
1310 1554 1462 1593 Consul
1483 1567 1524 1592 es

193 1619 432 1669 designatus,
484 1618 725 1669 provinciam
776 1619 981 1658 sortiturus
1029 1632 1070 1658 es
1088 1634 1098 1667 5
1154 1620 1204 1659 de
1251 1618 1525 1658 aestimatione

194 1683 379 1722 frumenti
410 1697 501 1722 cum
530 1683 650 1729 dices,
674 1684 729 1722 sic
758 1692 795 1722 te
822 1684 1029 1723 audiemus
1055 1684 1166 1734 quasi
1187 1684 1227 1723 id
1248 1685 1357 1734 quod
1377 1684 1428 1722 ab
1449 1683 1524 1723 isto

193 1755 297 1786 recte
319 1749 465 1785 factum
494 1761 580 1786 esse
609 1749 800 1787 defendes
831 1756 867 1786 te
897 1749 1090 1787 facturum
1111 1749 1327 1799 profiteare,
1351 1756 1389 1788 et
1409 1748 1521 1798 quasi
1598 1751 1600 1785 i

193 1812 302 1861 quod
333 1812 394 1850 isti
424 1812 574 1850 licitum
604 1825 690 1851 esse
719 1812 826 1852 dices
848 1814 1101 1852 vehementer
1129 1813 1264 1863 cupias
1294 1813 1365 1851 tibi
1392 1813 1518 1852 licere.
1543 1825 1582 1858 ²5

194 1876 328 1926 Atqui,
370 1877 401 1915 si
441 1877 481 1916 id
520 1877 664 1924 licebit,
705 1878 802 1916 nihil
841 1886 899 1918 est
937 1880 1046 1929 quod
1091 1878 1235 1929 putetis
1280 1892 1522 1929 quemquam

194 1943 359 1992 posthac
391 1942 694 1981 commissurum
735 1952 776 1982 ut
809 1945 858 1983 de
898 1944 1074 1994 pecuniis
1114 1944 1341 1994 repetundis
1380 1944 1524 1983 conde-

237 2056 256 2076 2
282 2046 379 2079 denis
397 2056 465 2077 non
485 2046 586 2078 licere
607 2046 706 2079 VcO:
731 2058 797 2080 om.
811 2052 836 2089 p
853 2047 918 2080 rell.
1031 2060 1050 2087 4
1076 2053 1267 2088 praetorum
1289 2048 1320 2078 V
1418 2048 1439 2078 8
1464 2048 1523 2077 im-

193 2088 349 2128 probitati
362 2094 387 2129 p
403 2090 520 2130 etpler.
543 2092 647 2131 :foy-t.
667 2095 741 2123 recte
875 2101 912 2131 13
937 2091 1027 2122 idem
1043 2093 1100 2131 qui
1120 2092 1150 2123 O
1286 2101 1324 2130 14
1349 2090 1522 2130 improbos

197 2132 272 2163 VcO
289 2144 295 2162 :
320 2133 441 2172 impios
452 2139 477 2173 p
496 2134 561 2166 rell.
706 2145 755 2174 17,
780 2136 817 2167 18
842 2135 926 2166 tanti
943 2160 949 2167 .
971 2160 978 2167 .
1000 2159 1006 2167 .
1026 2134 1229 2173 aestimabit,
1247 2134 1363 2165 mediis
1377 2134 1519 2173 omisszls,

188 2179 212 2214 p
229 2180 258 2206 et
273 2175 336 2207 rell.
352 2181 483 2215 praeter
501 2178 562 2209 VO
657 2188 694 2218 17
721 2179 925 2210 Permissum
945 2184 1019 2210 esto
1035 2177 1176 2208 Halmio
1192 2181 1274 2208 auct.
1293 2177 1396 2217 Kays.
1414 2189 1420 2207 :
1445 2187 1521 2217 per-

194 2219 331 2248 missum
357 2221 421 2250 erit
444 2220 558 2252 Muell.
716 2232 754 2252 21
781 2232 880 2262 quam
908 2222 949 2253 ob
978 2232 1049 2253 rem
1079 2222 1163 2253 VO:
1187 2232 1269 2261 quas
1285 2221 1326 2251 ob
1344 2225 1433 2260 resp
1451 2220 1515 2251 rell.

193 2270 235 2291 22
259 2262 436 2293 sortiturus
466 2274 503 2294 es
526 2270 551 2304 p
577 2264 659 2296 Ant.
680 2265 824 2306 August.
850 2265 914 2297 aL:
941 2266 1079 2297 sortitus
1100 2275 1137 2296 es
1160 2266 1224 2296 rell.
1239 2268 1370 2305 praeter
1384 2263 1415 2295 O
1435 2266 1517 2299 (sor-

194 2305 261 2343 tiri‘j
284 2315 289 2334 z
315 2307 459 2337 sortiere
480 2308 591 2339 Muell.
728 2319 769 2348 24
795 2309 956 2340 defendes
977 2309 1025 2340 V:
1049 2309 1091 2340 -is
1109 2309 1175 2339 rell.
1319 2316 1361 2347 25
1385 2307 1468 2338 dicis
1487 2306 1518 2336 Ο

194 2348 307 2386 cupias
326 2348 381 2378 tibi
402 2349 502 2380 licere
518 2356 559 2382 at.
580 2351 686 2391 suppl.
707 2353 739 2382 in
757 2352 814 2383 lac.
829 2351 865 2392 p²
