1600 2704
1452 52 1522 66 [ιι

79 86 349 127 ACTroNIS
381 88 442 126 IN
472 88 518 128 C.
539 88 783 128 VERREM
813 88 1111 128 SECVNDAE
1143 90 1245 129 LIB.
1270 91 1313 130 11
1359 99 1407 138 73
1429 67 1513 139 {59⁴

77 196 110 236 si
130 209 231 247 quae
260 198 428 248 cognovi
457 197 496 236 in
526 196 666 244 Sicilia,
693 210 796 248 quae
821 197 958 249 accepi
985 199 1036 237 ab
1066 198 1171 249 ipsis,
1200 199 1407 250 diligenter

76 274 305 312 exposuero,
323 264 472 313 populo
493 264 679 301 Romano
699 262 731 301 si
750 263 894 302 nullius
914 263 1007 311 vim,
1023 262 1167 301 nullius
1188 264 1406 313 potentiam

74 325 324 376 pertimuero,
342 327 454 365 vobis
475 326 506 365 si
526 327 752 365 facultatem
768 341 857 367 vere
877 335 996 378 atque
1017 328 1183 366 honeste
1203 328 1405 367 iudicandi

74 391 153 430 fide
191 399 230 430 et
268 391 468 442 diligentia
508 404 595 430 mea
633 393 773 439 fecero,
816 392 996 432 mihimet
1037 392 1068 431 si
1107 405 1157 431 ne
1196 392 1405 431 minimum

34 471 50 501 5
72 455 235 506 quidem
274 457 325 495 de
363 469 453 496 meo
485 456 678 496 curriculo
709 457 820 504 vitae,
855 458 964 507 quod
999 457 1097 495 mihi
1132 469 1286 507 semper
1320 470 1405 507 pro-

71 520 244 571 positum
265 520 348 567 fuit,
371 521 589 560 decessero.
652 522 903 572 Quapropter
924 521 1021 560 nihil
1042 529 1100 561 est
1120 523 1229 572 quod
1250 530 1402 561 metuas
1427 531 1487 561 180

69 597 119 623 ne
139 584 237 635 quid
257 584 297 622 in
317 593 355 624 te
375 586 599 635 confingam
616 600 622 623 :
651 585 770 624 etiam
791 586 900 636 quod
919 587 1061 625 laetere
1082 587 1215 625 habes.
1273 588 1403 626 Multa

69 648 176 688 enim
197 662 298 699 quae
319 649 401 688 scio
420 663 443 688 a
465 657 503 688 te
523 663 608 688 esse
629 650 851 697 commissa,
870 652 979 700 quod
998 659 1065 689 aut
1086 651 1252 689 nimium
1274 652 1400 702 turpia

68 721 135 752 aut
164 726 302 764 parum
333 714 536 753 credibilia
566 722 666 762 sunt,
701 715 1018 765 praetermittam.
1077 717 1252 754 Tantum
1286 729 1399 766 agam

11 792 48 815 10
68 779 119 818 de
153 779 230 817 hoc
251 786 335 818 toto
364 781 526 820 nomine
556 780 763 820 societatis.
822 781 876 818 Vt
897 780 973 818 iam
1002 780 1099 818 scire
1124 780 1260 830 possis,
1283 793 1399 831 quae-

66 856 148 882 ram
171 845 427 883 decretumne
450 845 508 883 sit.
561 846 663 884 Cum
685 844 725 883 id
745 844 943 891 invenero,
966 857 1151 894 quaeram
1172 852 1398 884 remotaene

65 908 144 947 sint
173 909 334 948 litterae.
400 911 505 949 Cum
532 909 573 949 id
597 922 757 960 quoque
786 909 993 953 constabit,
1025 921 1094 946 vos
1124 908 1202 946 iam
1226 910 1303 947 hoc
1334 923 1397 948 me

64 972 186 1012 tacito
218 974 475 1024 intellegetis:
510 974 542 1013 si
573 974 627 1011 illi
656 973 724 1023 qui
753 974 830 1011 hoc
860 973 970 1010 istius
996 985 1114 1011 causa
1138 973 1395 1011 decreverunt

63 1038 217 1088 equites
250 1039 424 1079 Romani
458 1051 564 1077 nunc
595 1038 701 1077 idem
731 1037 771 1074 in
801 1049 892 1075 eum
922 1036 1072 1075 iudices
1102 1044 1242 1083 essent,
1277 1037 1395 1075 istum

6 1117 43 1149 15
64 1102 148 1141 sine
179 1103 304 1143 dubio
334 1105 655 1150 condemnarent,
689 1104 740 1141 de
769 1114 850 1152 quo
880 1102 1026 1141 litteras
1056 1115 1121 1141 eas
1151 1115 1252 1152 quae
1284 1102 1394 1141 istius

63 1168 165 1206 furta
202 1167 422 1208 indicarent
460 1176 497 1206 et
530 1169 582 1206 ad
613 1181 655 1206 se
688 1167 825 1206 missas
855 1174 893 1205 et
927 1180 999 1206 suo
1030 1168 1190 1206 decreto
1225 1175 1394 1206 remotas

63 1233 207 1272 scirent
241 1247 337 1273 esse.
397 1235 529 1283 Quem
559 1233 674 1283 igitur
701 1232 752 1272 ab
783 1232 828 1271 iis
858 1231 1057 1282 equitibus
1089 1231 1292 1277 Romanis,
1326 1231 1393 1280 qui

62 1297 172 1337 istius
197 1312 316 1338 causa
339 1298 503 1349 cupiunt
527 1298 674 1346 omnia,
694 1297 762 1348 qui
788 1297 838 1335 ab
866 1309 914 1336 eo
939 1296 1219 1346 benignissime
1240 1297 1392 1334 tractati

61 1370 165 1410 sunt,
197 1363 454 1403 condemnari
480 1376 641 1402 necesse
665 1370 777 1409 esset,
802 1362 833 1400 is
854 1375 876 1400 a
896 1361 1019 1407 vobis,
1044 1360 1204 1407 iudices,
1233 1362 1311 1398 ulla
1331 1361 1393 1398 via

2 1443 42 1466 20
60 1435 127 1466 aut
148 1428 298 1467 ratione
317 1427 469 1467 absolvi
489 1429 647 1478 potest?

114 1494 174 1531 Ac
194 1506 244 1531 ne
264 1490 363 1531 forte
383 1505 442 1540 ea,
463 1505 564 1542 quae
587 1499 738 1531 remota
758 1492 808 1531 de
830 1490 963 1530 medio
983 1498 1101 1540 atque
1121 1497 1255 1540 erepta
1275 1489 1391 1528 nobis
1415 1494 1472 1524 181

59 1564 161 1603 sunt,
195 1557 329 1595 omnia
371 1557 424 1595 ita
462 1557 622 1596 condita
661 1556 780 1595 fuisse
817 1564 937 1606 atque
976 1556 1027 1594 ita
1061 1555 1197 1594 abdita
1231 1555 1391 1594 latuisse

57 1621 265 1662 videantur
295 1631 337 1663 ut
376 1625 472 1662 haec
506 1623 719 1674 diligentia,
756 1635 875 1673 quam
914 1634 987 1671 ego
1020 1634 1043 1658 a
1077 1633 1141 1658 me
1174 1620 1391 1669 exspectari

58 1687 226 1727 maxime
241 1696 348 1738 puto,
367 1688 464 1726 nihil
484 1701 620 1727 eorum
640 1686 883 1736 investigare,
902 1684 999 1724 nihil
1019 1684 1184 1734 adsequi
1205 1684 1386 1734 potuerit,

0 1764 37 1796 25
56 1764 211 1802 —-quae
227 1752 392 1792 consilio
411 1753 545 1803 aliquo
564 1760 631 1791 aut
650 1751 801 1790 ratione
816 1749 981 1789 inveniri
1001 1757 1213 1799 potuerunt
1229 1748 1388 1788 inventa

55 1825 158 1863 sunt,
195 1817 369 1856 iudices:
411 1817 627 1856 manifestis
666 1816 707 1854 in
746 1816 862 1854 rebus
902 1814 1106 1853 hominem
1145 1813 1223 1852 iam
1262 1814 1386 1852 teneri

56 1880 250 1921 videbitis.
301 1883 406 1920 Nam
427 1883 536 1932 quod
556 1881 597 1920 in
618 1881 920 1932 publicanorum
941 1879 1068 1918 causis
1089 1879 1150 1917 vel
1170 1878 1384 1927 plurimum

77 1995 98 2016 2
121 1986 188 2016 vim
206 1984 331 2016 nullius
348 1995 415 2015 om.
435 1983 494 2015 CO
648 1994 668 2022 4
693 1983 846 2014 mihimet
863 1983 892 2014 si
911 1982 1034 2023 COpq:
1060 1981 1141 2012 mihi
1157 1981 1191 2010 in
1210 1991 1250 2011 eo
1268 1981 1296 2012 si
1314 1981 1381 2012 rell.

54 2030 76 2060 8
98 2039 118 2060 a
134 2034 167 2060 te
183 2028 242 2060 CO
259 2040 265 2059 :
290 2028 348 2059 abs
364 2032 434 2068 tep
451 2027 516 2059 rell.
660 2037 699 2058 10
723 2027 858 2057 nomine
875 2025 962 2057 codd.
982 2037 988 2055 :
1013 2025 1152 2056 crimine
1170 2023 1270 2063 Bake,
1291 2024 1388 2055 Cobet

55 2073 172 2103 utiam
189 2072 274 2103 scire
291 2072 402 2111 possis
420 2070 497 2102 CO:
523 2075 557 2102 ut
574 2080 647 2101 eam
665 2070 752 2101 scire
769 2069 906 2110 possitis
917 2075 942 2109 p
960 2068 1028 2100 rell.
1111 2077 1270 2107 quaeram
1290 2092 1296 2098 .
1317 2092 1322 2098 .
1345 2091 1351 2098 .
1371 2092 1378 2099 .

54 2115 218 2146 invenero
235 2115 286 2146 ελ.
300 2115 339 2155 p²
475 2124 512 2145 12
536 2115 601 2145 iam
619 2114 681 2144 hoc
699 2123 752 2143 me
769 2125 790 2142 π
805 2124 810 2143 :
835 2113 897 2143 hoc
915 2122 980 2144 om.
999 2112 1017 2141 b
1035 2110 1112 2150 (vos
1129 2111 1194 2141 iam
1210 2112 1278 2148 me)
1297 2123 1304 2142 :
1328 2121 1384 2142 me

54 2159 120 2189 iam
137 2160 199 2190 hoc
218 2158 278 2190 CO
412 2167 451 2196 14
476 2161 505 2188 et
524 2168 560 2196 17
585 2167 636 2196 eq.
658 2157 756 2187 Rom.
776 2155 846 2188 secl.
864 2155 964 2194 Bake,
985 2154 1088 2194 Kays.
1199 2156 1238 2184 16
1262 2154 1383 2185 missas

54 2212 131 2233 esse
146 2213 207 2234 suo
226 2201 285 2233 CO
420 2210 460 2240 19
484 2201 537 2231 via
555 2199 624 2240 Cpq
640 2211 646 2230 z
670 2201 703 2231 vi
722 2199 789 2231 rell.
901 2209 943 2229 20
967 2202 1079 2238 potest
1091 2197 1136 2238 pb
1151 2198 1242 2238 vulg.
1265 2197 1377 2237 (prob.

54 2245 133 2278 Ziel.
146 2251 181 2286 p.
205 2244 278 2284 194)
295 2256 301 2274 :
326 2244 435 2284 potuit
454 2242 532 2274 CO:
558 2243 683 2284 poterit
700 2241 809 2273 Halm
827 2241 860 2281 (ξ
881 2251 942 2281 ῐο5
959 2243 1074 2282 supra)
1201 2251 1242 2271 22
1268 2240 1381 2271 abdite

55 2287 213 2329 Cb5forte
229 2292 305 2319 recte
451 2296 493 2326 23
517 2287 601 2317 haec
620 2285 678 2316 CO
693 2297 699 2316 ε
725 2286 823 2325 hacp
841 2284 906 2315 rell.
1052 2294 1093 2323 24
1118 2283 1317 2323 investigari
1336 2282 1383 2314 Cb

55 2333 96 2362 26
119 2332 230 2363 teneri
247 2330 404 2363 videbitis
414 2331 458 2371 pb
473 2330 562 2372 vulg.
582 2329 686 2371 (prob.
706 2328 786 2359 Ziel.
806 2327 872 2370 l.c.)
888 2340 894 2359 :
918 2327 1075 2360 videbitis
1091 2328 1201 2358 teneri
1220 2327 1278 2358 CO

1252 2391 1291 2421 13

97 2403 159 2426 c1c.
179 2403 258 2425 VER-
