1600 2704
85 154 181 188 1135
494 127 551 165 M.
591 119 759 161 TVLLI
798 106 1105 156 CICERONIS

141 262 227 293 tum
257 247 534 288 interfuturum
565 236 613 276 sit
644 234 744 272 inter
778 238 907 267 meam
940 228 1129 268 tuamque
1160 206 1464 252 accusationem.

144 320 231 367 Ego
262 312 380 353 etiam
414 318 516 358 quae
554 310 596 340 tu
634 298 719 337 sine
748 295 871 331 Verre
902 279 1134 326 commisisti
1165 272 1279 314 Verri
1316 265 1469 310 crimini

145 385 306 423 daturus
336 387 434 419 sum,
457 368 567 421 quod
596 372 634 403 te
663 374 744 400 non
773 349 1031 409 prohibuerit,
1050 357 1141 384 cum
1162 349 1358 380 summam
1387 332 1471 382 ipse

145 447 308 487 haberet
339 442 600 492 potestatem:
630 436 672 466 tu
706 430 843 464 contra
874 431 925 457 ne
958 425 1059 464 quae
1092 409 1156 448 ille
1191 403 1354 455 quidem
1382 394 1474 435 fecit

148 510 311 556 obicies,
330 518 381 544 ne
401 514 480 553 qua
500 512 547 537 ex
566 501 675 546 parte
695 487 931 528 coniunctus
952 490 1043 518 cum
1061 488 1111 514 eo
1131 468 1333 521 reperiare.
1495 473 1513 504 5

205 573 344 624 Quid?
384 568 459 613 illa,
492 558 652 604 Caecili,
686 546 1030 594 contemnendane
1061 537 1133 577 tibi
1165 534 1348 573 videntur
1378 538 1478 572 esse,

153 641 236 679 sine
270 635 414 687 quibus
443 640 563 668 causa
593 617 785 664 sustineri,
807 608 1035 666 praesertim
1068 610 1188 647 tanta,
1213 597 1323 636 nullo
1356 591 1479 632 modo

154 702 315 757 potest?
344 697 476 746 aliqua
504 690 668 730 facultas
697 679 850 734 agendi,
870 676 1003 725 aliqua
1031 665 1191 710 dicendi
1219 656 1479 701 consuetudo,

156 770 287 819 aliqua
317 764 358 802 in
387 762 486 806 foro,
516 751 682 797 iudiciis,
713 745 866 796 legibus
899 747 966 779 aut
999 735 1097 775 ratio
1130 737 1198 770 aut
1228 720 1484 766 exercitatio?

100 843 139 884 36
160 833 354 880 Intellego
384 835 504 876 quam
535 816 746 867 scopuloso
775 805 1002 854 difficilique
1030 800 1072 839 in
1099 799 1190 836 loco
1209 802 1364 836 verser,
1394 796 1486 824 nam
1508 795 1545 818 10

161 912 253 939 cum
285 891 414 934 omnis
447 880 677 934 adrogantia
708 874 847 916 odiosa
877 876 946 915 est,
979 874 1065 905 tum
1097 862 1164 900 illa
1197 853 1332 906 ingeni
1369 858 1488 899 atque

163 957 412 1013 eloquentiae
432 953 559 992 multo
579 939 865 986 molestissima.
926 934 1059 982 Quam
1085 927 1138 965 ob
1163 935 1247 962 rem
1275 917 1373 958 nihil
1399 914 1490 954 dico

164 1032 214 1070 de
243 1038 333 1066 meo
362 1016 551 1071 ingenio,
578 1022 708 1060 neque
736 1012 794 1045 est
820 1000 930 1052 quod
956 993 1105 1047 possim
1134 988 1275 1032 dicere,
1301 993 1431 1031 neque
1460 976 1493 1015 si

165 1099 267 1134 esset
287 1089 487 1130 dicerem,
517 1086 584 1119 aut
605 1074 711 1115 enim
738 1071 779 1109 id
805 1064 903 1107 mihi
930 1060 1021 1101 satis
1049 1064 1107 1097 est
1134 1053 1244 1105 quod
1264 1056 1322 1088 est
1351 1047 1401 1085 de
1430 1054 1494 1082 me

1185 1125 1230 1164 st,
1264 1126 1336 1164 ego
1370 1107 1496 1149 maius
1519 1123 1554 1154 15

168 1153 376 1210 opinionis,
411 1142 608 1199 quidquid
641 1145 713 1186 est,
741 1140 819 1179 aut,
852 1130 884 1169 si
916 1128 958 1167 id
991 1134 1129 1176 parum
1161 1132 1182 1157 e

109 1214 151 1243 12
171 1224 212 1263 id
228 1210 580 1260 commemorando
598 1207 724 1244 facere
740 1211 822 1238 non
837 1204 1011 1246 possum.
1054 1189 1116 1226 De
1132 1191 1181 1230 te,
1201 1173 1497 1224 Caecili,-iam

112 1272 152 1307 37
174 1283 398 1326 mehercule
426 1279 503 1316 hoc
533 1279 639 1312 extra
666 1269 770 1306 hanc
799 1255 1096 1300 contentionem
1125 1253 1403 1292 certamenque
1434 1250 1501 1276 no-

357 1341 555 1384 miliariter
579 1345 711 1375 tecum
730 1329 981 1378 loquar,-tu
1007 1319 1092 1369 ipse
1116 1325 1235 1365 quem
1259 1309 1310 1348 ad
1336 1305 1502 1345 modum

174 1361 297 1392 strum
317 1349 355 1386 fa

1305 1381 1344 1413 et
1364 1370 1431 1422 qui
1452 1368 1503 1408 sis

176 1416 372 1458 existimes
393 1410 484 1449 vide

178 1492 216 1524 et
254 1480 350 1532 quid
388 1478 515 1515 facere
554 1481 626 1520 pos

180 1544 358 1588 maximis
386 1532 729 1580 acerbissimisque

504 1404 623 1445 etiam
642 1407 762 1449 atque
782 1393 912 1437 etiam,
935 1395 973 1427 et
1002 1393 1045 1424 tu
1073 1390 1112 1421 te
1132 1378 1283 1427 collige,

630 1466 681 1505 sis
719 1458 935 1501 considera.
1006 1452 1178 1489 Putasne
1215 1451 1254 1482 te
1296 1450 1413 1491 posse
1454 1435 1505 1474 de
1527 1445 1567 1468 20

758 1525 886 1569 rebus,
910 1531 1001 1558 cum
1030 1523 1189 1553 causam
1219 1505 1416 1547 sociorum
1436 1502 1508 1539 for-

181 1621 376 1660 tunasque
405 1599 641 1657 provinciae,
663 1595 723 1633 ius
753 1586 890 1642 populi
920 1578 1106 1625 Romani,
1127 1573 1356 1627 gravitatem
1389 1563 1512 1606 iudici

183 1682 394 1728 legumque
424 1663 652 1716 susceperis,
684 1666 743 1698 tot
771 1668 831 1694 res
866 1660 947 1690 tam
982 1643 1118 1698 gravis,
1140 1649 1221 1679 tam
1249 1634 1373 1676 varias
1400 1642 1510 1676 voce,

630 1721 789 1775 ingenio
828 1712 1050 1756 sustinere?
1110 1708 1283 1745 Putasne
1320 1707 1359 1738 te
1398 1707 1515 1747 posse

766 1793 862 1829 tura,
897 1791 998 1830 quae
1031 1775 1072 1813 in
1105 1768 1311 1820 legatione,
1345 1774 1446 1812 quae
1475 1759 1516 1797 in
1537 1770 1576 1800 25

190 1878 380 1924 praetura,
402 1875 504 1915 quae
525 1861 691 1901 Romae,
714 1863 815 1902 quae
836 1847 876 1885 in
907 1842 1033 1888 Italia,
1056 1849 1157 1888 quae
1177 1834 1218 1872 in
1238 1827 1401 1874 Achaia,
1423 1824 1519 1865 Asia

193 1931 504 1986 Pamphyliaque
524 1919 706 1976 peccarit,
729 1930 785 1962 ea,
809 1924 929 1964 quem
959 1908 1010 1947 ad
1037 1903 1202 1943 modum
1222 1895 1319 1935 locis
1339 1888 1521 1941 tempori-

195 2005 349 2051 busque
375 1994 500 2036 divisa
528 1990 616 2036 sint,
639 1987 695 2025 sic
724 1978 953 2023 criminibus
983 1981 1021 2012 et
1050 1967 1226 2009 oratione
1255 1955 1523 2008 distinguere?

198 2070 370 2106 Putasne
399 2071 530 2113 posse,
560 2055 602 2094 id
634 2050 743 2103 quod
774 2047 815 2085 in
849 2043 932 2083 eius
960 2035 1070 2078 modi
1096 2045 1164 2072 reo
1191 2026 1360 2068 maxime
1393 2030 1525 2060 neces-

129 1758 166 1798 38
187 1740 386 1783 memoria,
420 1730 596 1775 consilio,

189 1820 290 1860 quae
321 1805 367 1844 C.
394 1802 537 1839 Verres
570 1794 611 1831 in
642 1800 763 1840 quaes

244 2183 258 2202 1
285 2176 441 2207 tuamque
458 2166 514 2207 Dp
531 2168 558 2196 et
570 2161 733 2204 plerique:
758 2160 791 2186 et
807 2158 896 2184 tuam
916 2148 956 2186 G1
971 2158 979 2175 ε
1004 2148 1104 2182 atque
1121 2145 1209 2171 tuam
1227 2137 1243 2166 δ
1344 2140 1382 2169 15
1407 2128 1440 2158 id
1457 2134 1523 2156 om.

202 2217 245 2255 G2
336 2222 371 2250 17
396 2212 480 2241 haec
494 2207 568 2249 GQL
663 2214 702 2242 19
724 2199 800 2239 quis
810 2197 856 2227 sis
870 2188 1029 2231 DG,2KZ
1118 2193 1158 2213 22
1183 2177 1450 2219 gravitatemque
1463 2168 1528 2199 ΒΨ

202 2270 243 2298 23
267 2254 460 2295 susceperis
486 2251 579 2283 edd.:
604 2243 787 2285 susciperis
816 2250 852 2270 r:
879 2234 1073 2273 susciperes
1099 2226 1154 2266 Dp
1179 2227 1208 2254 et
1225 2222 1305 2263 pler.
1389 2225 1445 2245 res
1461 2220 1528 2242 om.

869 2291 890 2319 9
913 2285 1014 2319 posse
1038 2269 1124 2303 codd.
1147 2270 1275 2309 praeter
1296 2263 1314 2293 b
1339 2260 1387 2296 (te
1413 2253 1528 2297 posse)

202 2299 328 2341 DG2K,
345 2302 420 2339 post
434 2297 545 2327 varias
562 2292 656 2324 habet
672 2289 699 2320 L
847 2291 866 2311 2

204 2347 278 2378 eius
294 2343 383 2375 modi
400 2341 455 2381 Dp
469 2342 497 2371 et
506 2337 584 2379 pler.
606 2347 613 2366 :
637 2333 736 2365 huius
754 2326 844 2360 modi
863 2324 918 2362 G1⁷
944 2325 1007 2352 tres
1023 2316 1121 2357 ng.,
1138 2310 1184 2343 ed.
1203 2309 1303 2340 Rom.
1327 2304 1365 2345 (i,
1384 2304 1399 2340 ξ
1423 2300 1476 2340 17)
