1600 2704
124 140 393 180 ACTIONIS
425 139 486 177 IN
517 139 563 177 C.
585 139 827 176 VERREM
857 139 1154 178 SECVNDAE
1186 141 1290 178 LIB.
1313 142 1350 177 V
1396 149 1449 188 59
1472 155 1532 188 154

122 249 264 300 partim
290 248 418 287 socios
448 261 551 295 suos,
574 247 716 298 partim
738 247 911 294 libertos,
932 248 1070 298 partim
1099 249 1338 289 conlibertos
1362 263 1448 301 spo-

121 313 234 352 liatos
263 313 303 351 in
332 313 460 351 vincla
483 311 695 358 coniectos,
718 312 858 362 partim
885 312 925 350 in
949 312 1086 351 vinclis
1113 321 1285 361 necatos,
1308 315 1448 364 partim

120 380 245 417 securi
266 390 471 429 percussos
492 389 577 415 esse
597 376 745 415 dicunt.
806 376 887 415 Hic
902 376 992 415 vide
1013 390 1132 427 quam
1154 391 1216 416 me
1237 378 1288 417 sis
1309 393 1448 418 usurus

118 456 256 493 aequo.
317 443 420 482 Cum
450 454 523 491 ego
552 443 593 479 P.
624 440 815 479 Granium
843 448 983 479 testem
1013 443 1234 491 produxero
1264 443 1332 492 qui
1357 456 1448 482 suos

79 521 96 551 5
117 507 277 546 libertos
296 507 367 545 abs
387 513 426 544 te
446 505 572 544 securi
592 519 797 556 percussos
818 518 902 544 esse
923 505 1038 552 dicat,
1062 506 1130 556 qui
1149 507 1220 545 abs
1242 513 1279 546 te
1307 521 1447 546 navem

116 584 228 609 suam
250 584 479 620 mercesque
505 578 669 621 repetat,
689 570 864 617 refellsto,
887 570 918 608 si
946 570 1089 620 poteris
1108 586 1117 618 3
1148 584 1280 610 meum
1306 579 1446 611 testem

115 636 307 682 deseram,
329 635 401 674 tibi
428 635 579 681 favebo,
613 643 661 682 te,
696 635 868 685 inquam,
892 635 1113 683 adiuvabo,
1143 636 1342 675 ostendito
1360 636 1446 676 illos

115 714 205 739 cum
240 700 411 739 Sertorio
442 699 572 746 fuisse,
603 700 654 738 ab
690 699 835 738 Dianio
864 700 1046 749 fugientis
1080 701 1131 739 ad
1161 700 1333 740 Siciliam
1360 715 1445 740 esse

114 765 276 803 delatos.
337 764 447 802 Nihil
467 772 525 802 est
546 765 654 814 quod
682 771 719 802 te
750 766 907 802 mallem
938 766 1127 815 probare;
1156 766 1308 803 nullum
1337 766 1443 804 enim

55 842 94 863 10
113 828 265 866 facinus
295 829 404 878 quod
443 828 589 867 maiore
621 828 814 879 supplicio
848 829 1010 878 dignum
1046 829 1094 867 sit
1126 829 1281 879 reperiri
1314 843 1443 880 neque

113 892 274 942 proferri
320 899 460 942 potest.
533 893 740 931 Reducam
788 892 927 931 iterum
977 895 1150 943 equitem
1200 895 1440 943 Romanum,
1467 912 1525 944 155

115 958 158 994 L.
191 957 379 1004 Flavium,
416 957 447 995 si
479 959 595 1003 voles,
626 957 813 1007 quoniam
846 958 972 1008 priore
996 958 1262 1005 actione,—ut
1289 959 1443 1009 patroni

112 1019 169 1059 tui
193 1021 384 1068 dictitant,
408 1035 509 1061 nova
539 1023 710 1072 quadam
741 1022 940 1072 sapientia,
964 1029 1006 1060 ut
1030 1035 1167 1060 omnes
1198 1022 1439 1073 intellegunt,

111 1085 354 1124 conscientia
378 1093 444 1124 tua
464 1093 583 1136 atque
608 1086 840 1125 auctoritate
867 1099 1043 1124 meorum
1071 1087 1440 1133 testium—testem

53 1162 88 1194 15
111 1151 263 1188 nullum
284 1150 539 1201 interrogasti.
600 1152 865 1199 Interrogetur
890 1150 1058 1197 Flavius,
1079 1150 1110 1188 si
1137 1152 1255 1197 voles,
1279 1151 1441 1201 quinam

109 1214 224 1252 fuerit
244 1216 289 1252 T.
314 1214 553 1259 Herennius,
577 1213 607 1251 is
635 1227 754 1263 quem
781 1214 846 1253 ille
871 1214 1129 1264 argentariam
1157 1215 1273 1265 Lepti
1303 1216 1440 1255 fecisse

109 1278 204 1316 dicit
219 1292 230 1325 3
258 1278 437 1327 quicum
461 1277 629 1327 amplius
657 1286 817 1317 centum
844 1278 938 1317 civis
970 1280 1174 1318 Romanos
1205 1280 1367 1319 haberet
1394 1294 1441 1319 ex

109 1350 308 1382 conventu
330 1344 575 1393 Syracusano
596 1342 662 1392 qui
684 1356 774 1381 eum
800 1356 881 1382 non
910 1345 1037 1381 solum
1059 1352 1343 1393 cognoscerent
1369 1347 1439 1384 sed

108 1407 226 1445 etiam
258 1407 505 1446 lacrimantes
539 1421 584 1445 ac
625 1415 663 1446 te
702 1407 955 1457 implorantes
995 1409 1263 1456 defenderent,
1305 1417 1437 1449 tamen

48 1488 88 1510 20
107 1472 420 1522 inspectantibus
467 1472 653 1510 omnibus
701 1472 899 1521 Syracusis
939 1473 1064 1511 securi
1111 1486 1318 1523 percussus
1366 1482 1435 1513 est.

108 1538 232 1574 Hunc
270 1549 431 1586 quoque
462 1544 602 1574 testem
641 1549 773 1575 meum
812 1538 933 1575 refelli
964 1545 1002 1576 et
1041 1538 1150 1576 illum
1186 1539 1437 1578 Herennium

106 1600 372 1639 Sertorianum
403 1601 521 1639 fuisse
549 1600 620 1638 abs
650 1608 688 1639 te
717 1602 976 1640 demonstrari
1007 1610 1045 1641 et
1075 1602 1231 1651 probari
1261 1605 1362 1642 volo.

160 1665 269 1714 Quid
303 1667 354 1704 de
385 1665 450 1703 illa
482 1665 735 1703 multitudine
769 1665 946 1705 dicemus
982 1680 1118 1705 eorum
1148 1667 1215 1717 qui
1241 1667 1436 1717 capitibus
1456 1650 1515 1688 6⁰

105 1729 289 1768 involutis
319 1729 359 1767 in
389 1729 600 1779 piratarum
631 1730 873 1780 captivorum
904 1744 1070 1770 numero
1102 1733 1433 1781 producebantur,
1459 1708 1520 1749 1⁵6

45 1809 83 1840 25
105 1801 147 1831 ut
177 1794 302 1832 securi
332 1793 565 1832 ferirentur?
621 1795 735 1843 Quae
765 1794 837 1833 ista
866 1808 968 1834 nova
998 1795 1209 1846 diligentia,
1233 1809 1352 1846 quam
1382 1799 1435 1836 ob

105 1870 263 1896 causam
284 1858 354 1896 abs
374 1865 413 1896 te
433 1858 679 1908 excogitata?
707 1872 758 1897 an
788 1867 825 1898 te
854 1861 896 1897 L.
922 1860 1030 1898 Flavi
1054 1868 1355 1912 ceterorumque
1384 1863 1434 1901 de

104 1925 150 1961 T.
188 1922 395 1961 Herennio
428 1923 654 1962 vociferatio
681 1925 988 1964 commovebat?
1026 1939 1076 1963 an
1111 1928 1167 1964 M.
1204 1927 1322 1974 Anni,
1353 1941 1434 1977 gra-

103 1987 250 2025 vissimi
287 1994 406 2037 atque
440 1988 706 2026 honestissimi
744 1989 824 2035 viri,
866 2002 1020 2027 summa
1058 1989 1268 2028 auctoritas
1313 1993 1432 2040 paulo

102 2051 390 2102 diligentiorem
421 2051 738 2102 timidioremque
767 2054 939 2092 fecerat?
979 2053 1046 2103 qui
1076 2066 1200 2103 nuper
1228 2067 1298 2104 pro
1328 2055 1432 2093 testi-

40 2130 83 2162 30
104 2116 239 2155 monio
270 2129 351 2155 non
382 2117 573 2155 advenam
607 2116 741 2156 nescio
770 2130 890 2167 quem
920 2130 994 2156 nec
1022 2117 1205 2165 alienum,
1239 2120 1308 2157 sed
1339 2132 1429 2158 eum

143 2230 163 2249 2
187 2221 309 2259 partim
337 2244 343 2250 .
372 2244 378 2251 .
409 2244 416 2251 .
443 2225 579 2251 necatos
603 2231 670 2251 om.
696 2220 791 2252 RSW
966 2232 985 2261 3
1010 2223 1125 2254 dicunt
1149 2222 1236 2254 RS:
1272 2224 1385 2254 dicent
1404 2229 1429 2263 p

100 2272 119 2301 5
137 2273 156 2292 a
173 2268 206 2293 te
225 2263 302 2301 (bis)
323 2265 339 2291 δ
427 2264 447 2293 8
471 2275 490 2294 a
510 2264 631 2294 Dianio
650 2265 665 2294 δ
754 2275 774 2303 9
799 2264 910 2296 malim
928 2267 943 2295 δ
1036 2268 1075 2297 16
1098 2266 1134 2297 T.
1154 2266 1238 2306 SDp
1253 2270 1280 2297 et
1296 2277 1374 2297 corr.
1394 2267 1429 2296 R

99 2306 212 2344 (etiam
229 2306 248 2336 l.
269 2308 323 2346 27*
342 2319 348 2337 ι
375 2307 411 2338 L.
433 2307 515 2347 Rpr.
619 2308 657 2338 18
683 2307 896 2347 Syracusano
914 2308 1032 2341 RSD:
1058 2319 1211 2341 -anorum
1230 2309 1297 2350 R2p
1385 2321 1427 2340 20

100 2348 277 2386 Syracusis
294 2349 386 2380 1?va
401 2362 407 2381 ε
433 2352 519 2382 -anis
532 2351 596 2392 pk&
612 2350 681 2382 edd.

140 2445 202 2466 cxc.
221 2446 300 2469 VER.
1296 2445 1337 2474 29
