1600 2704
108 115 379 158 ACTIONIS
411 121 474 159 IN
503 122 547 160 C.
571 123 813 163 VERREM
844 127 1143 168 SECVNDAE
1176 133 1279 171 LIB.
1304 135 1346 172 II
1390 145 1440 184 37
1460 152 1500 183 91

105 225 224 266 iubet.
271 231 365 269 Non
386 239 468 270 erat
487 233 699 272 obscurum
719 236 816 285 quid
837 238 957 276 homo
979 238 1182 290 improbus
1202 255 1248 281 ac
1269 245 1438 284 nefarius

104 291 291 341 cogitaret
305 309 316 342 3
340 298 589 347 nequeenim
609 298 693 349 ipse
709 300 801 338 satis
822 304 1047 350 occultarat,
1064 318 1137 344 nec
1153 308 1293 346 mulier
1308 316 1436 349 tacere

101 364 292 406 potuerat.
354 361 606 401 Intellectum
626 372 684 402 est
705 364 746 403 id
766 365 884 404 istum
905 381 1018 417 agere
1041 376 1091 416 ut,
1115 383 1206 409 cum
1228 373 1435 412 Sthenium

101 421 186 460 sine
217 424 298 462 ullo
328 435 560 475 argumento
591 441 637 466 ae
669 429 752 468 sine
788 439 886 470 teste
920 433 1158 481 damnasset,
1197 443 1280 474 tum
1313 438 1435 477 homo

60 497 76 528 5
98 487 268 526 nefarius
295 489 346 528 de
376 490 537 530 homine
567 493 691 531 nobili
720 502 839 544 atque
870 495 910 535 id
936 498 1074 537 aetatis
1100 513 1252 550 suoque
1279 502 1434 553 hospite

97 549 211 600 virgis
246 552 484 603 supplicium
511 557 780 597 crudelissime
811 570 992 600 sumeret.
1054 565 1176 612 Quod
1212 578 1303 604 cum
1332 577 1434 607 esset

96 615 358 665 perspicuum,
390 619 441 657 de
471 620 689 660 amicorum
727 624 1007 676 hospitumque
1040 641 1201 667 suorum
1239 632 1433 670 sententia

93 678 276 731 Thermis
292 682 479 722 Sthenius
501 686 673 724 Romam
696 689 887 739 profugit:
920 691 1039 729 hiemi
1057 693 1323 744 fluctibusque
1346 709 1431 736 sese

91 744 338 785 committere
366 748 502 787 maluit
522 762 641 799 quam
668 765 748 789 non
776 752 888 792 istam
919 768 1175 796 communem
1206 759 1426 801 Siculorum
1445 788 1498 835 38

31 819 72 842 10
91 814 366 857 tempestatem
392 813 736 866 calamitatemque
764 817 911 857 vitaret.
973 821 1053 860 Iste
1082 823 1203 862 homo
1230 832 1358 864 certus
1386 833 1425 865 et
1443 858 1484 889 92

87 870 255 923 diligens
274 876 326 913 ad
347 876 483 916 horam
504 892 652 918 nonam
673 891 829 930 praesto
850 892 918 931 est,
942 886 1150 925 Sthenium
1172 888 1280 927 citari
1302 890 1420 930 iubet.

88 936 221 985 Quem
251 948 511 991 posteaquam
543 943 650 982 videt
682 958 762 984 non
791 948 940 994 adesse,
974 950 1110 989 dolore
1139 953 1275 992 ardere
1303 961 1422 1004 atque

86 999 289 1042 iracundia
322 1006 447 1044 furere
482 1008 623 1058 coepit,
657 1011 848 1049 Venerios
885 1013 1050 1051 domum
1082 1016 1219 1054 Stheni
1254 1018 1416 1066 mittere,

85 1065 196 1115 equis
223 1067 370 1107 circum
400 1083 512 1120 agros
542 1072 626 1110 eius
656 1074 846 1124 villasque
881 1076 1087 1117 dimittere.
1150 1081 1290 1131 Itaque
1321 1084 1416 1122 dum

26 1144 61 1176 15
83 1138 283 1180 exspectat
310 1133 500 1182 quidnam
525 1135 599 1174 sibi
627 1138 721 1176 certi
745 1140 953 1187 adferatur,
981 1151 1072 1182 ante
1098 1145 1234 1183 horam
1263 1149 1414 1187 tertiam

82 1194 209 1233 noctis
240 1197 291 1235 de
324 1198 409 1236 foro
440 1212 520 1237 non
560 1201 738 1242 discedit.
802 1206 996 1246 Postridie
1033 1221 1148 1248 mane
1183 1211 1416 1260 descendit,-

80 1259 322 1308 Agathinum
361 1263 413 1301 ad
451 1276 493 1302 se
527 1274 668 1313 vocat;
708 1267 815 1306 iubet
855 1283 945 1308 eum
985 1272 1035 1310 de
1076 1273 1210 1312 litteris
1245 1276 1412 1325 publicis

78 1321 117 1359 in
147 1324 354 1364 absentem
385 1328 594 1368 Sthenium
628 1331 769 1371 dicere.
831 1335 924 1373 Erat
956 1336 1038 1374 eius
1079 1338 1186 1377 modi
1217 1353 1333 1378 causa
1369 1351 1410 1380 ut

77 1386 141 1426 ille
171 1402 222 1427 ne
260 1390 344 1429 sine
381 1393 604 1434 adversario
642 1397 806 1446 quidem
845 1402 952 1450 apud
992 1401 1195 1441 inimicum
1236 1405 1408 1446 iudicem

16 1467 56 1490 20
75 1453 242 1502 reperire
272 1465 406 1505 posset
434 1458 532 1508 quid
565 1460 737 1508 diceret;
772 1463 903 1514 itaque
930 1474 1082 1505 tantum
1114 1469 1233 1507 verbo
1264 1471 1404 1520 posuit,
1426 1488 1471 1520 93

74 1518 287 1558 Sacerdote
319 1530 497 1571 praetore
532 1525 740 1564 Sthenium
779 1528 925 1568 litteras
960 1531 1138 1580 publicas
1173 1536 1401 1585 corrupisse.

71 1581 146 1620 Vix
193 1583 258 1623 ille
315 1587 390 1625 hoc
438 1587 586 1627 dixerat
634 1605 725 1630 cuni
780 1593 850 1632 iste
899 1597 1126 1645 pronuntiat
1178 1600 1404 1640 STHENJVM

71 1658 271 1688 LrTTERAs
303 1662 498 1691 PVBLICAS
530 1666 784 1696 CORRVPISSE
814 1671 984 1709 VIDER13
1024 1670 1062 1701 et
1094 1664 1170 1702 hoc
1203 1673 1403 1714 praeterea

67 1712 178 1751 addit
204 1714 327 1754 homo
354 1718 548 1758 Venerius
577 1734 681 1760 novo
710 1724 831 1762 modo
858 1727 966 1765 nullo
995 1730 1186 1778 exemplo,
1220 1731 1282 1769 Oe
1313 1744 1399 1771 EAM

8 1790 46 1823 ²5
68 1789 158 1815 REM
208 1781 279 1818 HS
320 1793 347 1818 D
387 1783 556 1822 VENERI
606 1787 828 1826 ERYCINAE
872 1802 927 1828 DE
975 1793 1137 1830 STHENr
1186 1806 1306 1833 ssoms
1350 1809 1402 1833 SE

66 1854 334 1892 EXACTVRVM,
359 1847 543 1898 bonaque
567 1850 650 1889 eius
671 1853 802 1891 statim
830 1855 961 1906 coepit
983 1859 1177 1904 vendere;
1207 1868 1246 1898 et
1267 1862 1399 1900 vendi-

63 1905 196 1954 disset,
229 1909 261 1947 si
301 1913 495 1950 tantulum
535 1927 667 1954 morae
706 1917 842 1956 fuisset
880 1933 960 1969 quo
1000 1922 1129 1961 minus
1161 1923 1195 1961 ei
1228 1926 1396 1974 pecunia

62 1970 127 2008 illa
147 1982 426 2014 numeraretur.
488 1978 545 2015 Ea
572 1987 831 2030 posteaquam
859 1994 1063 2023 numerata
1090 1994 1161 2033 est,
1183 1996 1392 2028 contentus
1413 2008 1457 2040 94

61 2036 134 2074 hac
169 2037 375 2088 iniquitate
409 2040 482 2080 iste
513 2055 594 2081 non
626 2044 721 2091 fuit;
757 2049 886 2096 palam
921 2050 972 2087 de
1004 2051 1097 2088 sella
1131 2064 1177 2089 ac
1208 2053 1391 2092 tribunali

102 2150 122 2178 3
146 2147 302 2180 potuerat
323 2142 372 2174 O:
399 2150 570 2185 poteratp
586 2147 648 2177 rell.
756 2159 795 2180 10
819 2151 937 2182 vitaret
957 2151 987 2182 O
1006 2153 1064 2193 (iii.
1086 2156 1102 2190 ξ
1120 2165 1184 2193 99:
1210 2155 1251 2193 iv,
1273 2160 1287 2194 ξ
1307 2167 1350 2196 39
1384 2171 1391 2189 ε

58 2184 165 2214 vitare
183 2184 247 2217 rell.
266 2185 335 2217 edd.
475 2199 512 2228 13
537 2189 672 2220 domum
691 2191 769 2223 cO:
797 2194 829 2224 in
848 2195 982 2226 domum
994 2202 1019 2236 p
1037 2197 1102 2229 rell.
1233 2210 1268 2238 ¹4
1295 2202 1388 2239 equis

57 2225 126 2257 cO:
158 2229 289 2266 equites
302 2235 326 2269 p
343 2231 406 2262 rell.
543 2233 621 2263 dum
639 2234 707 2265 cO:
732 2246 806 2266 cum
819 2243 844 2278 p
863 2239 927 2268 rell.
1110 2242 1148 2271 [6
1172 2243 1317 2274 discedit
1336 2245 1384 2275 O:

56 2270 243 2312 discessitp
261 2273 326 2305 rell.
499 2286 538 2314 24
563 2278 653 2308 addit
671 2279 736 2310 cO:
761 2281 890 2311 addidit
902 2287 928 2322 p
945 2284 1008 2314 rell.
1187 2296 1227 2325 25
1252 2296 1289 2317 se
1307 2287 1382 2318 aava

54 2311 164 2344 Halm
324 2327 363 2356 27
390 2318 417 2349 si
435 2324 515 2349 tant.
538 2330 651 2351 morae
670 2322 789 2354 fuisset
806 2325 882 2355 add.
902 2326 953 2356 sl.
968 2325 1006 2366 p2
1162 2339 1203 2367 29
1229 2340 1322 2369 pron.
1344 2332 1387 2362 de

54 2357 137 2386 sella
153 2368 192 2388 ac
211 2360 286 2390 trib.
309 2360 338 2391 O
