1600 2704
82 121 351 161 ACTIONIs
384 124 444 161 IN
475 123 520 163 C.
543 124 785 162 VERREM
817 125 1115 165 SECVNDAE
1147 127 1249 165 ΜΒ.
1275 128 1317 166 11
1381 137 1409 175 9
1432 102 1493 174 ²5,-

136 232 318 283 Accipite
356 233 473 271 aliam
511 233 552 272 in
591 232 743 272 minore
781 234 950 284 pecunia
988 248 1070 273 non
1110 236 1239 274 minus
1287 236 1411 287 impu-
1432 252 1470 283 25

81 297 243 336 dentem
275 297 525 336 calumniam.
584 297 775 348 Sosippus
809 306 848 337 et
879 298 1120 338 Philocrates
1152 301 1286 339 fratres
1321 310 1411 339 sunt

80 361 355 411 Agyrinenses.
415 365 573 402 Horum
605 369 715 413 pater
747 363 893 402 abhinc
924 365 1006 403 duo
1040 372 1079 403 et
1110 376 1168 403 xx
1197 379 1323 404 annos
1354 374 1412 405 est

79 433 257 465 mortuus
272 442 283 474 ,-
311 427 351 465 in
380 427 491 465 cuius
520 434 769 475 testamento,
792 429 967 478 quodam
992 430 1081 468 loco
1101 429 1132 468 si
1153 430 1410 469 commissum

40 505 57 536 5
79 491 175 541 quid
202 499 315 539 esset,
342 493 465 530 multa
491 499 572 531 erat
592 493 748 532 Veneri.
810 494 904 543 Ipso
932 494 1147 533 vicensimo
1174 508 1292 542 anno,
1318 509 1409 534 cum

77 564 135 595 tot
167 556 314 595 interea
348 564 555 606 praetores,
589 564 647 596 tot
677 565 914 608 quaestores,
949 566 1007 597 tot
1036 560 1339 599 calumniatores
1370 560 1409 598 in

77 621 278 671 provincia
305 621 479 669 fuissent,
509 622 706 662 hereditas
734 623 785 662 ab
812 623 872 662 his
903 624 1068 663 Veneris
1095 625 1258 664 nomine
1288 625 1410 676 petita

76 694 145 725 est.
206 687 378 726 Causam
411 688 553 726 Verres
587 688 800 738 cognoscit,
835 688 1044 738 pecuniam
1082 703 1151 740 per
1181 690 1409 728 Volcatium

74 751 227 801 accipit,
278 752 357 790 fere
403 753 454 791 ad
503 753 574 791 HS
622 763 723 791 cccc
770 752 891 801 milia,
937 767 960 791 a
1007 754 1165 792 duobus
1213 755 1405 794 fratribus.

18 831 56 853 ιο
76 817 296 855 Multorum
317 816 543 856 testimonia
562 817 726 856 audistis
746 826 872 857 antea.
932 818 1122 858 Vicerunt
1142 819 1407 870 Agyrinenses

74 882 209 920 fratres
231 881 283 921 ita
304 889 347 921 ut
367 890 527 932 egentes
549 882 766 932 inanesque
788 883 1047 923 discederent.

127 949 181 985 At
202 947 308 986 enirn
328 948 379 987 ad
395 950 557 987 Verrem
578 948 746 998 pecunia
766 948 838 987 ista
858 962 939 987 non
960 948 1146 999 pervenit.
1198 951 1312 998 Quae
1333 950 1407 989 ista
1424 934 1472 961 1⁰

74 1011 253 1050 defensio
274 1013 362 1050 est?
391 1019 520 1051 utrum
540 1014 791 1051 adseveratur
811 1012 851 1051 in
871 1014 948 1051 hoc
967 1026 1018 1051 an
1039 1016 1282 1064 temptatur?
1309 1015 1406 1053 mihi

73 1075 179 1114 enim
196 1089 256 1115 res
277 1089 378 1114 nova
394 1083 464 1115 est.
503 1078 642 1115 Verres
663 1076 987 1115 calumniatorem
1006 1078 1246 1127 adponebat,
1264 1080 1405 1118 Verres

16 1157 52 1189 15
71 1141 212 1179 adesse
232 1140 405 1188 iubebat,
419 1143 560 1180 Verres
581 1142 856 1192 cognoscebat,
875 1143 1015 1181 Verres
1036 1141 1236 1181 iudicabat
1251 1157 1262 1191 5
1290 1156 1406 1194 pecu-

73 1205 161 1245 niae
199 1205 392 1245 maximae
429 1207 650 1254 dabantur3
686 1206 754 1257 qui
792 1206 941 1246 dabant
980 1220 1116 1245 causas
1156 1207 1402 1247 obtinebant.

73 1272 135 1309 Tu
179 1270 275 1309 mihi
321 1271 374 1310 ita
413 1272 615 1318 defendas,
659 1272 778 1311 ‘Non
822 1279 880 1310 est
928 1272 1001 1310 ista
1040 1272 1152 1311 Verri
1199 1282 1405 1313 numerata

71 1335 288 1385 pecunia?’
346 1335 505 1375 Adiuvo
539 1343 603 1384 te3
641 1336 719 1375 mei
750 1349 911 1387 quoque
943 1344 1061 1376 testes
1095 1338 1202 1377 idem
1241 1338 1403 1387 dicunt3

71 1400 254 1440 Volcatio
284 1400 422 1440 dicunt
457 1414 542 1440 sese
572 1400 741 1441 dedisse.
802 1403 916 1452 Quae
948 1402 1005 1440 vis
1035 1410 1116 1440 erat
1149 1402 1188 1440 in
1219 1404 1402 1442 Volcatio

13 1483 51 1503 20
71 1473 179 1504 tanta
227 1472 269 1504 ut
310 1467 382 1505 HS
429 1477 530 1505 CCCC
575 1466 683 1505 milia
729 1467 888 1506 duobus
933 1467 1162 1506 hominibus
1205 1469 1402 1507 auferret?

71 1530 219 1581 Ecquis
253 1530 447 1577 Volcatio,
488 1530 520 1569 si
557 1544 628 1570 sua
666 1539 808 1582 sponte
846 1531 1026 1578 venisset,
1068 1545 1187 1570 unam
1227 1532 1400 1572 libellam

68 1597 273 1646 dedisset?
328 1596 472 1635 Veniat
500 1609 620 1645 nunc,
659 1596 900 1647 experiatur:
940 1605 1046 1636 tecto
1075 1597 1236 1648 recipiet
1267 1611 1396 1637 nemo.

67 1663 120 1699 At
141 1674 215 1711 ego
235 1660 404 1711 amplius
428 1660 543 1700 dico:
575 1662 647 1700 HS
673 1661 1021 1712 quadringentiens
1049 1661 1200 1712 cepisse
1221 1669 1259 1701 te
1279 1675 1399 1713 arguo

68 1734 204 1764 contra
230 1727 360 1776 leges;
393 1738 495 1776 nego
521 1725 593 1764 tibi
619 1726 693 1776 ipsi
720 1727 844 1764 ullum
874 1739 1082 1764 nummum
1109 1739 1196 1765 esse
1223 1740 1400 1765 numera-

8 1803 47 1836 25
69 1797 152 1829 tum
168 1805 179 1839 3
212 1791 282 1830 sed
310 1803 402 1829 cum
426 1790 478 1829 ob
508 1797 575 1829 tua
603 1791 771 1838 decreta,
803 1790 856 1829 ob
886 1790 1026 1837 edicta,
1057 1791 1110 1829 ob
1140 1791 1314 1841 imperia,
1346 1793 1398 1831 ob

110 1906 130 1927 2
155 1896 365 1928 Philocrates
384 1896 453 1928 CO¹
473 1909 479 1928 :
504 1897 681 1937 Epicrates
699 1896 764 1928 rell.
884 1906 905 1936 3
929 1897 1015 1927 duos
1031 1897 1048 1926 δ
1168 1905 1188 1934 5
1210 1895 1398 1925 vicensimo

68 1940 96 1971 C
111 1941 163 1980 (ut
179 1940 212 1979 ii,
236 1943 251 1978 ξ
267 1941 338 1980 185]
357 1952 365 1971 z
389 1941 553 1980 vigesimo
569 1942 612 1972 al.
674 1940 766 1980 ipsos
783 1949 829 1970 xx
845 1949 953 1971 annos
969 1939 1006 1970 125
1083 1939 1104 1969 6
1129 1940 1262 1970 interea
1275 1938 1397 1978 prell.:

65 1994 131 2014 om.
154 1983 212 2015 CO
342 1985 363 2014 8
386 1994 455 2014 non
472 1988 524 2014 est
542 1983 664 2024 COpbr
759 1983 903 2014 Causam
919 1993 985 2014 om.
1008 1981 1079 2013 CO¹
1223 1991 1245 2021 9
1268 1982 1309 2012 ad
1327 1992 1394 2012 om.

67 2026 140 2058 CO¹
231 2026 292 2058 HS
312 2028 358 2058 Ξῖ(
377 2027 421 2058 C:
447 2026 509 2057 HS
527 2037 573 2057 xx
589 2027 680 2057 milia
696 2025 739 2056 Ol
826 2036 846 2057 a
861 2025 930 2057 60¹
948 2037 955 2055 :
979 2026 1020 2056 ab
1037 2024 1129 2065 vulg.
1243 2034 1282 2054 10
1306 2025 1397 2055 testi-

64 2070 176 2101 monia
195 2069 265 2101 COl
282 2071 326 2101 al.
343 2082 350 2101 :
375 2079 445 2100 -um
461 2069 549 2100 codd.
563 2070 646 2110 pler.
792 2079 831 2099 12
855 2069 918 2099 ista
936 2069 1089 2099 defensio
1106 2071 1158 2098 est
1176 2066 1319 2108 COpbk:
1345 2073 1396 2098 est

64 2113 128 2144 ista
144 2114 209 2145 def.
228 2113 274 2145 ed.
292 2114 393 2144 Rom.
598 2124 637 2151 14
662 2122 716 2144 res
733 2122 819 2143 nova
837 2116 889 2143 est
908 2111 1008 2152 COpb
1023 2123 1028 2141 :
1054 2121 1142 2142 nova
1159 2121 1215 2142 res
1232 2116 1284 2142 est
1300 2111 1391 2152 vulg.

63 2157 341 2188 calumniatorem
361 2156 444 2188 CO:
475 2166 528 2187 -es
552 2156 641 2187 codd.
656 2156 752 2196 plen,
772 2156 850 2187 Asc.
991 2156 1031 2186 16
1053 2164 1173 2187 causas
1196 2154 1394 2186 obtinebant

61 2199 103 2229 nb
125 2200 168 2231 al.
191 2200 374 2241 (Zielinski.
402 2210 434 2240 p.
456 2202 530 2239 193)
549 2211 556 2230 ι
581 2200 687 2231 obtin.
716 2208 835 2230 causas
857 2197 927 2230 CO¹
1062 2208 1102 2238 19
1126 2199 1160 2229 in
1187 2197 1292 2238 COp:
1323 2208 1390 2229 om.

62 2243 129 2276 rell.
278 2254 320 2275 20
345 2244 407 2274 HS
425 2253 503 2274 cccc
521 2243 610 2274 milia
626 2253 691 2274 om.
713 2242 785 2274 COl
895 2241 1025 2274 duobus
1046 2241 1135 2273 hom.
1157 2239 1267 2272 C2bk:
1291 2241 1390 2272 duob.

62 2286 253 2318 nominibus
272 2286 405 2328 C¹O¹pq
423 2288 458 2329 (a
473 2286 601 2318 duobus
617 2286 660 2318 al.
680 2297 686 2317 :
717 2285 758 2317 11.
778 2285 798 2325 i,
819 2287 834 2324 ξ
854 2285 910 2326 86)
1043 2295 1084 2325 25
1108 2284 1152 2316 ob
1168 2285 1278 2316 edicta
1296 2283 1366 2314 60¹
1386 2295 1393 2314 z

61 2339 126 2361 om.
146 2329 213 2361 abd

1427 985 1467 1017 26
