1600 2704
120 130 171 168 88
197 135 258 168 206
558 130 615 167 M.
647 129 816 167 TVLLI
848 127 1155 168 CICERONIS

191 241 392 291 angustior
420 242 530 279 locus
551 239 812 291 improbitatis
833 240 1109 278 defendendae
1130 238 1380 290 relinquetur,
1403 252 1522 290 quam

192 314 230 345 te
268 306 451 344 absoluto
490 304 553 343 alii
593 305 702 355 quod
740 303 1002 343 audacissime
1041 304 1216 342 fecerunt
1246 310 1351 342 recte
1385 303 1523 343 fecisse

192 369 471 409 existimentur.

141 420 169 486 q
248 437 402 486 Lugent
428 448 565 473 omnes
592 433 826 484 provinciae,
851 440 1067 483 queruntur
1082 445 1221 472 omnes
1241 432 1351 471 liberi
1373 433 1520 484 populi,

106 479 163 510 ²0⁴
192 514 310 551 regna
349 499 522 550 denique
562 499 679 538 etiam
720 498 854 538 omnia
893 499 942 537 de
982 498 1123 538 nostris
1163 497 1446 548 cupiditatibus
1485 506 1561 545 et5

192 564 340 603 iniuriis
371 565 644 614 expostulant3
675 564 785 601 locus
816 562 916 601 intra
946 563 1153 602 Oceanum
1193 562 1271 600 iam
1301 563 1432 601 nullus
1465 570 1524 602 est

192 643 321 680 neque
352 637 431 667 tam
462 628 699 678 longinquus
731 640 861 676 neque
888 634 968 665 tam
996 627 1222 666 reconditus
1243 640 1324 678 quo
1350 640 1431 667 non
1456 641 1525 678 per

191 696 288 733 haec
316 702 493 744 tempora
519 700 740 731 nostrorum
769 691 977 731 hominum
1001 691 1125 731 libido
1149 692 1414 743 iniquitasque
1443 706 1526 743 per-

191 758 330 798 vaserit
345 773 355 806 3
385 758 576 796 sustinere
598 756 675 795 iam
697 758 867 807 populus
889 758 1096 795 Romanus
1117 757 1297 795 omnium
1317 757 1524 796 nationum

191 836 271 863 non
292 823 382 870 vim,
399 835 480 861 non
501 834 621 869 arma,
638 834 719 861 non
740 822 899 869 bellum,
924 822 994 860 sed
1015 822 1176 868 luctum,
1195 821 1385 870 lacrimas,
1401 822 1525 873 queri·
1547 833 1587 858 10

192 888 344 927 monias
373 901 453 927 non
487 894 627 937 potest.
699 887 747 925 In
769 886 852 926 eius
874 885 984 925 modi
1005 899 1045 924 re
1064 893 1110 924 ac
1131 886 1318 934 moribus,
1340 886 1371 925 si
1396 887 1427 925 is
1456 886 1524 937 qui

190 954 260 992 erit
283 954 479 992 adductus
507 952 547 990 in
577 951 776 998 iudicium,
803 964 894 990 curn
926 950 1141 990 manifestis
1170 950 1210 989 in
1239 950 1394 1001 flagitiis
1421 959 1526 991 tene-

191 1019 307 1065 bitur,
326 1018 423 1056 alios
455 1018 595 1057 eadem
627 1016 764 1056 fecisse
795 1016 911 1063 dicet,
936 1015 990 1054 illi
1019 1017 1199 1067 exempla
1225 1029 1306 1055 non
1333 1017 1525 1055 deerunt:

190 1083 242 1122 rei
274 1082 456 1133 publicae
488 1083 591 1121 salus
621 1082 757 1129 deerit,
780 1081 811 1120 si
843 1081 1113 1132 improborum
1143 1081 1331 1132 exemplis
1355 1081 1525 1132 improbi

108 1155 168 1185 208
190 1147 338 1186 iudicio
367 1160 412 1185 ac
443 1147 617 1197 periculo
652 1147 930 1186 liberabuntur.
993 1148 1155 1186 Placent
1178 1146 1290 1186 vobis
1316 1147 1524 1186 hominum
1547 1160 1583 1193 15

192 1215 352 1252 mores?
399 1214 527 1263 placet
558 1212 610 1250 ita
650 1212 730 1262 geri
768 1211 1013 1263 magistratus
1053 1219 1095 1251 ut
1133 1214 1350 1263 geruntur?
1397 1213 1525 1262 placet

191 1277 318 1317 socios
340 1277 394 1316 sic
416 1277 580 1323 tractari,
600 1278 709 1327 quod
730 1284 858 1323 restat,
879 1284 921 1315 ut
942 1291 1010 1327 per
1029 1278 1127 1316 haec
1143 1284 1322 1328 tempora
1341 1284 1526 1316 tractatos

191 1342 360 1381 videtis?
427 1343 508 1381 Cur
528 1343 625 1380 haec
646 1355 669 1380 a
690 1355 753 1380 me
775 1355 894 1392 opera
913 1341 1189 1381 consumitur?
1226 1342 1323 1393 quid
1350 1342 1493 1381 sedetis
1511 1344 1527 1380 ?

191 1420 259 1446 cur
280 1420 360 1446 non
382 1406 421 1445 in
443 1406 573 1446 media
597 1405 774 1446 oratione
796 1420 884 1446 mea
904 1407 1136 1458 consurgitis
1157 1414 1274 1458 atque
1295 1406 1525 1446 disceditis?

191 1472 319 1510 Vultis
351 1479 483 1510 autem
515 1471 679 1511 istorum
700 1472 886 1511 audacias
910 1484 957 1510 ac
980 1471 1163 1511 libidines
1186 1471 1318 1522 aliqua
1342 1485 1389 1510 ex
1417 1478 1525 1522 parte
1546 1483 1586 1506 20

189 1538 391 1575 resecare?
456 1536 635 1575 Desinite
690 1536 871 1576 dubitare
919 1544 1049 1575 utrum
1098 1536 1146 1575 sit·
1189 1536 1321 1575 utilius
1368 1543 1526 1587 propter

190 1603 333 1640 multos
364 1600 565 1651 improbos
598 1600 665 1639 uni
697 1614 864 1651 parcere,
895 1614 946 1639 an
976 1600 1091 1640 unius
1125 1600 1294 1651 improbi
1333 1600 1526 1652 supplicio

190 1668 403 1704 multorum
437 1665 728 1716 improbitatem
760 1678 950 1704 coercere.

76 1707 171 1759 (9⁰)
244 1731 420 1770 Tametsi
445 1745 545 1782 quae
576 1732 648 1771 ista
680 1741 770 1772 sunt
797 1734 975 1784 exempla
1002 1734 1244 1773 multorum?
1300 1734 1406 1772 Nam
1434 1745 1524 1771 cum

109 1779 171 1810 ²⁰9
191 1795 232 1834 in
263 1808 380 1834 causa
413 1803 531 1842 tanta,
570 1809 660 1835 cum
696 1797 734 1836 in
762 1798 924 1837 crimine
957 1798 1128 1838 maximo
1159 1798 1237 1837 dici
1267 1811 1290 1836 a
1318 1799 1525 1837 defensore
1546 1811 1582 1842 25

191 1869 378 1911 coeptum
429 1870 487 1901 est
539 1863 757 1902 factitatum
799 1877 884 1902 esse
925 1863 1085 1914 aliquid,
1128 1870 1355 1914 exspectant
1394 1862 1419 1900 ii
1459 1861 1525 1912 qui
1591 1860 1595 1901 ἶῑ

191 1925 359 1965 audiunt
397 1929 576 1978 exempla
612 1942 658 1967 ex
690 1935 819 1967 vetere
857 1928 1056 1975 memoria,
1093 1941 1140 1967 ex
1179 1926 1446 1967 monumentis
1480 1939 1526 1964 ac
1589 1904 1594 1970 i

114 1996 173 2035 90
192 1991 337 2037 litteris,
366 1994 481 2043 plena
505 1992 716 2044 dignitatis,
734 1994 851 2043 plena
871 1992 1139 2043 antiquitatis;
1169 1994 1266 2031 haec
1287 1991 1392 2030 enim
1413 1990 1527 2042 pluri-
1588 1975 1594 2005 ὲ

194 2069 302 2094 mum
344 2059 471 2096 solent
506 2065 544 2097 et
581 2057 822 2097 auctoritatis
856 2058 1000 2096 habere
1036 2058 1088 2096 ad
1122 2057 1372 2107 probandum
1404 2064 1442 2095 et
1474 2055 1527 2095 iu-

1598 1354 1600 1395 ι

1596 1400 1600 1444 1

1596 1445 1600 1541 !

1595 1552 1600 1605 ς

1594 1609 1600 1636 ἒ

1593 1639 1600 1684 ἔ

240 2170 252 2189 1
275 2161 523 2200 relinqueturp
540 2161 627 2201 vulg.
643 2172 650 2191 :
683 2160 857 2201 linquetur
875 2160 905 2192 O
922 2171 928 2191 :
951 2160 1161 2199 relinquatur
1176 2159 1240 2190 cod.
1263 2159 1392 2189 Franc..
1413 2157 1524 2189 Muell.

194 2214 213 2240 4
238 2204 354 2241 populi
374 2204 468 2235 liberi
491 2204 521 2235 Ο
626 2214 645 2243 5
675 2205 776 2235 etiam
799 2204 849 2235 V:
874 2204 907 2234 in
925 2215 946 2233 π
962 2203 1080 2244 (iam2)
1099 2215 1105 2234 ε
1130 2214 1194 2233 om.
1214 2202 1245 2233 O
1355 2213 1393 2232 10
1418 2203 1526 2232 luctus
1584 2237 1585 2240 Ἴ

196 2245 227 2275 Ο
245 2245 313 2277 cdd.
420 2257 453 2277 11
483 2258 519 2278 re
537 2247 669 2287 publica
686 2247 776 2278 Koclt
864 2257 901 2277 12
927 2248 960 2278 in
978 2247 1071 2286 (ante
1088 2246 1236 2285 flagitiis)
1255 2256 1321 2276 om.
1345 2245 1392 2276 cO
1412 2246 1443 2284 (ξ
1466 2255 1525 2283 149
1584 2243 1588 2275 ἱ

195 2290 311 2328 supra)
409 2300 457 2329 13.
479 2301 516 2328 14
541 2291 799 2322 derunt—derit
818 2289 982 2328 Zielinski,
993 2295 1026 2330 p.
1047 2299 1106 2329 175
1202 2291 1239 2320 18
1264 2299 1369 2328 opera
1386 2299 1403 2319 a
1423 2298 1475 2319 me
1495 2288 1524 2318 Ο

198 2330 290 2371 (Zz‘el.
308 2337 339 2370 p.
362 2334 435 2373 196)
514 2343 555 2365 20
575 2335 746 2366 audaciam
763 2334 793 2365 Ο
867 2343 908 2373 25
930 2334 962 2364 in
977 2343 1076 2364 causa
1091 2333 1200 2374 tanta]
1215 2332 1248 2363 in
1261 2337 1363 2364 antea
1381 2341 1481 2363 causa
1495 2331 1524 2362 Ο

1584 2279 1588 2296 .,

1583 2301 1587 2352 Ξ

1582 2355 1586 2398 ἓ

1580 2408 1586 2459 ἢ
