1600 2704
114 121 383 165 ACTIONIS
414 128 476 166 IN
505 130 550 171 C.
572 132 815 175 VERREM
845 140 1144 185 SECVNDAE
1173 150 1278 189 LIB.
1303 154 1346 192 11
1398 166 1442 203 31
1462 127 1502 205 {6

111 233 226 281 Quae
264 236 369 276 enim
409 239 491 280 eius
529 246 739 286 auctoritas
769 250 870 289 erit?
909 258 1072 304 quando
1101 258 1173 299 iste
1203 268 1438 307 sententiam

108 297 240 338 dicere
270 303 434 343 audebit
467 314 534 345 aut
564 311 740 358 poterit?
787 319 950 365 quando
980 329 1112 361 autem
1149 327 1272 366 homo
1306 338 1438 372 tantae

106 363 281 404 luxuriae
310 375 429 418 atque
460 371 636 413 desidiae
667 376 740 415 nisi
774 380 986 423 Februario
1017 399 1153 428 mense
1179 393 1367 442 aspirabit
1397 398 1435 436 in

103 428 284 468 curiam?
329 433 477 472 Verum
498 437 629 477 veniat
654 453 758 490 sane,
782 445 968 486 decernat
994 450 1141 492 bellum
1164 456 1431 510 Cretensibus,

62 505 79 536 5
102 491 240 532 liberet
274 496 493 546 Byzantios,
526 514 657 553 regem
688 510 861 558 appellet
895 513 1181 567 Ptolomaeum,
1215 534 1317 572 quae
1351 529 1433 565 vult

102 557 340 599 Hortensius
372 563 507 603 omnia
539 567 646 607 dicat
680 579 718 610 et
750 574 918 625 sentiat3
960 579 1090 620 minus
1123 585 1221 624 haec
1254 589 1305 627 ad
1345 603 1429 638 nos,

98 620 228 660 minus
265 625 317 663 ad
355 626 458 667 vitae
489 640 646 672 nostrae
677 636 902 688 discrimen,
937 643 1066 684 minus
1100 650 1151 688 ad
1186 652 1429 694 fortunarum

95 694 316 727 nostrarum
347 692 565 741 periculum
604 700 810 749 pertinent.
872 707 977 747 Illud
1016 719 1075 750 est
1113 715 1289 765 capitale,
1331 719 1427 760 illud
1453 735 1490 766 77

94 750 406 804 formidolosum,
431 758 526 799 illud
555 764 708 812 optimo
736 768 880 819 cuique
907 778 1179 826 metuendum,
1204 784 1313 830 quod
1341 784 1423 833 iste,

36 829 73 851 ιο
93 828 139 853 ex
170 817 247 856 hoc
286 818 433 861 iudicio
467 824 499 862 si
533 827 663 878 aliqua
694 831 730 869 vi
765 846 807 872 se
842 835 1035 886 eripuerit,
1072 841 1112 880 in
1147 843 1344 887 iudicibus
1376 850 1425 889 sit

88 893 252 922 necesse
281 893 350 933 est,
373 891 609 930 sententiam
635 895 685 933 de
712 898 840 948 capite
867 901 961 941 civis
983 905 1156 946 Romani
1184 911 1289 959 ferat,
1314 913 1362 953 sit
1383 915 1421 953 in

88 945 171 984 eius
196 949 367 989 exercitu
396 952 553 1002 signifer
577 958 643 1007 qui
669 959 877 1010 imperium
909 966 1143 1011 iudiciorum
1171 982 1306 1016 tenere
1325 981 1418 1018 vult.

89 1011 181 1049 Hoc
220 1016 390 1063 populus
431 1019 637 1060 Romanus
681 1035 844 1075 recusat,
889 1031 966 1070 hoc
1005 1035 1103 1074 ferre
1141 1051 1222 1077 non
1261 1049 1392 1091 potest
1410 1059 1420 1092 3

84 1076 228 1115 clamat
249 1080 518 1132 permittitque
539 1087 651 1126 vobis
673 1097 725 1137 ut,
749 1091 780 1129 si
802 1092 884 1132 istis
905 1096 1133 1139 hominibus
1150 1103 1415 1156 delectemini,

25 1152 59 1184 15
83 1139 113 1177 si
135 1153 181 1178 ex
202 1155 250 1181 eo
269 1156 412 1193 genere
433 1150 685 1197 splendorem
707 1156 834 1195 ordini
855 1167 975 1210 atque
991 1175 1267 1207 ornamentum
1285 1172 1416 1212 curiae

81 1206 319 1248 constituere
341 1211 477 1260 velitis,
502 1214 678 1256 habeatis
695 1232 789 1259 sane
810 1221 928 1263 istum
949 1228 1155 1270 vobiscum
1177 1242 1410 1285 senatorem,

79 1269 196 1309 etiarn
224 1273 274 1311 de
295 1275 406 1314 vobis
436 1276 619 1328 iudicem,
642 1282 673 1321 si
695 1286 822 1334 vultis,
846 1289 1023 1331 habeatis
1042 1308 1052 1341 ,·
1081 1296 1131 1334 de
1152 1310 1193 1336 se
1215 1299 1409 1350 homines,

76 1334 107 1371 si
128 1335 195 1385 qui
217 1345 322 1377 extra
342 1339 459 1379 istum
481 1344 661 1385 ordinem
683 1357 785 1398 sunt,
808 1353 952 1402 quibus
973 1370 1023 1396 ne
1043 1359 1229 1401 reiciendi
1247 1365 1408 1414 quidem

73 1400 242 1450 amplius
274 1416 394 1453 quam
427 1406 543 1447 trium
577 1410 753 1452 iudicum
793 1421 1015 1466 praeclarae
1054 1425 1158 1474 leges
1199 1429 1407 1471 Corneliae

13 1475 55 1498 20
73 1464 222 1504 faciunt
259 1476 506 1519 potestatem,
550 1475 656 1516 hunc
695 1479 898 1521 hominem
948 1493 1027 1525 tarn
1067 1492 1280 1540 crudelem,
1322 1503 1401 1535 tam

71 1531 313 1582 sceleratum,
336 1542 416 1574 tam
443 1540 635 1579 nefarium
660 1545 801 1584 nolunt
828 1547 1010 1590 iudicare.
1071 1555 1231 1595 Etenim
1252 1559 1283 1597 si
1305 1560 1401 1601 illud
1422 1545 1473 1627 ἓξ

69 1602 127 1633 est
165 1597 412 1649 flagitiosum,
454 1607 562 1654 quod
603 1609 698 1647 mihi
745 1612 923 1652 omniurn
963 1630 1090 1657 rerum
1131 1619 1433 1672 turpissimum*

67 1660 315 1714 maximeque
335 1668 527 1708 nefarium
548 1670 712 1722 videtur,
736 1676 789 1715 ob
810 1691 891 1716 rem
913 1679 1166 1723 iudicandam
1188 1690 1398 1736 pecuniam

64 1725 252 1776 accipere,
276 1731 402 1779 pretio
423 1734 567 1775 habere
582 1738 782 1779 addictam
801 1743 920 1782 fidem
937 1754 976 1784 et
992 1747 1232 1799 religionem,
1249 1763 1399 1803 quanto

5 1804 43 1835 25
64 1787 160 1829 illud
191 1793 419 1843 flagitiosius
447 1798 664 1850 improbius
696 1804 906 1857 indignius,
930 1823 1021 1850 eum
1042 1826 1064 1851 a
1085 1827 1166 1864 quo
1186 1819 1396 1866 pecuniam

63 1855 115 1893 ob
145 1857 432 1902 absolvendum
462 1868 660 1917 acceperis
692 1873 970 1923 condemnare,
997 1885 1039 1915 ut
1068 1892 1119 1917 ne
1147 1883 1393 1930 praedonum

61 1919 223 1968 quidem
244 1933 399 1974 praetor
418 1928 457 1966 in
479 1931 558 1970 fide
578 1933 784 1975 retinenda
805 1942 1136 1982 consuetudinem
1164 1957 1370 1987 conservet
1387 1953 1394 1988 l

59 1984 194 2025 Scelus
229 1996 287 2027 est
317 1991 496 2043 accipere
529 1996 581 2034 ab
611 2011 703 2037 reo:
735 2010 884 2050 quanto
914 2005 1038 2056 magis
1067 2008 1119 2047 ab
1149 2020 1388 2062 accusatore,

98 2097 119 2128 3
143 2088 294 2123 luxuriae
310 2117 318 2125 .
339 2117 347 2125 .
367 2118 375 2125 .
395 2096 547 2128 desidiae
567 2098 607 2130 0¹
626 2111 633 2130 :
659 2112 689 2131 -a
708 2125 715 2132 .
734 2126 742 2133 .
764 2126 771 2134 .
791 2110 863 2145 -ap
879 2106 944 2136 rell.
1084 2112 1105 2141 6
1129 2111 1214 2144 haec
1232 2138 1240 2145 .
1259 2138 1266 2145 .
1284 2139 1292 2146 .
1313 2126 1390 2156 per-

55 2131 165 2163 tinent
183 2140 209 2174 p
227 2135 292 2167 rell.
311 2148 318 2167 z
344 2137 409 2169 hoc
427 2162 435 2170 .
454 2163 461 2171 .
480 2163 488 2171 .
507 2143 655 2181 pertinet
674 2144 704 2175 O
856 2149 877 2178 8
902 2149 986 2181 Illud
1007 2151 1047 2182 0¹
1068 2165 1074 2183 :
1099 2154 1191 2195 illud,
1212 2156 1293 2190 illud
1319 2161 1385 2192 rell.

54 2184 97 2207 10
120 2177 148 2207 si
166 2187 208 2208 ex
225 2178 288 2210 hoc
306 2179 369 2213 iud.
391 2181 422 2212 O
561 2196 638 2218 sese
657 2187 688 2218 Ο
800 2200 837 2230 15
862 2203 902 2223 eo
919 2193 986 2225 cO:
1012 2196 1114 2239 istop
1131 2199 1198 2230 rell.
1349 2206 1388 2234 16

53 2216 152 2250 istum
171 2222 344 2254 vobiscum
364 2225 454 2265 (nob.
475 2227 533 2269 0¹)
551 2228 611 2260 cO¹
627 2242 634 2260 τ
658 2231 733 2263 vob.
753 2233 853 2265 istum
866 2241 891 2276 p
908 2237 974 2269 rell.
1122 2252 1160 2281 17
1185 2245 1285 2276 etiam
1303 2247 1362 2278 cO¹
1379 2259 1386 2279 ε

53 2261 152 2293 istum
163 2265 209 2304 pb
225 2266 314 2307 vulg.
464 2280 505 2301 22
530 2272 731 2313 flagitiosum
748 2276 817 2308 cO:
842 2283 908 2310 tam
926 2281 1000 2321 flag.
1019 2283 1086 2315 rell.
1237 2298 1277 2327 27
1304 2300 1384 2321 con-

51 2312 164 2337 servet
183 2306 224 2338 Ο1
241 2320 249 2339 :
275 2320 494 2346 conservaret
512 2315 578 2347 rell.
693 2320 734 2350 28
758 2320 799 2351 ab
816 2331 873 2353 reo
888 2324 1043 2365 accipere
1062 2327 1093 2359 Ο
1189 2332 1298 2371 magis
1317 2333 1383 2365 Ob:

50 2348 156 2379 maius
174 2351 238 2383 rell.
