1600 2704
100 127 154 165 26
175 131 218 165 66
544 127 601 164 M.
633 127 801 165 TVLLI
833 126 1139 166 CICERONIS

173 237 301 276 vincia
318 235 573 290 suburbana}
607 239 752 277 Nonne
767 237 900 276 omnia
914 236 1043 287 potius
1057 236 1139 275 eius
1157 236 1265 276 modi
1281 244 1372 275 sunt
1385 249 1498 287 quae,

174 302 204 341 si
227 302 401 341 Athenio
431 315 496 341 rex
523 302 773 352 fugitivorum
795 301 961 348 vicisset,
985 301 1023 339 in
1054 300 1185 340 Sicilia
1214 314 1295 340 non
1316 301 1501 340 fecisset?

174 369 281 414 Non,
310 367 484 417 inquam,
509 367 670 415 iudices,
699 375 800 406 esset
831 368 950 405 ullam
982 374 1130 417 partem
1162 366 1272 405 istius
1302 366 1503 417 nequitiae

174 432 426 482 fugitivorum
448 432 656 471 insolentia
677 439 899 471 consecuta.

105 510 155 549 27
230 496 415 535 Privatim
454 497 530 535 hoc
569 497 714 535 modo:
754 496 878 546 quid?
912 495 1070 545 publice
1108 495 1283 535 civitates
1316 503 1539 543 tractatae5

174 575 293 612 quem
322 562 374 600 ad
404 561 569 599 modum
599 562 718 598 sunt?
773 560 951 599 Audistis
981 562 1183 610 permulta,
1211 560 1372 609 iudices,
1400 561 1503 600 testi-

110 629 152 670 6,-
175 625 308 664 monia
337 624 551 670 civitatum,
583 631 621 663 et
651 623 887 674 reliquarum
916 624 1096 663 audietis.
1154 627 1214 663 Ac
1248 625 1419 675 primurn
1451 627 1502 665 de

172 689 406 740 Agyrinensi
445 690 595 739 populo
638 689 745 728 fideli
784 697 821 728 et
861 689 1012 728 inlustri
1056 689 1222 728 breviter
1260 690 1497 740 cognoscite.

171 753 426 805 Agyrinensis
456 761 514 792 est
535 754 573 791 in
596 753 729 804 primis
759 755 926 793 honesta
956 754 1111 793 Siciliae
1137 754 1272 793 civitas
1294 755 1500 794 hominum

170 827 262 858 ante
283 821 389 858 hunc
410 826 629 869 praetorem
655 818 911 869 locupletium
940 832 1265 869 summorumque
1289 827 1497 858 aratorum.
1523 835 1561 858 10

171 884 266 922 Eius
293 883 373 934 agri
403 884 592 923 decumas
622 896 711 922 cum
743 882 902 922 emisset
932 883 1037 923 idem
1067 884 1278 934 Apronius,
1310 884 1500 934 Agyrium

169 948 285 987 venit.
346 948 427 997 Qui
453 961 544 986 cum
574 947 861 998 apparitoribus
891 961 939 987 eo
969 955 1007 986 et
1036 948 1073 986 vi
1099 961 1145 987 ac
1174 948 1290 987 minis
1316 948 1498 995 venisset,

169 1026 330 1063 poscere
351 1013 561 1063 pecuniam
586 1013 774 1062 grandem
796 1012 927 1062 coepit
947 1020 989 1051 ut
1009 1020 1175 1063 accepto
1195 1014 1304 1052 lucro
1324 1013 1501 1053 discede-

168 1086 247 1125 ret,
282 1079 387 1116 nolle
417 1091 458 1116 se
488 1076 619 1127 negoti
640 1077 853 1127 quicquam
883 1077 1027 1116 habere
1047 1077 1216 1125 dicebat,
1239 1079 1308 1117 sed
1337 1086 1499 1128 accepta

167 1142 335 1191 pecunia
364 1143 462 1180 velle
488 1154 607 1191 quam
636 1141 806 1192 primum
836 1140 874 1179 in
905 1141 1021 1180 aliam
1051 1141 1249 1181 civitatem
1280 1155 1493 1181 occurrere.
1520 1161 1560 1194 15

166 1208 265 1245 Sunt
314 1220 452 1245 omnes
502 1206 622 1245 Siculi
669 1219 751 1245 non
803 1206 1097 1253 contemnendi,
1148 1206 1179 1245 si
1227 1220 1296 1257 per
1342 1215 1497 1246 nostros

166 1271 413 1321 magistratus
452 1270 576 1317 liceat,
619 1271 689 1309 sed
729 1270 910 1309 homines
948 1278 987 1309 et
1025 1271 1117 1309 satis
1150 1272 1268 1310 fortes
1303 1279 1341 1310 et
1381 1273 1497 1321 plane

165 1336 261 1385 frugi
296 1348 342 1374 ac
374 1335 507 1382 sobrii,
535 1343 573 1374 et
607 1334 647 1373 in
683 1335 816 1385 primis
852 1337 949 1374 haec
984 1335 1120 1374 civitas
1150 1337 1200 1375 de
1230 1349 1308 1386 qua
1343 1338 1493 1386 loquor,

101 1410 141 1442 63
164 1400 324 1439 iudices.
387 1401 527 1450 Itaque
566 1400 717 1438 homini
757 1399 1049 1450 improbissimo
1088 1402 1328 1451 respondent
1363 1401 1496 1452 Agyri-

164 1478 305 1504 nenses
326 1478 411 1504 sese
432 1466 620 1504 decumas
641 1464 676 1503 ei
700 1477 819 1515 quern
840 1465 891 1503 ad
913 1465 1075 1504 modum
1099 1465 1289 1504 deberent
1309 1466 1468 1504 daturos
1487 1481 1493 1504 :
1516 1483 1559 1505 20

163 1531 325 1578 lucrum,
349 1543 440 1569 cum
462 1529 525 1568 ille
554 1543 697 1580 magno
717 1528 943 1580 praesertim
975 1528 1143 1576 emisset,
1168 1543 1248 1568 non
1276 1530 1490 1570 addituros.

88 1597 139 1634 28
162 1594 360 1645 Apronius
386 1594 591 1634 certiorem
613 1594 704 1633 facit
730 1594 849 1633 istum
880 1595 967 1633 cuia
987 1607 1046 1633 res
1071 1602 1161 1633 erat.
1222 1595 1372 1643 Statim,
1400 1603 1495 1634 tam—

161 1672 280 1709 quam
313 1659 532 1698 coniuratio
561 1659 694 1709 aliqua
724 1658 843 1709 Agyri
881 1666 1017 1698 contra
1048 1673 1129 1698 rem
1160 1659 1359 1710 publicam
1392 1661 1494 1699 facta

156 1732 223 1761 aut
245 1725 392 1774 legatus
409 1724 596 1775 praetoris
618 1725 793 1773 pulsatus
816 1731 928 1771 esset,
947 1723 999 1762 ita
1021 1724 1165 1774 Agyrio
1187 1724 1432 1775 magistratus
1453 1733 1492 1764 et
1594 1755 1600 1788 f

157 1788 333 1838 quinque
355 1789 468 1839 primi
489 1789 616 1827 accitu
644 1789 753 1827 istius
776 1796 998 1827 evocantur.
1058 1788 1234 1827 Veniunt
1256 1790 1464 1838 Syracusas
1481 1805 1490 1837 ;
1511 1803 1550 1836 ²5
1594 1789 1600 1823 ἒ

155 1862 310 1904 praesto
349 1862 407 1893 est
442 1854 641 1904 Apronius
658 1869 668 1901 3
705 1854 759 1893 ait
794 1867 861 1893 eos
894 1853 999 1904 ipsos
1029 1853 1097 1904 qui
1126 1853 1323 1893 venissent
1353 1862 1489 1894 contra
1595 1846 1598 1865 ⁵

154 1920 329 1959 edictum
344 1920 530 1971 praetoris
549 1920 697 1959 fecisse.
748 1920 1014 1969 Quaerebant,
1033 1918 1158 1970 quid?
1202 1920 1489 1970 Respondebat

203 2033 213 2053 1
242 2028 318 2054 sunt
335 2033 400 2055 om.
420 2023 450 2055 O
465 2023 534 2055 edd.
659 2034 678 2054 2
703 2033 764 2054 rex
781 2023 909 2063 fugitiv.
932 2022 1000 2054 cO:
1024 2033 1089 2053 0111.
1108 2022 1174 2054 rell.
1195 2021 1264 2054 edd.
1386 2033 1424 2053 12
1448 2033 1488 2054 eo

155 2072 187 2096 et
210 2067 239 2096 vi
262 2077 300 2098 ac
327 2067 425 2098 minis
448 2069 559 2107 scrt'psz
583 2068 632 2107 <et
659 2077 733 2098 cum
757 2067 789 2097 vi
813 2066 939 2107 Halm)
959 2077 966 2096 ε
998 2076 1039 2097 eo
1062 2071 1186 2097 etcum
1204 2066 1348 2105 agminis
1370 2067 1416 2097 V:
1446 2077 1488 2098 eo

155 2119 228 2140 cum
245 2110 277 2140 vi
294 2121 332 2141 ac
351 2111 451 2141 minis
464 2111 629 2151 quforte
648 2115 723 2142 recte
740 2110 792 2150 (cfi
808 2110 839 2150 ii,
863 2112 878 2147 ξ
898 2112 954 2149 42)
971 2121 978 2140 ;
1002 2111 1035 2140 vi
1053 2119 1091 2140 ac
1109 2110 1207 2140 minis
1224 2120 1265 2141 eo
1282 2109 1312 2141 O
1326 2114 1356 2140 et
1370 2109 1486 2140 Lamb.

155 2164 187 2182 m
207 2164 273 2193 mg.
296 2155 376 2193 1584
395 2153 459 2196 (cl.
480 2154 559 2185 Rev.
578 2154 668 2185 xviii.
682 2160 716 2195 p.
736 2155 792 2193 26)
899 2163 936 2193 15
961 2153 1049 2184 velle
1065 2151 1135 2183 cO:
1160 2163 1226 2185 om.
1241 2158 1265 2193 p
1281 2153 1370 2193 vulg.
1455 2153 1487 2184 in

154 2196 253 2226 aliam
272 2197 333 2227 civ.
354 2207 533 2228 occurrere
553 2198 602 2228 V:
628 2198 660 2228 in
672 2208 737 2229 om.
752 2202 776 2238 p
795 2196 862 2228 rell.
881 2208 887 2226 :
911 2197 1010 2227 aliam
1028 2196 1089 2227 civ.
1104 2206 1272 2236 occupare
1288 2196 1398 2227 Oedd.
1413 2207 1484 2228 recc.

158 2241 196 2269 16
221 2250 340 2270 omnes
364 2240 446 2270 VO:
473 2241 664 2280 hominesp
681 2241 747 2272 rell.
842 2250 878 2279 17
904 2245 938 2271 et
955 2240 1046 2279 (ante
1058 2240 1156 2275 satis)
1174 2250 1240 2271 om.
1261 2239 1311 2270 V:
1336 2245 1370 2270 et
1381 2240 1488 2271 fortes

155 2283 236 2314 satis
248 2283 289 2312 rrk
300 2283 358 2313 sed
368 2294 442 2313 cum
456 2285 559 2323 signis
573 2288 697 2324 ἵναπερ.
706 2289 731 2324 p
805 2288 839 2314 et
849 2283 929 2314 satis
943 2284 1041 2323 plane
1049 2288 1073 2323 p
1087 2282 1173 2313 codd.
1183 2287 1314 2322 praeter
1328 2283 1363 2322 V,
1379 2284 1412 2313 in
1423 2293 1489 2323 quo

154 2331 200 2357 es!
215 2327 275 2357 sed
296 2327 392 2366 plane
409 2327 508 2365 (Am.
526 2327 563 2364 J.
577 2327 639 2358 Plz.
654 2327 767 2358 xxviii.
786 2328 862 2366 144)
910 2337 967 2365 ›19
991 2327 1116 2357 homini
1133 2326 1228 2357 VcO:
1250 2326 1377 2357 homini
1390 2327 1484 2366 impr.

149 2375 174 2408 p
193 2370 257 2400 rell.
339 2379 377 2399 21
407 2380 514 2409 praes.
530 2380 648 2409 magno
662 2370 692 2401 O
769 2380 809 2400 22
835 2375 906 2402 erat
924 2369 1005 2401 VO:
1023 2374 1094 2401 erat
1112 2370 1192 2409 quid
1209 2370 1258 2400 rei
1275 2374 1402 2410 essetp
1420 2369 1485 2400 rell.
