1600 2704
369 87 432 126 IN
461 87 511 136 Q.
543 86 864 126 CAECILIVM
894 87 1113 127 ORATIO
1386 98 1414 136 4
1438 104 1474 128 12

81 198 174 244 vult,
196 195 350 235 Siculos
368 196 447 234 hoc
465 208 490 234 a
508 208 574 234 me
593 208 675 233 non
698 194 854 245 petisse,
876 194 1047 244 primum
1077 208 1237 234 causam
1264 195 1414 235 inimici

80 261 137 300 tui
157 260 393 308 sublevabis,
411 261 463 299 de
479 273 559 310 quo
575 274 656 299 non
672 259 968 310 praeiudicium,
989 261 1059 299 sed
1080 261 1197 310 plane
1218 259 1410 299 iudicium

78 325 157 363 iam
188 326 337 363 facturn
367 332 536 376 putatur,
574 326 684 375 quod
719 324 773 363 ita
806 324 1059 375 percrebruit,
1094 324 1247 363 Siculos
1281 324 1410 363 omnis

77 397 251 428 actorem
281 402 374 428 suae
404 402 547 428 causae
577 398 713 428 contra
740 389 842 428 illius
863 389 1022 427 iniurias
1043 388 1256 439 quaesisse.
1315 390 1410 427 Hoc
1434 399 1471 432 13

40 466 57 498 5
77 453 108 491 si
129 461 182 501 tu,
204 452 388 492 inimicus
409 453 503 500 eius,
526 455 677 492 factum
706 453 879 504 negabis,
904 454 1015 504 quod
1035 453 1131 503 ipse,
1155 453 1219 491 cui
1239 453 1409 492 maxime

74 519 173 556 haec
193 531 254 556 res
277 518 419 565 obstat,
448 531 592 568 negare
618 532 700 557 non
726 520 858 566 audet,
883 518 1018 557 videto
1039 531 1090 557 ne
1110 518 1278 556 nimium
1301 518 1408 557 fami-

73 581 216 620 liariter
253 581 479 622 inimicitias
517 596 697 622 exercere
730 583 898 622 videare.
962 582 1120 622 Deinde
1159 592 1251 622 sunt
1290 591 1409 623 testes

73 647 143 686 viri
172 647 375 686 clarissimi
403 656 561 687 nostrae
590 647 769 695 civitatis,
794 661 894 698 quos
923 648 1054 687 omnis
1074 661 1097 686 a
1118 662 1182 687 me
1210 647 1408 687 nominari

73 725 154 750 non
175 720 233 751 est
252 726 415 751 necesse
431 728 438 751 :
468 726 537 752 eos
551 713 618 764 qui
631 714 776 752 adsunt
792 714 1018 764 appellabo,
1037 727 1148 764 quos,
1164 713 1196 751 si
1209 713 1407 762 mentirer,

15 791 54 814 10
72 776 181 816 testis
210 790 296 816 esse
326 777 597 828 impudentiae
622 791 733 817 meae
762 777 926 816 minime
955 779 1107 817 vellem.
1167 778 1248 816 Scit
1277 778 1309 816 is
1337 776 1406 829 qui

71 849 129 880 est
159 841 201 880 in
232 842 412 891 consilio,
434 843 479 882 C.
514 844 739 890 Marcellus,
773 842 846 881 scit
877 842 910 881 is
943 856 1063 893 quem
1097 844 1237 882 adesse
1275 842 1404 891 video,

70 907 143 946 Cn.
178 908 371 946 Lentulus
411 907 692 955 Marcellinus,
733 920 903 958 quorum
942 908 1021 946 fide
1054 915 1174 957 atque
1209 907 1405 958 praesidio

69 971 190 1010 Siculi
218 972 388 1011 maxime
414 972 600 1018 nituntur,
624 972 733 1022 quod
759 971 925 1010 omnino
951 973 1231 1010 Marcellorum
1252 971 1404 1010 nomini

67 1045 149 1076 tota
170 1037 235 1076 illa
253 1037 455 1088 provincia
474 1037 662 1075 adiuncta
691 1044 760 1075 est.
821 1036 879 1074 Hi
907 1036 1038 1075 sciunt
1064 1037 1142 1074 hoc
1168 1049 1250 1075 non
1280 1038 1403 1076 modo
1427 1052 1465 1084 14

10 1115 47 1150 15
67 1115 90 1140 a
123 1115 187 1141 me
220 1101 387 1152 petitum
417 1114 513 1148 esse,
545 1102 615 1140 sed
646 1100 701 1139 ita
729 1114 847 1151 saepe
877 1108 915 1139 et
944 1100 998 1139 ita
1031 1100 1286 1139 vehementer
1317 1114 1403 1139 esse

65 1167 231 1217 petitum
262 1175 304 1206 ut
332 1175 400 1206 aut
429 1180 547 1206 causa
577 1166 675 1205 mihi
703 1167 955 1218 suscipienda
984 1166 1100 1206 fuerit
1131 1174 1198 1205 aut
1228 1166 1400 1206 officium

64 1231 366 1271 necessitudinis
399 1232 702 1283 repudiandum.
777 1233 856 1272 Sed
890 1231 988 1283 quid
1027 1245 1100 1282 ego
1139 1231 1200 1270 his
1235 1231 1401 1271 testibus

63 1305 161 1346 utor,
185 1298 297 1348 quasi
317 1311 377 1337 res
398 1298 521 1337 dubia
540 1306 608 1336 aut
637 1298 805 1336 obscura
830 1297 910 1337 sit?
958 1299 1117 1336 Adsunt
1145 1297 1327 1337 homines
1355 1311 1402 1336 ex

63 1370 146 1402 tota
174 1363 376 1413 provincia
405 1362 652 1410 nobilissimi,
675 1363 743 1413 qui
773 1370 998 1413 praesentes
1033 1376 1102 1402 vos
1137 1371 1249 1402 orant
1281 1371 1400 1414 atque

4 1443 46 1467 20
64 1428 282 1475 obsecrant,
324 1428 487 1476 iudices,
527 1436 571 1467 ut
608 1428 650 1466 in
687 1436 819 1467 actore
857 1441 1000 1467 causae
1048 1441 1142 1467 suae
1187 1428 1399 1478 deligendo

63 1501 235 1533 vestrum
266 1493 457 1533 iudicium
491 1494 543 1532 ab
578 1507 650 1532 suo
680 1493 829 1533 iudicio
859 1507 909 1533 ne
939 1493 1145 1544 discrepet.
1206 1493 1399 1533 Omnium

60 1557 264 1597 civitatum
302 1557 422 1597 totius
462 1558 617 1597 Siciliae
656 1558 871 1609 legationes
913 1559 1058 1597 adsunt
1104 1566 1256 1608 praeter
1300 1559 1399 1598 duas

59 1622 235 1663 civitates
252 1638 263 1672 3
306 1636 473 1673 quarum
512 1624 681 1662 duarum
720 1623 751 1661 si
790 1624 986 1670 adessent,
1022 1624 1102 1661 duo
1137 1622 1304 1662 crimina
1338 1624 1399 1661 vel

61 1688 230 1727 maxima
268 1688 538 1727 minuerentur
573 1702 675 1739 quae
710 1702 801 1727 cum
842 1688 901 1726 his
943 1688 1167 1726 civitatibus
1207 1688 1251 1728 C.
1286 1688 1397 1727 Verri

0 1765 41 1800 25
61 1753 353 1796 communicata
383 1761 486 1792 sunt.
558 1756 613 1792 At
647 1754 753 1793 enim
786 1768 855 1792 cur
888 1767 911 1792 a
943 1766 1007 1792 me
1039 1752 1288 1804 potissimum
1320 1754 1396 1791 hoc
1421 1770 1458 1802 15

59 1818 298 1868 praesidium
327 1819 583 1870 petiverunt?
630 1820 670 1859 Si
700 1828 803 1859 esset
835 1819 1003 1859 dubium
1036 1818 1226 1869 petissent
1257 1832 1394 1865 necne,

58 1882 230 1922 dicerem
264 1897 333 1923 cur
361 1885 574 1935 petissent:
605 1900 712 1925 nunc
741 1900 844 1934 vero,
868 1900 959 1925 cum
990 1885 1031 1924 id
1061 1883 1114 1922 ita
1143 1882 1395 1934 perspicuum

57 1946 105 1985 sit
142 1955 186 1986 ut
224 1948 347 1987 oculis
386 1950 559 1989 iudicare
593 1951 762 2001 possitis,
798 1951 933 1990 nescio
973 1964 1041 1989 cur
1080 1951 1157 1988 hoc
1195 1947 1293 1985 mihi
1331 1948 1396 1987 de-

56 2011 241 2051 trimento
270 2027 355 2052 esse
385 2015 539 2061 debeat,
563 2015 595 2053 si
624 2015 666 2054 id
696 2015 791 2053 mihi
822 2015 1026 2062 obiciatur,
1052 2028 1115 2053 me
1142 2012 1393 2065 potissimum

102 2127 140 2156 13
165 2117 319 2148 nituntur
336 2116 541 2149 Manutius:
565 2122 705 2150 utuntur
728 2118 818 2150 codd.
978 2130 1016 2150 21
1043 2120 1084 2150 ab
1111 2130 1172 2151 suo
1194 2120 1251 2160 Dp
1274 2123 1304 2150 et
1326 2118 1390 2150 rell.

50 2164 177 2200 praeter
200 2160 304 2199 G2KZ
330 2161 366 2201 (a
382 2162 462 2200 suo)
640 2173 680 2192 22
705 2168 842 2200 praeter
859 2163 941 2194 duas
967 2162 1008 2200 (s.
1031 2164 1187 2203 duarum}
1205 2173 1347 2203 quarum
1365 2162 1392 2193 si

54 2203 189 2242 Rinkes,
208 2205 253 2236 A.
274 2203 449 2236 Eberhard
556 2215 597 2244 24
622 2205 676 2236 his
693 2205 770 2246 Dp:
796 2207 825 2236 is
845 2207 881 2239 (i.
897 2217 920 2238 e.
944 2206 1000 2245 iis)
1018 2206 1158 2245 Probus,
1174 2207 1218 2238 K.
1240 2207 1282 2240 iv.
1294 2211 1329 2246 p.
1349 2215 1388 2245 41

56 2247 99 2276 26
122 2248 294 2286 petierunt
310 2259 333 2276 π
421 2248 587 2289 petissent
604 2259 623 2279 a
640 2259 695 2281 me
712 2249 916 2290 praesidium
935 2249 1014 2290 (ᾖνδ
1124 2261 1165 2291 27
1192 2261 1266 2283 curn
1282 2260 1351 2283 om.
1370 2261 1392 2280 π

56 2289 89 2321 id
105 2300 169 2322 om.
193 2290 336 2330 G2LKZ
