1600 2704
119 98 162 134 31
182 98 221 127 82
532 91 588 128 M.
611 92 779 129 TVLLI
808 91 1115 131 CICERONIS

182 200 290 238 iubet
321 209 439 251 atque
478 201 679 251 imperare.
741 202 833 240 Hoc
872 214 920 239 eo
958 200 1050 239 facit
1084 208 1125 239 ut
1158 200 1222 240 ille
1261 215 1342 240 non
1381 204 1510 242 solum

180 266 334 303 abesset
366 278 389 303 a
420 266 543 304 domo
581 267 677 304 dum
713 265 920 316 navigaret,
953 267 1023 305 sed
1056 265 1174 304 etiam
1214 265 1381 304 libenter
1418 280 1509 305 cum

181 344 324 380 magno
363 332 512 369 honore
552 329 827 380 beneficioque
860 331 1029 378 abesset,
1069 330 1153 380 ipse
1191 338 1323 369 autem
1359 339 1510 369 remoto

159 404 297 444 -atque
331 395 512 443 ablegato
540 394 621 432 viro
657 408 737 432 non
769 394 927 433 liberius
959 408 1078 444 quam
1112 395 1373 445 antea-quis
1404 395 1510 433 enim

105 722 157 759 32

112 1440 152 1478 84

179 472 367 508 umquam
389 459 499 497 istius
520 458 673 497 libidini
695 459 846 497 obstitit
862 461 925 498 Ρ-
935 461 1005 498 sed
1032 461 1149 509 paulo
1170 460 1356 499 solutiore
1376 460 1510 499 animo

178 531 310 561 tamen
343 536 478 561 secum
511 522 614 560 illam
651 523 824 570 haberet,
857 523 888 561 si
921 537 1000 562 non
1041 531 1243 573 tamquam
1276 524 1401 563 virum
1441 526 1511 563 sed

179 595 380 636 tamquam
400 588 601 625 aemulum
623 587 861 625 removisset.

232 651 388 700 Accipit
409 650 517 689 navis
538 650 734 689 sociorum
756 659 873 701 atque
893 651 1110 690 amicorum
1139 654 1376 692 Cleomenes
1405 655 1511 703 Syra-

177 727 357 753 cusanus.
418 715 527 764 Quid
549 715 717 765 primum
738 724 805 754 aut
824 729 1006 755 accusem
1027 725 1095 756 aut
1115 720 1286 767 querar?
1326 718 1512 757 Siculone

177 780 327 818 homini
362 780 488 830 legati,
530 780 757 830 quaestoris,
799 781 986 830 praetoris
1038 782 1211 832 denique
1261 790 1509 832 potestatem,

177 846 379 891 honorem,
415 844 689 883 auctoritatem
728 844 843 883 dari?
899 845 938 884 Si
973 854 1011 884 te
1045 836 1286 896 impediebat
1318 848 1389 885 ista
1421 861 1512 886 con-

175 910 365 948 viviorum
396 909 683 959 mulierumque
700 909 919 959 occupatio,
943 910 1010 949 ubi
1031 918 1268 960 quaestores,
1292 911 1358 949 ubi
1381 911 1507 962 legati,

176 975 243 1013 ubi
276 975 394 1013 ternis
429 974 598 1014 denariis
632 974 881 1013 aestimatum
912 976 1164 1022 frumentum,
1199 975 1267 1014 ubi
1299 975 1406 1023 muli,
1443 975 1510 1014 ubi

176 1041 437 1087 tabernacula,
474 1040 542 1078 ubi
576 1047 634 1078 tot
668 1047 855 1089 tantaque
890 1047 1121 1078 ornamenta
1155 1036 1444 1089 magistratibus
1471 1048 1509 1078 et

176 1105 310 1155 legatis
348 1119 371 1143 a
409 1112 546 1143 senatu
586 1105 814 1154 populoque
860 1106 1045 1142 Romano
1092 1104 1280 1154 permissa
1327 1113 1366 1143 et
1404 1105 1509 1152 data,

174 1171 347 1220 denique
375 1170 441 1208 ubi
471 1169 667 1220 praefecti,
690 1168 757 1207 ubi
786 1168 930 1207 tribuni
966 1169 1054 1207 tui?
1110 1169 1149 1207 Si
1177 1169 1271 1207 civis
1303 1171 1509 1207 Romanus

174 1235 316 1285 dignus
331 1235 405 1273 isto
423 1234 582 1284 negotio
599 1247 717 1272 nemo
738 1233 821 1280 fuit,
840 1233 935 1282 quid
957 1233 1132 1272 civitates
1154 1247 1254 1283 quae
1277 1233 1315 1271 in
1337 1233 1509 1271 amicitia

175 1301 333 1349 fideque
354 1298 489 1349 populi
512 1298 684 1336 Romani
704 1305 895 1347 perpetuo
916 1301 1171 1337 manserant?
1201 1298 1267 1336 ubi
1285 1300 1506 1348 Segestana,

173 1364 240 1402 ubi
273 1363 532 1413 Centuripina
561 1362 729 1401 civitas?
769 1376 870 1411 quae
904 1376 995 1400 cum
1026 1362 1163 1401 officiis
1194 1364 1271 1400 fide
1302 1370 1505 1409 vetustate,

174 1437 255 1467 tum
285 1429 402 1467 etiarn
431 1427 666 1478 cognatione
687 1426 822 1477 populi
845 1426 1017 1465 Romani
1037 1440 1184 1465 nomen
1204 1427 1410 1477 attingunt.
1471 1427 1508 1465 O

172 1494 213 1533 di
235 1493 473 1532 immortales
494 1495 501 1531 1
530 1492 626 1542 quid
643 1494 660 1530 ?
688 1491 719 1529 si
740 1493 877 1530 harum
898 1491 1069 1541 ipsarum
1090 1490 1291 1529 civitatum
1307 1491 1506 1538 militibus,

174 1558 349 1605 navibus,
380 1557 587 1596 nauarchis
622 1558 886 1607 Syracusanus
918 1558 1154 1596 Cleomenes
1186 1556 1313 1594 iussus
1347 1564 1405 1595 est
1440 1556 1508 1594 im-

173 1636 318 1673 perare,
341 1636 421 1661 non
443 1621 572 1660 omnis
593 1623 721 1660 honos
741 1622 791 1660 ab
814 1621 887 1659 isto
917 1620 1128 1670 dignitatis,
1149 1620 1366 1670 aequitatis,
1390 1621 1508 1659 offici-

172 1701 250 1736 que
271 1688 447 1725 sublatus
467 1688 556 1724 est?
612 1687 780 1735 Ecquod
802 1686 841 1723 in
863 1685 992 1724 Sicilia
1023 1687 1169 1723 bellum
1197 1686 1389 1735 gessimus
1410 1686 1505 1736 quin

173 1751 440 1801 Centuripinis
461 1750 588 1797 sociis,
611 1750 861 1799 Syracusanis
887 1749 1065 1788 hostibus
1087 1753 1315 1789 uteremur?
1371 1753 1505 1800 Atque

173 1817 269 1854 haec
308 1829 381 1865 ego
419 1817 470 1854 ad
509 1814 739 1854 memoriam
772 1814 984 1860 vetustatis,
1022 1827 1102 1852 non
1137 1815 1187 1853 ad
1222 1814 1504 1852 contumeliam

171 1879 337 1918 civitatis
358 1879 488 1918 referri
508 1881 609 1918 volo.
670 1880 810 1928 Itaque
831 1878 894 1918 ille
915 1879 971 1916 vir
990 1878 1226 1917 clarissimus
1248 1892 1505 1929 summusque

172 1945 391 1994 imperator,
418 1946 472 1982 M.
498 1945 720 1990 Marcellus,
750 1943 861 1981 cuius
891 1943 1030 1982 virtute
1058 1951 1207 1993 captae,
1239 1943 1503 1983 misericordia

172 2017 424 2047 conservatae
455 2016 544 2046 sunt
571 2010 793 2057 Syracusae,
816 2008 992 2046 habitare
1013 2008 1052 2045 in
1074 2021 1118 2046 ea
1139 2015 1247 2058 parte
1275 2008 1380 2047 urbis
1402 2022 1503 2058 quae

216 2124 235 2142 ε.»
261 2114 338 2142 (lum
361 2112 410 2142 V:
434 2117 503 2142 tum
523 2112 599 2141 dum
618 2109 702 2141 RS:
727 2115 795 2141 tum
814 2121 888 2141 curn
902 2116 937 2151 p,
957 2115 1035 2141 tunc
1054 2121 1128 2141 cum
1146 2112 1163 2140 δ
1299 2122 1318 2150 4
1345 2111 1502 2150 ablegato

177 2156 264 2195 [Ἆρά-δ
280 2167 285 2184 z
310 2156 497 2185 abalienato
516 2154 610 2185 st
758 2164 777 2192 5
802 2154 913 2184 animo
931 2159 1042 2184 tamen
1067 2153 1115 2193 Vs>
1133 2165 1138 2183 :
1164 2158 1276 2184 tamen
1295 2155 1408 2184 animo
1424 2154 1458 2184 R
1473 2157 1503 2184 et

170 2201 247 2237 pler.
372 2200 393 2228 6
417 2203 468 2228 sct
485 2197 569 2228 RS:
593 2202 626 2227 at
647 2197 712 2236 Vp&
730 2197 778 2233 (ii,
798 2198 820 2234 i,
841 2200 855 2233 ξ
873 2200 928 2235 943
1042 2197 1062 2226 8
1087 2196 1233 2235 Accepit
1256 2196 1285 2225 V
1397 2207 1499 2236 13-15

174 2242 226 2271 nbi
254 2242 357 2271 ternis
375 2265 382 2271 .
403 2265 410 2272 .
433 2266 438 2271 .
457 2246 489 2271 et
514 2241 591 2270 data
617 2241 686 2270 secl.
705 2245 766 2270 aut
788 2239 846 2271 del.
867 2240 994 2278 Eberh„
1015 2239 1111 2277 Nohl,
1133 2239 1291 2270 Sclnnalz
1457 2250 1500 2270 20

175 2294 238 2314 PR.
261 2294 383 2314 nomen
406 2284 494 2322 Vpa:
521 2293 587 2314 ian.
609 2282 708 2313 RSD
862 2285 903 2312 26
926 2284 1008 2314 haec
1026 2293 1089 2321 ego
1105 2283 1146 2313 ad
1164 2281 1227 2312 RS
1244 2293 1250 2312 :
1275 2293 1338 2322 ego
1356 2283 1497 2314 haec-ad

178 2328 223 2357 V:
251 2328 330 2357 baec
349 2328 458 2356 omnia
476 2328 516 2356 ad
531 2327 577 2366 pk

1535 800 1572 822 10

1533 1120 1569 1151 15

1529 1439 1569 1462 20
