1600 2704
1458 54 1506 72 ιο

74 124 343 164 ACTIONIS
366 124 427 161 IN
449 123 493 163 c.
515 124 758 161 VERREM
779 124 1080 163 SECVNDAE
1101 126 1205 163 LIB.
1231 127 1297 164 111
1346 135 1401 173 93
1424 95 1499 172 217⁴
1523 95 1538 107 ⁵

75 235 348 274 defensionem
367 242 535 273 vestram
556 234 843 285 pertimescam,
867 235 938 274 sed
965 248 1029 274 me
1050 235 1227 274 omnium
1249 238 1404 286 provin-

73 300 221 339 ciarum
251 301 500 339 defensorem
530 313 616 338 esse
645 300 868 349 profitebor.
931 299 1090 338 Etenim
1122 301 1198 339 hoc
1229 301 1330 347 dico,
1365 310 1403 340 et

73 378 215 416 magna
248 378 346 404 voce
384 364 487 412 dico,
523 364 778 414 Vbicumque
817 366 894 404 hoc
933 366 1081 403 sactum
1116 373 1185 412 est,
1223 365 1403 416 improbe

73 432 218 469 factum
257 437 316 469 est
329 445 340 479 5
387 430 630 481 quicumque
668 432 744 470 hoc
779 430 881 478 fecit,
916 430 1110 481 supplicio
1149 431 1291 481 dignus
1331 440 1400 470 est.

32 513 51 544 5
72 496 187 543 Nam,
223 508 293 545 per
331 496 427 534 deos
466 494 708 542 immortalis,
742 495 883 543 videte,
921 495 1082 542 iudices,
1120 505 1157 534 et
1192 496 1403 547 prospicite

69 559 210 598 animis
230 559 327 610 quid
347 561 521 598 futurum
542 559 601 599 sit.
663 559 781 598 Multi
808 573 970 611 magnas
990 561 1179 611 pecunias
1198 561 1250 600 ab
1271 561 1402 600 invitis

69 623 293 663 civitatibus
326 632 446 674 atque
482 625 534 663 ab
573 624 702 663 invitis
734 625 952 664 aratoribus
988 625 1059 663 ista
1095 626 1245 664 ratione
1280 628 1402 666 cellae

70 688 231 728 nomine
265 689 714 738 coegerunt‚—omnino
749 703 822 740 ego
861 689 1062 728 neminem
1097 690 1214 729 video
1249 699 1403 740 praeter

69 754 198 802 istum,
232 755 302 793 sed
328 755 382 793 do
408 754 485 793 hoc
512 754 625 793 vobis
651 762 689 793 et
717 756 909 802 concedo,
943 768 1029 793 esse
1059 756 1230 794 multos:
1260 755 1299 794 in
1325 757 1402 795 hoc

11 833 51 856 10
69 818 232 858 homine
260 831 342 858 rem
373 819 588 858 adductam
619 818 658 857 in
689 818 879 858 iudicium
909 819 1061 858 videtis.
1133 819 1242 869 Quid
1274 821 1402 859 facere

68 885 262 935 potestis?
295 892 438 932 utrum,
470 897 561 923 cum
593 883 743 923 iudices
773 884 855 923 sitis
886 886 936 923 de
966 885 1135 935 pecunia
1166 894 1281 936 capta
1310 899 1400 925 con-

66 950 207 998 ciliata,
249 958 400 989 tantam
438 950 649 1002 pecuniam
684 959 840 1001 captam
872 953 1088 1002 neglegere,
1122 965 1183 998 an,
1216 966 1307 990 cun]
1341 955 1402 992 lex

67 1015 267 1055 sociorum
297 1029 415 1055 causa
444 1024 578 1067 rogata
609 1016 667 1063 sit,
701 1016 897 1055 sociorum
929 1016 1195 1066 querimonias
1226 1030 1306 1056 non
1337 1031 1402 1056 au-

67 1081 184 1121 dire?
239 1083 389 1120 Verum
420 1082 496 1120 hoc
527 1094 687 1132 quoque
707 1081 819 1120 vobis
850 1081 1034 1129 remitto,
1071 1082 1264 1132 neglegite
1295 1096 1401 1133 prae-

11 1161 50 1195 ¹5
68 1147 194 1196 terite„
224 1146 255 1185 si
286 1146 428 1195 vultis3
461 1147 532 1185 sed
556 1159 606 1185 ne
636 1145 805 1196 reliquas
833 1159 922 1197 spes
944 1146 1109 1185 turbetis
1130 1155 1249 1197 atque
1271 1148 1401 1187 omnis

68 1211 290 1262 provincias
320 1212 512 1259 evertatis,
547 1211 587 1250 id
618 1211 834 1262 providete,
865 1225 916 1251 ne
945 1212 1139 1259 avaritiae,
1165 1225 1267 1263 quae
1295 1223 1402 1253 ante-

68 1279 142 1316 hac
162 1277 328 1316 occultis
349 1276 554 1316 itineribus
574 1285 694 1328 atque
713 1277 888 1328 angustis
909 1277 964 1316 uti
987 1279 1149 1325 solebat,
1168 1279 1400 1318 auctoritate

67 1350 195 1381 vestra
225 1343 329 1380 viam
363 1342 606 1393 patefaciatis
642 1342 845 1381 inlustrem
876 1350 996 1392 atque
1030 1344 1161 1381 latam.
1234 1344 1337 1381 Nam
1370 1344 1400 1382 si

69 1408 146 1446 hoc
166 1406 341 1458 probatis
362 1414 400 1446 et
421 1407 452 1446 si
473 1407 589 1446 licere
609 1407 797 1458 pecunias
819 1406 894 1446 isto
914 1407 1076 1446 nomine
1097 1407 1184 1457 capi
1206 1407 1399 1455 iudicatis,

11 1487 52 1509 20
69 1480 174 1511 certe
194 1473 282 1520 hoc,
305 1473 415 1522 quod
435 1474 566 1511 adhuc
586 1485 706 1510 nenio
733 1471 806 1510 nisi
837 1471 1151 1522 improbissimus
1173 1472 1274 1520 fecit,
1298 1482 1402 1524 post-

69 1539 143 1576 hac
172 1550 293 1576 nemo
323 1537 398 1576 nisi
426 1536 678 1576 stultissimus
708 1550 788 1575 non
817 1537 942 1575 faciet.
1004 1537 1181 1587 Improbi
1213 1547 1302 1576 sunt
1333 1538 1401 1589 qui

68 1602 257 1654 pecunias
277 1610 414 1642 contra
438 1605 543 1653 leges
574 1610 730 1653 cogunt,
755 1602 862 1640 stulti
893 1602 959 1652 qui
988 1604 1097 1652 quod
1119 1602 1235 1642 licere
1256 1603 1401 1643 iudica-

68 1677 153 1707 tum
191 1675 251 1707 est
289 1668 613 1718 praetermittunt.
687 1667 856 1715 Deinde,
898 1667 1060 1715 iudices,
1097 1668 1237 1715 videte,
1281 1682 1399 1719 quarn

68 1732 264 1772 infinitam
303 1733 386 1772 sitis
425 1733 654 1772 horninibus
694 1732 894 1771 licentiam
939 1732 1194 1783 pecuniarum
1237 1734 1401 1784 eripien-

0 1810 49 1844 {25
69 1800 207 1838 darum
229 1797 368 1836 daturi.
428 1797 479 1845 Si,
503 1805 635 1837 ternos
654 1797 837 1837 denarios
858 1796 926 1848 qui
948 1797 1076 1848 coegit
1097 1798 1396 1847 eritabsolutus‚

68 1872 292 1915 quaternos,
324 1862 477 1914 quinOS‚
511 1864 636 1903 denos
666 1862 839 1913 denique
868 1871 934 1901 aut
955 1862 1115 1901 vicenos
1143 1872 1256 1913 coget
1285 1864 1398 1903 alius.

69 1931 185 1979 Quae
214 1929 285 1968 erit
314 1929 599 1980 reprehensio?
628 1928 668 1967 in
690 1941 771 1978 quo
792 1928 961 1978 primum
984 1927 1147 1966 iniuriae
1167 1929 1289 1977 gradu
1311 1930 1400 1967 resi-

68 2004 168 2033 stere
189 1993 350 2044 incipiet
371 1994 554 2033 severitas
574 1993 748 2033 iudicis?
778 2000 922 2042 quotus
944 1992 1013 2031 erit
1034 1992 1106 2030 iste
1127 1993 1310 2031 denarius
1331 1995 1398 2043 qui

68 2074 149 2099 non
179 2060 228 2099 sit
258 2061 455 2108 ferendus,
476 2068 514 2099 et
534 2060 574 2098 in
595 2073 676 2110 quo
697 2059 867 2110 primum
897 2056 1182 2096 aestimationis
1212 2057 1398 2108 iniquitas

29 2139 50 2161 0
67 2134 187 2176 atque
234 2125 465 2175 improbitas
513 2125 852 2175 reprehendatur?
928 2123 1021 2160 Non
1062 2121 1166 2160 enirn
1215 2135 1237 2160 a
1284 2122 1396 2161 vobis

113 2237 126 2256 1
152 2233 301 2258 vestram
321 2226 385 2257 des.
409 2225 438 2257 O
538 2237 557 2263 4
582 2226 645 2256 hoc
660 2235 726 2256 om.
747 2223 778 2255 O
888 2233 924 2254 11
952 2223 1024 2254 sitis
1041 2222 1170 2253 iudices
1189 2220 1219 2251 O
1311 2230 1396 2259 21=3

70 2269 215 2309 Improbi
236 2295 242 2302 .
260 2295 266 2302 .
290 2295 296 2302 .
314 2270 588 2310 praetermittunt
607 2274 669 2309 pro
692 2268 812 2308 spur-iz's
829 2267 948 2299 habent
963 2266 1052 2304 Rau,
1072 2264 1229 2296 Zielinski
1244 2265 1294 2304 (p.
1319 2266 1394 2302 196)

67 2324 119 2351 24,
132 2324 174 2353 25
194 2314 267 2345 sitis
277 2314 491 2345 hominibus.
512 2339 518 2344 .
533 2336 540 2343 .
557 2312 665 2343 daturi
678 2317 703 2352 p
716 2311 778 2342 rell.
800 2323 806 2342 :
832 2311 906 2342 istis
923 2311 1117 2342 hominibus
1131 2334 1138 2341 .
1154 2334 1160 2340 .
1177 2333 1183 2339 .
1200 2308 1309 2338 daturi
1323 2308 1396 2337 sitis

69 2356 99 2386 O
114 2357 183 2388 edd.
218 2401 243 2431 H
311 2367 352 2397 25
377 2358 453 2389 den.
474 2362 589 2388 ternos
609 2355 640 2387 O
731 2354 882 2394 coegerit
900 2354 1010 2386 Muell.
1121 2354 1163 2384 26
1187 2352 1309 2392 quinos
1324 2351 1371 2381 cO
1389 2361 1395 2380 :

66 2410 130 2432 om.
143 2406 168 2441 p
184 2413 216 2432 re
241 2426 249 2434 .

1424 473 1480 510 94

1426 524 1486 555 218

1424 1097 1485 1129 2¹9

1422 1685 1486 1707 220
