1600 2704
1493 55 1517 76 7

1483 77 1501 89 .<

104 75 372 119 ACTIONIS
404 84 465 122 IN
495 86 540 124 C.
562 88 806 130 VERREM
836 96 1137 141 SECVNDAE
1167 106 1270 144 LIB.
1296 110 1338 146 II
1380 110 1433 158 58
1454 123 1516 159 143

100 190 267 229 dubium
310 194 405 243 quin
448 209 551 244 eum,
592 211 683 238 cum
722 201 763 240 id
806 205 968 253 planum
1012 210 1132 259 fieret,
1172 218 1428 260 condemnari

98 267 259 294 necesse
289 266 401 297 esset.
462 261 600 310 Quid?
637 263 668 301 si
701 268 871 306 eundem
903 275 1095 322 populum
1131 278 1203 317 HS
1234 292 1284 319 cc
1322 284 1429 323 milia

95 320 276 368 poposcit
297 335 422 372 eaque
442 325 570 375 coegit
588 335 708 377 atque
727 331 899 380 abstulit,
919 349 1014 375 num
1035 338 1183 380 idcirco
1203 344 1428 386 absolvetur

94 386 203 432 quod
249 387 491 438 adscriptum
539 399 597 429 est
641 407 728 432 eam
775 399 986 446 pecuniam
1027 404 1161 444 datam
1210 417 1425 451 statuarum

55 448 284 495 5nomine?
339 453 444 500 Non,
491 455 654 505 opinor3
698 459 772 498 nisi
816 463 916 503 forte
963 466 1002 505 id
1045 469 1211 519 agimus,
1254 488 1334 514 non
1384 488 1424 517 ut

91 514 379 563 magistratibus
395 519 536 558 nostris
558 535 708 562 moram
728 526 960 578 accipiendi,
980 534 1048 571 sed
1071 543 1112 573 ut
1133 538 1248 577 sociis
1264 553 1422 581 causam

89 578 211 616 dandi
231 581 384 620 adferre
405 582 618 624 videamur.

142 643 298 691 Quodsi
325 658 444 695 quem
474 656 626 690 statuae
652 667 796 705 magno
826 672 944 708 opere
974 664 1183 714 delectant,
1206 678 1244 707 et
1272 671 1302 708 si
1333 673 1420 722 quis

86 718 219 744 earum
250 709 400 749 honore
427 722 493 751 aut
521 716 644 765 gloria
669 720 839 770 ducitur,
859 723 891 762 is
920 726 1018 766 haec
1045 737 1176 769 tamen
1207 736 1419 776 constituat

28 785 66 809 10
85 784 246 812 necesse
266 782 335 822 est,
358 776 528 826 primum
558 783 679 821 averti
708 788 919 835 pecuniam
949 793 1114 833 domum
1145 810 1225 837 non
1250 802 1418 851 placere,

83 834 230 875 deinde
256 837 428 888 ipsarum
460 851 677 886 statuarum
699 852 865 891 modum
887 858 1087 904 quendam
1116 874 1201 900 esse
1222 873 1413 915 oportere,

82 899 227 940 deinde
257 902 365 952 illud,
398 915 502 946 certe
531 910 582 948 ab
613 911 743 952 invitis
779 916 878 967 exigi
913 933 993 959 non
1024 933 1214 973 oportere.
1273 931 1334 968 Ac
1364 932 1415 971 de
1437 968 1497 1000 144

79 967 291 1005 avertenda
329 971 497 1019 pecunia
540 987 686 1024 quaero
727 979 798 1018 abs
838 989 876 1020 te
915 992 1043 1024 utrum
1083 988 1190 1038 ipsae
1238 993 1413 1035 civitates

79 1029 216 1069 solitae
240 1032 317 1071 sint
344 1043 491 1076 statuas
520 1038 591 1077 tibi
613 1041 815 1083 faciundas
843 1047 972 1087 locare
993 1051 1027 1089 ei
1049 1053 1111 1090 cui
1132 1065 1294 1103 possent
1316 1061 1412 1110 opti-

20 1108 56 1140 15
78 1107 142 1133 ma
168 1096 406 1138 condicione
435 1102 574 1149 locare,
606 1118 657 1143 an
677 1107 850 1158 aliquem
875 1123 1168 1161 procuratorem
1199 1124 1409 1171 praeficere

76 1158 144 1208 qui
164 1160 302 1199 statuis
322 1163 516 1204 faciundis
537 1179 748 1218 praeesset,
765 1186 816 1211 an
838 1175 921 1224 tibi,
943 1191 992 1216 an
1015 1181 1076 1219 cui
1099 1190 1140 1221 tu
1162 1184 1408 1239 imperasses,

73 1224 333 1265 adnumerare
367 1231 610 1278 pecuniam?
666 1237 769 1275 Nam
806 1240 836 1277 si
872 1254 941 1290 per
975 1257 1043 1284 eos
1078 1255 1229 1289 statuae
1259 1253 1405 1294 fiebant

71 1301 94 1327 a
120 1289 264 1339 quibus
294 1291 366 1331 tibi
387 1293 459 1333 iste
487 1297 614 1337 honos
644 1301 874 1352 habebatur,
897 1309 1041 1350 audio:
1072 1313 1129 1351 sin
1162 1316 1402 1359 Timarchidi

70 1353 238 1403 pecunia
267 1360 560 1410 numerabatur,
588 1365 736 1411 desine,
768 1382 927 1418 quaeso,
960 1374 1143 1416 simulare
1174 1387 1221 1426 te,
1245 1394 1334 1420 cum
1364 1385 1402 1422 in

11 1434 51 1457 20
69 1418 390 1461 manifestissimo
420 1425 523 1464 furto
557 1435 725 1480 teneare,
756 1434 902 1483 gloriae
937 1441 1158 1481 studiosum
1189 1459 1234 1484 ac
1266 1461 1401 1488 monu—

67 1490 294 1523 mentorum
314 1486 444 1528 fuisse.

120 1547 229 1596 Quid
263 1554 390 1590 vero?
427 1557 592 1596 modum
626 1568 843 1603 statuarum
878 1567 1012 1607 haberi
1054 1575 1205 1613 nullum
1239 1579 1398 1626 placet?

64 1612 187 1661 Atqui
236 1615 427 1656 habeatur
474 1634 637 1663 necesse
684 1635 754 1666 est.
828 1631 988 1671 Etenim
1033 1636 1088 1675 sic
1135 1641 1395 1685 considerate.
1420 1659 1477 1692 145

64 1675 306 1725 Syracusana
343 1681 489 1731 civitas,
532 1694 574 1724 ut
613 1702 700 1728 eam
738 1694 990 1743 potissimum
1029 1702 1243 1752 nominem,
1284 1709 1395 1749 dedit

3 1756 41 1789 ²5
62 1738 135 1789 ipsi
169 1749 454 1787 statuam—est
487 1751 710 1794 honos—et
740 1759 1000 1808 patri—bella
1034 1766 1131 1805 haec
1165 1769 1320 1818 pietatis
1355 1784 1393 1814 et

60 1814 297 1854 quaestuosa
317 1810 611 1857 simulatio—et
634 1819 861 1862 filio—ferri
882 1827 958 1865 hoc
986 1838 1126 1877 potest,
1151 1833 1257 1873 hunc
1284 1838 1388 1877 enirn

58 1882 224 1919 puerum
254 1887 335 1912 non
365 1878 554 1929 oderant,-
586 1897 721 1924 verum
751 1889 936 1937 quotiens
966 1901 1004 1931 et
1034 1904 1132 1944 quot
1160 1900 1389 1942 nominibus

56 1947 78 1971 a
126 1936 378 1984 Syracusanis
421 1950 568 1984 statuas
610 1950 793 1990 auferes?
850 1956 904 1993 Vt
950 1956 990 1994 in
1032 1960 1116 1997 foro
1159 1970 1384 2014 statuerent,

55 1999 264 2049 abstulisti,
303 2011 346 2042 ut
383 2005 422 2044 in
462 2010 579 2057 curia,
621 2015 792 2064 coegisti,
835 2026 877 2056 ut
915 2023 1125 2069 pecuniam
1164 2030 1386 2071 conferrent

0 2079 37 2111 30
55 2065 94 2102 in
121 2078 187 2104 eas
215 2075 362 2108 statuas
389 2084 491 2121 quae
518 2076 673 2116 Romae
699 2091 939 2128 ponerentur
959 2085 1183 2137 imperasti3
1213 2101 1254 2131 ut
1278 2094 1383 2134 idem

95 2169 116 2198 6
139 2170 329 2210 accipiundi
350 2173 380 2203 O
536 2189 552 2217 7
577 2180 700 2212 afferre
717 2183 774 2214 εΟ1
795 2197 802 2215 :
825 2187 998 2229 auferrep
1013 2191 1076 2222 rell.
1247 2207 1286 2227 12
1312 2210 1378 2230 non

53 2216 212 2250 oportere
229 2215 320 2254 exigi
336 2217 355 2246 b
443 2220 521 2259 Age
538 2222 593 2253 cO¹
759 2237 796 2266 14
821 2230 991 2263 faciendas
1011 2233 1042 2264 O
1205 2249 1242 2278 15
1268 2241 1380 2274 locare

51 2264 115 2285 om.
137 2254 168 2285 Ο
249 2268 290 2289 an
307 2260 397 2292 codd.
414 2273 421 2292 ε
445 2270 478 2293 et
494 2264 615 2307 Pluyg.
631 2280 638 2298 :
662 2275 718 2299 aut
736 2270 846 2304 Muell.
929 2285 1179 2314 procuratorem
1195 2282 1238 2313 Ο1
1253 2295 1258 2313 :
1285 2296 1378 2317 cura-

52 2301 158 2329 torem
177 2299 242 2331 rell.
367 2307 406 2334 16
430 2317 472 2337 an
491 2309 541 2337 cui
559 2310 648 2342 codd.
666 2323 672 2341 :
697 2319 754 2344 aut
771 2316 822 2345 cui
839 2317 974 2351 Lamb..
995 2320 1064 2353 edd.
1087 2333 1157 2353 recc.
1280 2339 1319 2368 19
1345 2331 1376 2360 in

51 2350 116 2371 om.
140 2341 170 2371 Ο
186 2343 228 2374 αῖ.
363 2357 406 2378 20
430 2351 701 2386 manifestissimo
717 2356 765 2386 cO
781 2368 787 2388 :
812 2362 991 2393 manifesto
1002 2370 1027 2404 p
1044 2366 1108 2396 rell.

93 2399 154 2422 erc.
176 2401 254 2422 νεκ.
1248 2422 1288 2450 1⁴.)

1524 66 1540 86 :f
1549 60 1567 85 l
