1600 2704
79 101 348 141 ACTIONIS
379 103 441 141 IN
471 103 516 142 C.
539 103 780 140 VERREM
811 103 1111 142 SECVNDAE
1142 104 1246 141 LIB.
1270 104 1313 142 II
1348 102 1408 141 66

81 218 222 250 rentur.
281 212 538 262 Tyndaritani
558 211 784 251 deiecerunt
814 212 854 250 in
875 213 960 250 foro
990 220 1027 250 et
1049 213 1189 251 eadem
1217 214 1267 252 de
1291 226 1409 251 causa

81 290 227 327 equum
264 277 423 316 inanem
453 277 703 327 reliquerunt.
764 276 981 324 Leontinis,
1014 276 1154 315 misera
1183 277 1222 314 in
1253 277 1409 315 civitate

79 350 198 392 atque
229 342 348 389 inani,
383 350 516 381 tamen
549 342 660 380 istius
689 341 731 380 in
758 341 962 392 gymnasio
992 350 1120 380 statua
1151 342 1305 381 deiecta
1338 351 1407 381 est.

83 408 186 446 Nam
226 406 323 457 quid
360 420 434 456 ego
480 408 531 446 de
575 406 826 456 Syracusanis
869 408 1035 456 loquar?
1082 407 1191 456 quod
1230 420 1311 444 non
1353 416 1409 444 est

43 471 280 522 5proprium
327 472 670 521 Syracusanorum,
715 473 786 510 sed
833 479 871 509 et
915 471 1070 509 illorum
1114 480 1152 510 et
1196 485 1410 509 commune

80 543 296 574 conventus
325 536 427 574 illius
450 549 496 574 ac
527 549 650 586 prope
679 536 799 574 totius
829 535 1066 586 provinciae.
1128 538 1288 586 Quanta
1319 538 1410 574 illuc

80 600 302 646 multitudo,
333 608 480 650 quanta
503 600 561 639 vis
589 600 795 640 hominurn
823 601 1055 640 convenisse
1089 601 1294 640 dicebatur
1325 609 1409 639 tum

78 678 170 703 cum
199 672 349 704 statuae
376 674 467 704 sunt
487 665 589 703 illius
617 665 794 705 deiectae
814 675 851 704 et
880 669 1059 704 eversae!
1117 669 1169 704 At
1191 679 1271 716 quo
1297 667 1410 704 loco!

79 729 347 769 Celeberrimo
366 743 413 768 ac
432 730 736 781 religiosissimo,
752 738 843 769 ante
860 730 988 781 ipsum
1011 730 1201 781 Serapim,
1222 731 1261 768 in
1283 731 1410 781 primo

24 809 61 833 10
77 794 188 833 aditu
217 793 492 845 vestibuloque
522 795 669 845 templi.
730 797 851 844 Quod
886 795 959 834 nisi
999 797 1185 834 Metellus
1217 797 1294 834 hoc
1329 804 1408 834 tam

78 859 243 910 graviter
280 860 422 910 egisset
459 869 579 911 atque
617 861 723 899 illam
763 875 844 899 rem
876 861 1041 911 imperio
1079 861 1292 911 edictoque
1326 874 1410 911 pro-

78 924 282 973 hibuisset,
302 926 509 976 vestigium
533 934 747 965 statuarum
778 926 888 964 istius
918 926 957 964 in
987 934 1069 965 tota
1099 926 1230 965 Sicilia
1257 928 1409 965 nullum

77 997 180 1028 esset
200 990 389 1028 relictum.

131 1057 264 1106 Atque
298 1070 370 1106 ego
406 1058 481 1095 hoc
511 1069 592 1095 non
621 1068 767 1102 vereor,
798 1070 848 1094 ne
878 1055 974 1105 quid
1006 1057 1144 1093 horum
1175 1069 1257 1095 non
1288 1058 1409 1095 modo

21 1133 58 1166 15
78 1119 250 1171 impulsu
270 1134 404 1160 verum
435 1121 602 1159 omnino
621 1122 794 1159 adventu
825 1133 914 1159 meo
936 1122 1082 1158 factum
1113 1134 1198 1159 esse
1219 1121 1406 1159 videatur.

79 1185 226 1224 Omnia
255 1185 328 1224 ista
354 1194 445 1224 ante
470 1187 573 1224 facta
600 1193 690 1224 sunt
718 1199 798 1224 non
830 1186 951 1224 modo
981 1199 1099 1235 quam
1122 1199 1194 1236 ego
1222 1186 1405 1232 Siciliam,

77 1264 211 1288 verum
237 1250 354 1289 etiam
376 1264 495 1300 quam
520 1251 592 1289 iste
616 1250 770 1289 Italiam
791 1250 928 1300 attigit.
991 1253 1095 1292 Dum
1119 1264 1191 1300 ego
1217 1250 1255 1288 in
1278 1251 1409 1289 Sicilia

77 1329 175 1362 sum,
209 1317 315 1354 nulla
348 1324 474 1354 statua
507 1316 659 1355 deiecta
689 1324 771 1354 est:
806 1325 1066 1366 posteaquam
1103 1316 1209 1354 illinc
1242 1316 1409 1363 decessi,

1456 72 1507 95 f:
1531 75 1545 87 κ

1434 107 1494 140 ιόο

1434 1064 1489 1096 161

77 1394 179 1431 quae
229 1380 305 1419 sint
361 1389 470 1431 gesta
527 1381 764 1431 cognoscite.
844 1380 1193 1429 Centuripinorum
1251 1390 1409 1419 senatus
1431 1386 1482 1432 67

20 1461 61 1484 πο
78 1445 251 1484 decrevit
284 1447 533 1496 populusque
567 1446 678 1484 iussit
716 1454 769 1493 ut,
807 1459 908 1495 quae
940 1453 1090 1484 statuae
1122 1445 1253 1484 Verris
1288 1445 1410 1495 ipsius

77 1518 116 1548 et
154 1510 272 1560 patris
306 1511 389 1550 eius
423 1519 461 1549 et
501 1511 568 1549 filii
599 1519 740 1557 essent,
775 1524 840 1549 eas
875 1518 1101 1561 quaestores
1135 1510 1409 1549 demoliendas

77 1577 262 1623 locarent,
295 1577 472 1626 dumque
507 1589 553 1614 ea
582 1576 787 1615 demolitio
819 1577 937 1622 fieret,
967 1583 1167 1614 senatores
1195 1589 1244 1614 ne
1280 1575 1408 1613 minus

77 1643 233 1693 triginta
252 1644 448 1682 adessent.
494 1643 638 1682 Videte
658 1643 887 1693 gravitatem
909 1642 1076 1681 civitatis
1096 1656 1141 1680 ac
1163 1642 1406 1692 dignitatem.

78 1709 220 1758 Neque
253 1722 318 1746 eas
349 1708 389 1746 in
419 1709 516 1747 urbe
545 1722 614 1746 sua
644 1715 791 1746 statuas
820 1721 905 1746 esse
934 1709 1142 1746 voluerunt
1171 1721 1269 1757 quas
1300 1707 1408 1745 inviti

20 1787 58 1818 25
77 1786 146 1822 per
175 1773 254 1810 vim
292 1782 411 1823 atque
450 1773 658 1823 imperium
698 1772 915 1819 dedissent,
949 1786 1079 1822 neque
1118 1772 1201 1811 eius
1236 1772 1409 1811 hominis

77 1837 117 1875 in
157 1851 273 1887 quem
314 1838 387 1888 ipsi
426 1852 517 1876 cum
555 1837 784 1888 gravissimo
822 1837 1050 1876 testimonio
1089 1837 1259 1887 publice,
1300 1838 1409 1887 quod

77 1915 295 1951 numquam
328 1911 454 1949 antea,
492 1905 664 1941 Romam
703 1904 890 1941 mandata
924 1904 1153 1952 legatosque
1188 1902 1410 1949 misissent3

77 1974 115 2005 et
153 1967 194 2005 id
231 1967 384 2016 gravius
419 1981 504 2006 esse
538 1975 720 2016 putarent
751 1967 782 2005 si
815 1967 976 2017 publico
1011 1966 1188 2014 consilio,
1222 1980 1342 2016 quam
1378 1967 1409 2005 si

124 2081 136 2100 1
165 2071 206 2101 de
223 2081 288 2101 om.
306 2071 372 2111 qu
506 2083 524 2108 4
549 2081 615 2101 non
633 2080 699 2101 om.
722 2069 782 2100 CO
909 2081 927 2109 5
953 2076 986 2101 et
1010 2070 1096 2100 'ante
1111 2071 1306 2110 commune)
1329 2070 1410 2101 CO-

77 2125 142 2144 om.
165 2114 227 2145 rell.
395 2115 417 2144 6
440 2113 517 2144 illuc
536 2113 564 2144 C
578 2113 663 2146 rell.:
690 2113 757 2144 illic
776 2113 817 2144 Οι
982 2115 1002 2144 8
1026 2114 1115 2144 illius
1133 2113 1263 2145 Ccodd.
1282 2126 1289 2144 :
1313 2114 1409 2145 istius

76 2157 146 2188 edd.
292 2158 331 2186 18
356 2157 486 2188 decessi
507 2156 556 2188 C:
581 2157 723 2188 discessi
740 2157 786 2197 pb
802 2156 870 2187 edd.
892 2157 986 2188 veDz.
1007 2161 1022 2195 ξ
1042 2168 1084 2187 2:
1109 2157 1129 2187 ii
1149 2161 1165 2196 ξ
1186 2167 1270 2197 172:
1298 2168 1319 2187 v
1340 2161 1354 2195 ξ
1376 2160 1408 2196 7)

80 2210 119 2239 19
143 2200 210 2231 sint
223 2200 271 2231 C:
295 2206 371 2230 sunt
383 2200 429 2240 pb
442 2199 512 2231 edd.
617 2211 660 2231 20
682 2200 800 2231 Verris
816 2200 860 2230 C:
887 2200 923 2231 C.
941 2201 1057 2232 Verris
1075 2201 1142 2232 rell.
1161 2200 1230 2232 edd.
1253 2200 1352 2239 (Am.
1370 2201 1407 2238 J.

76 2243 140 2274 Plz.
157 2244 246 2275 xxvi.
268 2244 347 2282 412)
518 2253 557 2274 21
586 2243 658 2274 eius
677 2242 770 2275 60¹:
796 2254 861 2274 ont.
883 2244 948 2275 rell.
1121 2255 1162 2275 22
1187 2245 1317 2274 molitio
1337 2244 1406 2275 CO¹

76 2297 120 2317 ne
137 2287 246 2318 minus
264 2288 401 2326 triginta
421 2287 499 2326 COq
518 2298 524 2317 ε
550 2285 623 2318 ῑκ-δ(
643 2297 686 2317 ne
705 2289 788 2327 (non
806 2287 838 2316 I)v
857 2288 965 2318 minus
978 2287 1044 2328 pbk
1145 2298 1186 2327 25
1211 2288 1283 2319 eius
1300 2298 1366 2318 om.
1389 2299 1409 2317 π

77 2331 118 2360 28
143 2331 174 2361 id
191 2342 256 2362 om.
278 2330 337 2361 CO
