1600 2704
38 502 55 533 5

17 831 54 854 10

15 1154 53 1186 15

14 1479 54 1502 20

15 2128 53 2160 30

82 119 352 161 ACTIONIS
373 121 434 159 IN
457 120 502 160 C.
525 121 768 159 VERREM
790 120 1089 160 SECVNDAE
1111 121 1215 159 LIB.
1240 122 1299 158 IV
1369 129 1417 167 35

80 243 175 276 esse,
199 229 360 276 iudices,
384 230 524 268 scitote
543 227 757 276 neminem,
774 241 905 279 neque
919 228 1086 267 liberum
1103 241 1233 278 neque
1247 242 1412 276 servum,

78 307 208 343 neque
238 293 364 333 civem
396 306 526 344 neque
553 293 813 344 peregrinum,
845 292 913 343 qui
944 294 1042 331 illud
1069 294 1224 342 signum
1253 294 1415 331 auderet

76 358 267 408 attingere
281 373 292 406 ,-
321 359 507 397 barbaros
528 358 724 408 quosdam
744 358 935 407 Lilybaeo
955 357 1094 396 scitote
1114 358 1308 396 adductos
1330 371 1414 396 esse

75 425 300 473 operarios3
328 423 354 461 ii
383 423 556 473 denique
585 422 683 462 illud
707 422 829 474 ignari
857 423 977 461 totius
998 423 1130 472 negoti
1151 435 1196 460 ac
1218 422 1414 472 religionis

75 489 258 527 mercede
288 494 452 538 accepta
483 488 733 526 sustulerunt.
794 488 916 536 Quod
954 500 1044 526 cum
1085 500 1132 526 ex
1170 488 1320 537 oppido
1354 501 1414 526 ex-

74 552 313 602 portabatur,
335 565 455 603 quem
476 559 717 591 conventum
744 551 953 591 mulierum
982 553 1130 590 factum
1151 564 1238 591 esse
1257 551 1413 590 arbitra-

74 616 181 664 mini,
205 630 324 667 quem
344 618 481 656 fletum
502 616 695 656 maiorum
716 618 844 656 natu?
872 630 1042 667 quorum
1069 629 1150 656 non
1178 616 1273 654 nulli
1293 617 1411 655 etiam

73 682 182 720 illum
231 682 339 721 diem
387 682 577 721 memoria
624 683 813 721 tenebant
860 695 952 721 cum
991 683 1055 720 illa
1093 682 1233 721 eadem
1282 681 1413 719 Diana

73 748 274 797 Segestam
324 748 561 798 Carthagine
609 756 764 787 revecta
801 747 1005 787 victoriam
1053 747 1190 798 populi
1239 747 1411 786 Romani

72 813 200 851 reditu
221 825 293 851 suo
314 813 542 852 nuntiasset.
604 814 736 862 Quam
757 812 958 852 dissimilis
979 812 1042 851 hic
1063 812 1147 852 dies
1168 812 1222 850 illi
1243 813 1411 862 tempori

71 876 279 916 videbatur
299 880 305 915 !
362 878 466 915 Tum
489 878 698 927 imperator
719 878 856 928 populi
879 877 1064 924 Romani,
1084 877 1140 916 vir
1160 876 1409 924 clarissimus,

72 943 169 982 deos
190 942 337 994 patrios
358 943 582 994 reportabat
605 942 828 993 Segestanis
849 955 896 982 ex
925 943 1023 982 urbe
1052 942 1225 981 hostium
1253 954 1412 992 recupe-

72 1016 203 1046 ratos:
245 1021 352 1046 nunc
391 1021 439 1047 ex
477 1008 574 1046 urbe
612 1007 811 1046 sociorum
857 1014 1015 1057 praetor
1054 1006 1233 1045 eiusdem
1272 1006 1410 1056 populi

72 1073 321 1122 turpissimus
350 1080 471 1122 atque
500 1072 788 1123 impurissimus
819 1073 984 1111 eosdem
1015 1071 1102 1110 illos
1133 1072 1231 1111 deos
1261 1071 1411 1111 nefario

73 1137 220 1175 scelere
239 1137 453 1175 auferebat.
512 1137 622 1185 Quid
651 1137 728 1175 hoc
758 1143 841 1175 tota
871 1135 1002 1175 Sicilia
1028 1144 1086 1175 est
1115 1137 1267 1183 clarius,
1290 1149 1410 1186 quam

73 1201 202 1239 omnis
224 1202 408 1252 Segestae
437 1208 636 1239 matronas
657 1208 695 1239 et
716 1200 883 1251 virgines
905 1202 1137 1240 convenisse
1166 1214 1257 1240 cum
1281 1202 1411 1240 Diana

74 1260 342 1316 exp'ortaretur
362 1279 408 1305 ex
424 1266 585 1316 oppido,
605 1265 763 1305 unxisse
781 1265 1006 1316 unguentis,
1020 1267 1240 1317 complesse
1254 1267 1410 1305 coronis

74 1338 111 1369 et
133 1331 306 1377 floribus,
331 1338 426 1376 ture,
450 1330 641 1369 odoribus
662 1329 835 1369 incensis
858 1343 984 1380 usque
1004 1332 1055 1370 ad
1075 1331 1155 1381 agri
1173 1332 1261 1369 finis
1282 1344 1411 1381 prose-

74 1403 184 1433 cutas
205 1396 320 1434 esse?
378 1397 498 1433 Hanc
518 1402 560 1433 tu
581 1402 732 1433 tantam
762 1394 991 1445 religionem
1016 1396 1046 1433 si
1074 1403 1158 1434 tum
1183 1396 1222 1433 in
1245 1395 1410 1446 imperio

73 1467 233 1510 propter
253 1459 510 1510 cupiditatem
533 1467 651 1510 atque
674 1459 884 1499 audaciam
913 1473 994 1499 non
1021 1461 1338 1510 pertimescebas,
1361 1474 1410 1499 ne

72 1538 180 1564 nunc
205 1527 368 1576 quidem
400 1525 440 1564 in
473 1533 583 1564 tanto
618 1533 688 1564 tuo
718 1525 1013 1575 liberorumque
1046 1533 1203 1564 tuorum
1236 1526 1411 1576 periculo

73 1591 366 1641 perhorrescis?
424 1592 556 1640 Quem
577 1590 649 1630 tibi
668 1598 735 1629 aut
756 1590 960 1629 hominem
982 1590 1112 1630 invitis
1133 1591 1192 1630 dis
1214 1591 1411 1630 immorta-

72 1656 176 1695 libus
218 1664 285 1696 aut
324 1669 415 1696 vero
454 1658 575 1696 deum
620 1656 738 1695 tantis
787 1669 925 1695 eorum
963 1656 1218 1707 religionibus
1255 1656 1410 1696 violatis

72 1723 216 1761 auxilio
245 1724 420 1761 futurum
450 1723 594 1773 putas?
650 1721 742 1760 Tibi
770 1721 835 1760 illa
866 1722 996 1760 Diana
1024 1721 1065 1760 in
1094 1735 1191 1773 pace
1220 1728 1339 1772 atque
1369 1722 1408 1760 in

72 1787 154 1826 otio
185 1787 415 1838 religionem
450 1789 599 1826 nullam
631 1788 793 1826 attulit?
841 1800 942 1838 quae
976 1800 1067 1826 cum
1102 1788 1201 1826 duas
1231 1786 1338 1826 urbis
1368 1786 1408 1825 in

72 1852 216 1902 quibus
251 1854 379 1892 locata
418 1853 543 1892 fuerat
577 1860 712 1903 captas
753 1853 1016 1903 incensasque
1055 1852 1229 1898 vidisset,
1263 1852 1323 1890 bis
1362 1866 1409 1890 ex

71 1918 240 1956 duorum
272 1918 466 1956 bellorum
496 1918 656 1956 flamma
685 1918 866 1967 ferroque
897 1925 1047 1957 servata
1077 1925 1159 1965 est3
1188 1931 1290 1968 quae
1318 1917 1407 1957 Car-

71 1982 378 2033 thaginiensium
404 1982 566 2021 victoria
598 1983 688 2021 loco
721 1990 873 2021 mutato
902 1982 1132 2033 religionem
1162 1989 1295 2021 tamen
1325 1995 1405 2021 non

69 2047 211 2095 amisit,
235 2049 276 2086 P.
301 2046 476 2086 Africani
497 2047 639 2086 virtute
668 2046 898 2098 religionem
929 2047 1046 2086 simul
1076 2061 1167 2086 cum
1191 2049 1280 2087 loco
1300 2061 1406 2087 recu-

70 2113 229 2163 peravit.
290 2113 383 2160 Quo
416 2112 579 2163 quidem
618 2115 764 2152 scelere
803 2122 988 2164 suscepto
1022 2126 1113 2152 cum
1145 2112 1272 2152 inanis
1303 2121 1405 2152 esset

71 2178 175 2218 basis
196 2186 234 2218 et
255 2178 295 2217 in
312 2192 358 2218 ea
379 2180 422 2217 P.
445 2178 619 2217 Africani
644 2192 793 2218 nomen
823 2178 1002 2225 incisum,
1024 2192 1084 2217 res
1105 2177 1267 2229 indigna
1286 2186 1405 2228 atque

70 2242 317 2283 intoleranda
346 2243 555 2283 videbatur
583 2244 769 2283 omnibus
800 2257 881 2283 non
912 2245 1040 2282 solum
1072 2243 1278 2294 religiones
1319 2257 1404 2283 esse

25 2320 28 2323 ⁴
71 2307 243 2356 violatas,
285 2321 420 2348 verum
459 2308 578 2347 etiam
618 2311 658 2347 P.
693 2308 884 2356 Africani,
916 2308 985 2347 viri
1023 2308 1234 2354 fortissimi,
1274 2322 1403 2347 rerum

71 2381 267 2422 gestarum
294 2373 469 2424 gloriam,
499 2374 730 2413 memoriam
753 2375 915 2421 virtutis,
940 2381 1198 2413 monumenta
1218 2374 1404 2413 victoriae

1455 55 1471 69 ς
1487 60 1492 63 ,

1439 133 1478 167 77

1432 1403 1472 1444 78
