1600 2704
103 87 372 127 ACTIONIS
395 88 456 126 IN
477 88 522 127 c,
544 89 786 127 VERREM
809 90 1108 130 SECVNDAE
1130 92 1232 130 LIB.
1258 93 1323 130 111
1384 102 1429 139 14
1450 107 1490 141 35
1524 63 1531 66 ’
1560 72 1563 74 ’
1586 59 1597 80 ³

102 199 229 236 luteus
250 196 368 236 etiam
389 196 554 237 callidus
572 211 618 237 ac
638 205 831 237 veterator
851 211 936 238 esse
957 201 1049 246 vult,
1074 202 1182 249 quod
1207 200 1260 239 ita
1284 202 1428 248 scribit,

101 264 142 300 Sx
174 273 283 300 VTER
312 273 457 309 VOLET,
490 273 843 302 RECVPERATORES
880 275 1000 303 DABo.
1062 265 1193 313 Quam
1231 266 1361 315 lepide
1390 280 1431 305 se

100 325 215 365 furari
244 329 380 377 putat!
433 326 599 377 Vtrique
629 327 720 365 facit
750 335 997 377 potestatem,
1022 330 1091 367 sed
1120 337 1249 367 utrum
1272 329 1323 368 ita
1344 331 1432 368 scri-

98 390 230 442 pserit,
250 391 303 429 ‘si
323 399 409 430 uter
423 393 550 430 volet'
570 405 620 430 an
645 391 697 430 ‘si
717 393 963 431 decumanus
984 395 1113 441 volet,'
1130 393 1226 432 nihil
1247 394 1406 433 interest
1423 411 1431 443 3

61 469 78 500 5
97 464 226 495 arator
245 455 351 495 enim
371 463 460 495 tuos
480 455 575 494 istos
596 465 887 508 recuperatores
910 471 1128 508 numquam
1149 461 1264 498 volet.

153 521 294 570 Quid?
322 520 388 560 illa
407 521 518 560 cuius
543 521 651 561 modi
679 530 770 561 sunt
791 536 892 573 quae
914 536 960 561 ex
982 531 1159 573 tempore
1178 525 1229 563 ab
1250 525 1429 575 Apronio
1449 528 1488 568 36

96 586 323 626 admonitus
336 585 486 625 edixit?
516 587 564 635 Q.
581 587 765 637 Septicio,
783 587 1063 627 honestissimo
1081 589 1213 639 equite
1231 591 1426 636 Romano,

95 650 299 690 resistente
318 651 496 702 Apronio
523 659 562 690 et
589 653 823 692 adfirmante
852 666 893 691 se
921 655 1008 703 plus
1029 655 1199 692 decuma
1219 667 1300 693 non
1320 656 1430 693 datu-

95 730 192 763 rum,
223 716 393 755 exoritur
422 716 617 766 peculiare
651 718 823 756 edictum
862 718 1122 768 repentinum,
1156 732 1205 757 ne
1235 719 1322 769 quis
1357 721 1429 758 fru-

39 799 76 822 10
95 788 273 820 mentum
299 782 350 819 de
375 794 465 819 area
495 783 647 820 tolleret
677 791 888 833 antequam
921 797 1010 822 curn
1042 785 1266 823 decumano
1290 793 1427 834 pactus

93 854 205 885 esset.
266 846 432 885 Ferebat
453 848 555 885 hanc
577 860 738 897 quoque
768 848 1016 898 iniquitatem
1039 849 1232 899 Septicius
1253 858 1291 888 et
1312 849 1424 888 imbri

92 913 332 950 frumentum
353 912 549 961 corrumpi
580 912 619 950 in
640 926 729 951 area
758 913 988 962 patiebatur,
1014 926 1103 952 cum
1133 913 1229 952 illud
1251 914 1425 953 edictum

90 983 252 1026 repente
281 975 521 1015 uberrimum
553 984 590 1015 et
622 977 1014 1027 quaestuosissimum
1047 978 1230 1025 nascitur,
1262 987 1304 1017 ut
1333 988 1424 1018 ante

92 1042 295 1080 Kalendas
335 1041 487 1080 Sextilis
528 1042 656 1080 omnis
695 1044 883 1081 decumas
922 1044 972 1081 ad
1016 1056 1158 1093 aquam
1199 1045 1423 1093 deportatas

35 1122 70 1156 ¹5
89 1106 290 1144 haberent.
350 1108 442 1145 Hoc
465 1107 596 1145 edicto
618 1121 697 1146 non
720 1107 850 1155 Siculi,
868 1121 958 1146 nam
981 1122 1048 1146 eos
1070 1108 1231 1158 quidem
1254 1109 1424 1159 superio-
1444 1120 1484 1155 37

89 1170 196 1209 ribus
223 1171 361 1210 edictis
395 1171 487 1210 satis
516 1172 738 1222 perdiderat
767 1180 886 1223 atque
916 1173 1128 1217 adflixerat,
1161 1174 1230 1212 sed
1261 1173 1321 1212 isti
1351 1175 1422 1225 ipsi

88 1237 240 1287 equites
263 1238 434 1276 Romani
456 1238 522 1288 qui
553 1251 667 1276 suum
700 1237 758 1275 ius
787 1238 951 1277 retinere
979 1252 1020 1277 se
1044 1246 1180 1277 contra
1201 1239 1422 1289 Apronium

88 1315 204 1352 posse
225 1311 334 1341 erant
353 1303 538 1349 arbitrati,
565 1302 761 1354 splendidi
793 1303 974 1342 homines
1002 1312 1039 1342 et
1067 1303 1151 1341 aliis
1178 1304 1423 1353 praetoribus

88 1367 256 1418 gratiosi,
280 1367 398 1407 vincti
420 1366 600 1420 Apronio
630 1368 758 1407 traditi
789 1376 889 1406 sunt.
952 1368 1157 1407 Attendite
1184 1368 1289 1407 enim
1311 1371 1422 1409 cuius

31 1447 70 1469 20
90 1432 197 1471 modi
229 1433 358 1473 edicta
387 1435 473 1473 sint.
535 1435 602 1472 NE
632 1445 802 1480 TOLLAT,
827 1433 965 1483 inquit,
990 1446 1043 1472 Ex
1065 1446 1186 1480 AREA,
1212 1445 1294 1472 NISI
1324 1447 1423 1473 ERIT

91 1510 251 1538 PACTvs.
312 1500 412 1539 Satis
440 1502 537 1539 haec
567 1513 708 1549 magna
730 1499 786 1537 vis
807 1506 865 1537 est
885 1500 936 1538 ad
958 1498 1091 1549 inique
1112 1499 1393 1549 paciscendum
1415 1517 1423 1547 ;

88 1565 192 1602 malo
212 1565 318 1604 enim
340 1567 428 1616 plus
450 1566 544 1604 dare
566 1578 684 1615 quarn
713 1578 794 1603 non
816 1571 966 1602 mature
987 1578 1033 1603 ex
1053 1577 1142 1603 area
1163 1566 1308 1603 tollere.
1368 1568 1421 1603 At

87 1629 159 1668 ista
179 1629 236 1669 vis
258 1631 473 1682 Septicium
497 1639 534 1670 et
556 1644 636 1670 non
661 1632 791 1669 nullos
819 1629 965 1679 Septici
994 1629 1130 1668 similis
1152 1643 1231 1669 non
1254 1640 1418 1677 coercet,

87 1695 153 1745 qui
183 1696 236 1734 ita
265 1696 412 1744 dicunt,
449 1699 563 1736 ‘Non
600 1697 734 1735 tollam
770 1695 901 1745 potius
932 1708 1050 1744 quam
1087 1695 1285 1745 paciscar?
1343 1696 1420 1734 His

28 1776 66 1809 ²5
86 1762 163 1800 hoc
183 1762 407 1813 opponitur,
430 1765 716 1814 ‘Deportatum
739 1761 886 1800 habeas
903 1768 994 1799 ante
1018 1761 1220 1799 Kalendas
1242 1760 1420 1799 Sextilis.'

87 1828 318 1877 Deportabo
339 1828 464 1878 igitur.
513 1832 521 1848 ‘
535 1828 621 1867 Nisi
643 1835 780 1878 pactus
802 1826 886 1873 eris,
911 1839 991 1865 non
1013 1826 1307 1864 commovebis!
1355 1827 1418 1865 Sic

85 1893 320 1942 deportandi
350 1894 435 1933 dies
465 1893 694 1944 praestituta
726 1893 862 1930 tollere
897 1891 1063 1940 cogebat
1099 1904 1144 1929 ex
1178 1904 1290 1928 area:
1334 1905 1418 1941 pro-

85 1956 226 1995 hibitio
261 1958 435 2005 tollendi,
463 1958 537 1996 nisi
567 1965 704 2007 pactus
734 1964 846 2001 esset,
877 1955 953 1993 vim
985 1955 1201 1993 adhibebat
1231 1955 1414 2005 pactioni,

85 2034 164 2059 non
187 2023 442 2061 voluntatem.

26 2099 67 2131 30
141 2088 225 2125 Iam
247 2101 340 2127 vero
361 2088 456 2127 illud
478 2101 558 2127 non
579 2089 706 2127 solum
734 2094 870 2125 contra
897 2087 1022 2135 legem
1053 2085 1311 2124 Hieronicam
1341 2100 1414 2126 nec
1435 2072 1478 2153 ῙΞ

85 2152 212 2190 solum
241 2161 377 2191 contra
404 2152 735 2192 consuetudinem
764 2149 1020 2202 superiorum,
1043 2152 1112 2189 sed
1140 2150 1256 2189 etiarn
1279 2160 1414 2190 contra
1435 2131 1452 2161 3

128 2265 147 2285 2
170 2255 253 2287 velit
272 2254 323 2296 Oq
443 2267 463 2295 4
487 2256 559 2287 dec.
577 2255 659 2286 velit
678 2254 709 2286 O
832 2264 873 2292 24
900 2263 966 2284 non
983 2252 1051 2284 cO:
1078 2259 1156 2294 nep
1174 2254 1237 2285 rell.
1373 2266 1413 2294 23

85 2300 272 2372 apponitur
288 2298 357 2331 cO:
382 2300 603 2340 apponiturp
619 2298 682 2330 rell.
855 2307 895 2335 27
922 2297 1103 2336 prohibitio
1120 2297 1186 2328 cO:
1215 2298 1376 2330 cohibitio
1391 2306 1413 2339 p
