1600 2704
1457 33 1555 61 24²oe

1461 62 1471 66 -
1498 60 1507 68 s
1539 61 1546 66 ,ι

69 125 338 166 ACTIONIS
361 127 422 166 IN
444 127 490 167 C.
512 127 756 165 VERREM
778 125 1077 167 SECVNDAE
1101 129 1204 167 LIB.
1229 129 1288 167 IV
1356 138 1402 175 41
1423 132 1464 163 88

69 242 186 285 pacto
214 234 454 285 distinguere
482 247 529 273 ac
558 247 736 284 separare
766 234 914 285 possim
945 236 1090 275 nescio.
1152 238 1223 275 Est
1243 238 1404 287 pecuni-

68 312 178 338 arum
212 307 426 350 captarum,
462 300 572 350 quod
595 299 750 350 signum
779 300 830 338 ab
864 299 980 338 sociis
1013 300 1205 350 pecuniae
1236 314 1402 351 magnae

69 364 248 410 sustulit;
299 372 357 405 est
395 366 611 415 peculatus,
650 365 759 415 quod
798 364 1003 415 publicum
1043 365 1180 415 populi
1231 366 1404 404 Romani

68 430 224 480 signum
257 431 309 469 de
342 431 486 480 praeda
525 429 699 469 hostiurn
733 437 905 479 captum,
946 429 1119 480 positum
1159 429 1403 479 imperatoris

29 505 47 538 5
68 494 190 533 nostri
220 495 392 541 nomine,
418 508 500 533 non
529 494 724 534 dubitavit
751 495 929 541 auferre3
958 501 1016 533 est
1048 494 1273 541 maiestatis,
1296 496 1404 545 quod

67 558 206 609 imperi
233 559 365 606 nostri,
393 558 548 610 gloriae,
572 573 700 598 rerum
720 566 917 610 gestarum
948 567 1208 598 monumenta
1232 568 1404 599 evertere

67 631 186 674 atque
224 632 422 674 asportare
454 637 572 663 ausus
606 632 664 663 est
682 639 692 671 ,-
738 631 797 663 est
836 623 1002 669 sceleris,
1040 625 1149 674 quod
1198 624 1404 674 religiones

67 688 256 727 maximas
301 688 484 736 violavit;
530 696 589 727 est
627 688 880 735 crudelitatis,
921 690 1030 739 quod
1069 688 1109 726 in
1149 688 1403 728 innocentem

68 754 282 800 hominem,
324 754 364 792 in
403 753 554 793 socium
592 761 765 792 vestrum
804 761 923 804 atque
961 753 1145 800 amicum,
1187 766 1334 792 novum
1367 761 1405 792 et

11 831 50 854 10
68 818 262 868 singulare
287 818 453 869 supplici
476 831 600 869 genus
620 818 877 868 excogitavit:
909 817 1006 857 illud
1027 830 1118 856 vero
1140 817 1235 867 quid
1257 817 1305 856 sit
1326 817 1403 856 iarn
1425 822 1468 862 89

69 896 150 921 non
181 896 286 933 queo
318 883 460 930 dicere,
497 896 578 933 quo
612 883 774 922 nomine
804 884 1000 933 appellem
1037 882 1182 929 nescio,
1218 884 1327 933 quod
1364 882 1404 921 in

70 948 115 986 C.
138 947 317 986 Marcelli
338 955 476 986 statua.
536 948 646 996 Quid
685 955 743 986 est
764 949 871 986 hoc?
900 955 1142 997 patronusne
1163 948 1272 997 quod
1294 950 1404 986 erat?

71 1011 180 1059 Quid
207 1013 323 1050 tum?
352 1025 432 1062 quo
463 1011 504 1050 id
535 1014 718 1062 spectat?
747 1019 877 1050 utrum
907 1024 952 1051 ea
976 1024 1036 1050 res
1060 1012 1111 1050 ad
1138 1024 1256 1061 opem
1283 1024 1333 1049 an
1354 1012 1405 1051 ad

70 1076 334 1114 calamitatem
362 1075 563 1115 clientium
589 1083 709 1126 atque
737 1075 937 1126 hospitum
963 1077 1091 1114 valere
1118 1076 1321 1115 debebat?
1354 1088 1405 1114 an

11 1156 50 1188 15
72 1148 114 1178 ut
134 1141 210 1179 hoc
231 1141 470 1188 ostenderes,
485 1148 621 1179 contra
641 1140 719 1179 vim
741 1147 849 1179 tuam
870 1140 910 1179 in
931 1140 1105 1191 patronis
1118 1140 1287 1191 praesidi
1307 1141 1405 1179 nihil

71 1207 186 1244 esse?
254 1205 355 1254 Quis
386 1218 467 1244 non
502 1206 579 1243 hoc
612 1205 866 1256 intellegeret,
903 1204 942 1243 in
981 1205 1151 1255 improbi
1190 1206 1405 1256 praesentis

70 1269 235 1320 imperio
270 1269 459 1309 maiorem
493 1282 579 1308 esse
612 1269 690 1307 virn
726 1282 844 1319 quam
879 1269 918 1307 in
952 1269 1150 1308 bonorum
1181 1270 1404 1308 absentium

70 1334 321 1384 patrocinio?
376 1336 441 1372 An
462 1347 554 1374 vero
579 1347 627 1374 ex
655 1335 731 1373 hoc
752 1334 817 1372 illa
846 1342 912 1373 tua
936 1334 1140 1385 singularis
1166 1334 1406 1385 significatur

70 1398 289 1446 insolentia,
321 1398 516 1449 superbia,
544 1399 826 1438 contumacia?
884 1401 1100 1439 Detrahere
1129 1399 1312 1438 videlicet
1341 1399 1405 1438 ali-

11 1482 51 1505 20
70 1464 167 1513 quid
188 1471 226 1503 te
246 1465 296 1503 de
316 1463 577 1514 amplitudine
606 1466 885 1503 Marcellorum
913 1464 1072 1515 putasti.
1131 1466 1272 1515 Itaque
1299 1478 1405 1504 nunc

70 1527 291 1566 Siculorum
310 1528 488 1567 Marcelli
509 1541 590 1566 non
611 1536 701 1566 sunt
721 1528 888 1578 patroni,
905 1530 1046 1568 Verres
1067 1528 1107 1567 in
1120 1542 1257 1568 eorum
1271 1530 1404 1568 locum

71 1592 305 1631 substitutus
326 1600 394 1632 est.
453 1594 585 1642 Quam
607 1594 647 1631 in
668 1601 706 1632 te
727 1601 876 1632 tantam
898 1593 1080 1633 virtutem
1097 1607 1183 1633 esse
1198 1602 1266 1633 aut
1282 1594 1405 1644 digni·
1424 1608 1470 1640 90

70 1664 192 1696 tatem
212 1657 419 1696 arbitratus
449 1671 491 1696 es
518 1665 560 1696 ut
586 1671 772 1697 conarere
801 1658 1024 1697 clientelam
1054 1666 1134 1697 tam
1159 1659 1402 1709 splendidae,

70 1729 151 1760 tarn
172 1722 343 1760 inlustris
364 1722 589 1773 provinciae
605 1724 808 1762 traducere
829 1724 879 1762 ad
901 1730 949 1769 te,
966 1725 1116 1763 auferre
1137 1736 1159 1762 a
1179 1723 1403 1762 certissimis

36 1802 51 1833 5
70 1786 431 1837 antiquissimisque
464 1787 670 1837 patronis?
725 1789 789 1826 Tu
824 1787 896 1826 ista
927 1788 1114 1838 nequitia,
1146 1788 1319 1834 stultitia,
1350 1789 1404 1826 in-

70 1852 166 1891 ertia
197 1865 278 1891 non
309 1854 431 1891 modo
460 1852 580 1891 totius
607 1852 773 1900 Siciliae,
797 1854 867 1891 sed
896 1853 1011 1891 unius
1036 1853 1255 1892 tenuissimi
1283 1852 1403 1891 Siculi

70 1916 293 1955 clientelam
325 1916 424 1955 tueri
450 1918 593 1966 potes?
622 1917 693 1956 tibi
716 1917 894 1956 Marcelli
917 1925 1045 1956 statua
1066 1931 1137 1968 pro
1153 1918 1333 1967 patibulo
1362 1917 1402 1955 in

70 1982 223 2021 clientis
251 1983 529 2020 Marcellorum
555 1981 655 2020 fuit?
689 1990 731 2020 tu
758 1996 805 2022 ex
830 1982 932 2020 illius
959 1983 1108 2020 honore
1135 1982 1175 2020 in
1202 1994 1269 2020 eos
1296 1981 1402 2031 ipsos

71 2048 138 2097 qui
177 2049 369 2085 honorem
407 2046 462 2084 illi
500 2047 719 2086 habuerant
758 2046 949 2097 supplicia
987 2047 1236 2096 quaerebas?
1293 2046 1403 2095 Quid

12 2122 53 2154 30
71 2113 239 2162 postea?
268 2110 364 2161 quid
384 2111 545 2150 tandem
566 2111 643 2150 tuis
672 2111 809 2149 statuis
836 2113 918 2150 fore
941 2111 1211 2149 arbitrabare?
1239 2124 1289 2149 an
1310 2124 1403 2150 vero

70 2176 111 2216 id
142 2177 251 2226 quod
280 2174 453 2214 accidit?
509 2176 615 2214 Nam
644 2175 902 2225 Tyndaritani
932 2182 1100 2214 statuam
1130 2175 1251 2221 istius,
1280 2187 1401 2225 quam

488 2266 515 2293 in

115 2314 134 2333 2
159 2303 198 2333 ab
217 2313 282 2333 om.
302 2313 324 2331 π
438 2301 458 2331 8
485 2300 703 2332 innocentem
722 2300 757 2331 in
776 2300 948 2333 hominem
968 2299 1049 2332 RS:
1073 2301 1103 2331 in
1126 2301 1234 2333 innoc.
1256 2301 1289 2331 in
1309 2301 1399 2333 hom.

71 2345 155 2376 DW:
180 2346 212 2375 in
233 2346 322 2376 hom.
343 2345 412 2375 inn.
430 2348 473 2383 p:
499 2344 570 2374 inn.
590 2344 624 2374 in
643 2344 730 2376 horn.
752 2342 784 2375 Z
888 2354 910 2384 9
936 2349 1087 2376 nostrum
1100 2346 1143 2385 ρδ
1259 2354 1297 2385 13
1322 2345 1400 2384 quid

70 2394 198 2429 spectat
217 2401 238 2417 π
327 2397 369 2427 23
392 2387 604 2427 splendidam
620 2399 641 2418 π

113 2442 177 2464 cxc.
195 2442 274 2462 VER.
1274 2434 1312 2463 213
