1600 2704
81 506 99 539 5

66 833 106 855 10

71 1157 106 1188 15

73 1479 113 1502 20

116 119 384 161 ACTIONIS
414 117 474 155 IN
506 115 552 154 C.
573 111 816 150 VERREM
847 105 1146 147 SECVNDAE
1178 103 1281 141 LIB.
1303 102 1340 137 V
1391 107 1440 146 52

172 230 252 269 Hic
282 237 324 267 tu
353 227 470 266 etiam
500 224 629 263 dicere
649 219 825 266 audebis,
852 218 945 254 ‘Est
971 215 1011 253 in
1036 213 1231 252 iudicibus
1253 211 1315 249 ille
1337 208 1443 247 fami·
1461 195 1513 235 5²

117 295 219 336 liaris
258 306 379 340 meus,
417 298 474 330 est
513 296 696 340 paternus
735 283 885 322 amicus
919 281 1006 319 ille.’
1074 280 1168 316 Non
1202 284 1244 314 ut
1278 275 1445 325 quisque

119 359 288 399 maxime
308 365 366 396 est
396 355 555 406 quicum
584 350 654 390 tibi
683 347 834 398 aliquid
865 346 923 393 sit,
948 344 1001 382 ita
1024 351 1062 382 te
1083 342 1122 380 in
1149 340 1313 379 huiusce
1337 336 1445 376 modi

119 424 282 464 crimine
303 421 471 461 maxime
491 418 573 457 eius
601 415 752 466 pudet?
811 414 1022 449 ‘Paternus
1047 406 1196 446 amicus
1217 406 1298 443 est.'
1357 404 1447 452 Ipse

120 497 228 541 pater
258 487 289 526 si
318 485 521 531 iudicaret,
541 495 609 532 per
636 482 732 519 deos
760 474 1005 523 immortalis,
1025 472 1120 523 quid
1142 473 1268 509 facere
1288 468 1450 519 posset?

121 556 225 595 Cum
259 551 330 591 tibi
364 552 462 589 haec
496 548 654 594 diceret,
689 545 773 582 ‘Tu
805 543 845 581 in
879 538 1079 592 provincia
1107 535 1241 587 populi
1279 530 1451 572 Romani

121 627 286 670 praetor,
308 629 398 655 cum
426 613 496 653 tibi
524 610 763 650 maritimum
790 608 938 646 bellum
960 611 1061 643 esset
1081 599 1449 643 administrandum,

123 680 371 722 Mamertinis
392 693 439 718 ex
458 679 616 717 foedere
637 687 755 725 quam
777 672 966 711 deberent
991 680 1131 706 navem
1153 678 1220 715 per
1241 661 1451 701 triennium

123 746 317 793 remisisti,
340 744 411 783 tibi
438 743 545 794 apud
572 741 734 780 eosdem
762 736 911 787 privata
941 733 1049 772 navis
1078 728 1255 769 oneraria
1285 725 1454 765 maxima

124 812 283 864 publice
322 818 380 849 est
421 807 638 852 aedificata,
678 812 720 842 tu
759 815 781 840 a
819 799 1042 840 civitatibus
1087 793 1274 846 pecunias
1320 789 1454 830 classis

125 876 288 916 nomine
316 872 488 924 coegisti,
510 879 552 910 tu
579 868 705 920 pretio
732 866 897 916 remiges
924 860 1117 907 dimisisti,
1144 868 1197 906 tu,
1227 856 1336 896 navis
1363 868 1454 894 cum

126 949 229 981 esset
249 941 300 979 ab
321 946 528 990 quaestore
548 943 586 974 et
606 935 656 972 ab
677 935 805 982 legato
826 937 941 980 capta
968 928 1227 979 praedonum,
1249 920 1457 971 archipira-

127 1015 207 1045 tam
246 1006 297 1044 ab
331 1002 455 1043 oculis
489 999 667 1040 omnium
707 994 916 1040 removisti,
954 1001 1006 1040 tu,
1043 990 1109 1041 qui
1144 989 1247 1028 cives
1284 984 1455 1025 Romani

127 1084 213 1110 esse
242 1070 475 1113 dicerentur,
508 1064 575 1115 qui
603 1077 626 1101 a
656 1060 788 1100 multis
818 1063 1159 1109 cognoscerentur,
1191 1051 1315 1091 securi
1346 1049 1458 1088 ferire

128 1134 301 1188 potuisti,
323 1142 365 1172 tu
395 1139 502 1170 tuam
533 1130 698 1168 domum
728 1125 870 1175 piratas
900 1123 1108 1167 abducere,
1131 1126 1172 1156 tu
1201 1117 1240 1154 in
1268 1114 1458 1154 iudicium

129 1199 403 1250 archipiratam
443 1197 566 1234 domo
604 1193 821 1244 producere
855 1200 972 1226 ausus
1012 1199 1064 1232 es,
1099 1192 1140 1222 tu
1181 1182 1220 1220 in
1260 1178 1459 1230 provincia

130 1273 210 1304 tam
240 1260 459 1315 splendida,
487 1267 530 1297 tu
556 1257 663 1307 apud
690 1254 817 1293 socios
845 1250 1106 1296 fidelissimos,
1131 1246 1225 1285 civis
1255 1247 1459 1282 Romanos

130 1327 441 1373 honestissimos,
459 1325 498 1363 in
516 1331 624 1362 metu
640 1321 894 1373 periculoque
910 1315 1133 1367 provinciae
1150 1312 1234 1352 dies
1250 1309 1460 1349 continuos

131 1392 344 1445 compluris
374 1391 415 1429 in
444 1389 557 1427 litore
586 1384 855 1434 conviviisque
890 1379 1052 1427 iacuisti,
1088 1386 1126 1416 te
1164 1389 1232 1427 per
1270 1387 1337 1413 eos
1377 1372 1460 1411 dies

133 1471 254 1498 nemo
277 1465 367 1496 tuae
391 1453 501 1494 domi
525 1450 748 1496 convenire,
770 1460 889 1486 nemo
916 1445 955 1484 in
983 1446 1067 1483 foro
1094 1441 1225 1480 videre
1253 1437 1391 1489 potuit,
1420 1444 1461 1475 tu

133 1524 330 1563 sociorum
359 1528 478 1570 atque
511 1516 727 1556 amicorum
762 1514 813 1551 ad
842 1525 887 1550 ea
917 1508 1095 1549 convivia
1125 1514 1266 1544 matres
1296 1502 1462 1542 familias

132 1586 359 1633 adhibuisti,
381 1594 423 1623 tu
453 1584 552 1622 inter
579 1582 662 1620 eius
693 1577 801 1617 modi
832 1575 1013 1615 mulieres
1039 1578 1323 1624 praetextatum
1351 1576 1461 1606 tuum

135 1654 269 1700 filium,
293 1659 480 1702 nepotem
501 1660 647 1694 meum,
669 1640 936 1688 conlocavisti,
959 1648 1000 1678 ut
1021 1637 1137 1677 aetati
1160 1635 1328 1673 maxime
1349 1631 1464 1671 lubri-

135 1733 204 1759 cae
223 1727 343 1768 atque
363 1716 534 1754 incertae
550 1712 729 1761 exempla
745 1706 943 1758 nequitiae
965 1702 1135 1755 parentis
1151 1701 1229 1740 vita
1250 1699 1464 1750 praeberet,

102 1804 113 1810 -
136 1794 177 1824 tu
199 1791 353 1835 praetor
373 1781 413 1820 in
434 1778 635 1831 provincia
656 1790 746 1816 cum
768 1773 901 1813 tunica
926 1770 1124 1822 pallioque
1145 1778 1340 1818 purpureo
1362 1763 1466 1801 visus

137 1864 189 1897 es,
207 1858 248 1887 tu
270 1854 427 1899 propter
446 1856 621 1883 amorem
642 1840 929 1888 libidinemque
950 1845 1057 1874 tuam
1080 1831 1285 1883 imperium
1309 1829 1465 1867 navium

136 1918 265 1966 legato
299 1910 435 1963 populi
470 1907 642 1948 Romani
675 1903 868 1950 ademisti,
900 1903 1143 1952 Syracusano
1177 1893 1381 1940 tradidisti,
1412 1891 1468 1930 tui

139 1979 281 2019 milites
309 1977 349 2016 in
376 1973 576 2027 provincia
598 1970 727 2011 Sicilia
748 1968 924 2018 frugibus
951 1967 1228 2012 frumentoque
1249 1963 1467 2003 caruerunt,

138 2053 205 2084 tua
225 2041 374 2082 luxurie
394 2048 512 2090 atque
532 2036 691 2077 avaritia
711 2033 845 2074 classis
872 2029 1008 2082 populi
1031 2026 1202 2067 Romani
1223 2039 1240 2064 a
1261 2021 1470 2076 praedoni-

184 2157 202 2185 3
229 2154 374 2186 quocum
397 2143 427 2173 V
563 2151 582 2180 5
607 2143 724 2180 posset
740 2135 845 2177 RSp:
878 2140 1011 2175 possets
1033 2129 1305 2172 V11Meusel‚pp.
1326 2130 1472 2166 30-3riz

142 2192 254 2222 facere
273 2198 394 2229 posses
411 2195 485 2217 cum
503 2184 662 2223 Heraeus,
681 2188 726 2222 cp.
747 2181 860 2220 Quint.
880 2179 925 2210 vi.
947 2188 974 2217 1,
994 2187 1014 2215 3
1131 2176 1153 2205 6
1176 2184 1249 2204 curn
1270 2172 1397 2202 diceret
1415 2169 1471 2200 tibi

144 2236 227 2266 haec
245 2232 339 2264 SDW
443 2239 520 2269 pop.
543 2229 642 2258 Rom.
664 2230 801 2266 praetor
818 2225 853 2253 δι
895 2232 924 2253 Ρ.
946 2231 979 2251 R.
1004 2220 1054 2250 V:
1095 2228 1139 2249 PR
1157 2216 1256 2248 RSD
1273 2216 1331 2254 (iv,
1356 2217 1370 2252 ξ
1394 2215 1473 2251 1463

143 2290 173 2317 v,
196 2281 232 2316 ἓξ
250 2277 303 2314 28,
326 2273 400 2314 136)
518 2282 554 2302 12
580 2271 620 2301 ab
641 2272 672 2300 <a
684 2270 722 2310 p)
743 2271 923 2307 quaestore
949 2270 982 2295 et
1006 2265 1047 2294 ab
1068 2264 1101 2295 (a
1113 2264 1152 2302 pi
1170 2262 1281 2300 legato
1299 2259 1394 2298 Rp5:
1431 2257 1472 2286 ab

144 2323 254 2361 legato
273 2325 306 2351 et
331 2321 492 2358 questore
508 2315 601 2346 SDw
717 2321 753 2351 13
778 2311 819 2341 ab
837 2309 987 2340 omniurn
1005 2307 1111 2338 oculis
1130 2303 1284 2335 remisisti
1300 2308 1322 2342 p
1435 2309 1474 2338 15

144 2371 177 2395 tu
201 2367 288 2399 (ante
304 2363 353 2401 in)
371 2372 438 2392 om.
459 2362 474 2390 δ
563 2364 598 2388 tu
615 2358 649 2387 in
668 2356 735 2386 iud.
757 2377 764 2385 .
786 2378 792 2385 .
813 2377 820 2383 .
841 2362 942 2384 ausus
958 2362 995 2381 es
1009 2361 1075 2381 om.
1092 2347 1185 2379 RSW
1276 2356 1317 2385 29
1342 2343 1474 2374 luxurie

147 2408 258 2439 Madv.
277 2418 283 2437 z
308 2405 458 2442 luxuriae
476 2403 508 2433 R
527 2403 559 2440 (ξ
578 2402 618 2440 87
636 2401 752 2440 snpra]
773 2410 779 2429 z
805 2396 936 2427 luxuria
954 2394 1017 2426 SD

1466 100 1528 142 136

1467 245 1529 286 136

1484 1253 1541 1284 137

1493 2027 1554 2068 138
