1600 2704
38 142 94 189 56
117 153 175 187 147
482 129 538 166 M.
570 122 739 164 TVLLI
770 113 1078 159 CICERONIS

117 246 339 301 reponere?
391 244 523 282 Nemo
562 235 716 277 dubitat
755 229 851 281 quin
889 227 1014 266 multo
1052 221 1179 262 maius
1218 219 1267 258 sit
1304 226 1449 256 novam

119 318 256 354 facere.
331 307 551 349 Ostendam
589 302 630 340 in
669 296 834 337 aedibus
872 289 1030 344 privatis
1066 290 1186 336 longa
1223 280 1451 330 difficilique

120 386 279 419 vectura
309 375 513 413 columnas
543 365 714 415 singulas
743 360 795 399 ad
823 354 1057 406 impluvium
1087 352 1159 390 HS
1189 358 1306 387 ccmo
1335 354 1454 384 celon

42 457 103 498 ³48
122 458 204 484 non
225 441 355 480 minus
381 445 541 484 magnas
560 433 718 469 locatas.
780 423 858 462 Sed
888 421 1066 469 ineptum
1096 422 1155 455 est
1183 415 1234 453 de
1263 419 1343 450 tam
1372 421 1456 458 per-

124 509 260 561 spicua
281 504 363 543 eius
384 494 630 549 impudentia
650 489 828 542 pluribus
847 484 976 524 verbis
997 481 1209 531 disputare,
1230 471 1456 527 praesertim
1477 485 1494 516 5

126 586 217 612 cum
244 570 317 608 iste
346 571 478 616 aperte
507 567 590 599 tota
618 559 703 606 lege
724 551 904 593 omniurn
933 557 1156 587 sermonem
1185 549 1304 591 atque
1334 535 1460 577 existi—

128 637 343 676 mationem
360 622 651 675 contempserit,
670 619 738 671 qui
754 617 871 657 etiam
888 615 939 653 ad
955 620 1171 652 extremum
1188 601 1437 654 adscripserit
1452 614 1460 639 ι

130 704 343 740 REmva
364 705 441 733 slssl
469 699 636 729 HABETO
651 701 661 735 3
691 682 802 735 quasi
832 679 1045 731 quicquam
1075 670 1239 714 redivivi
1267 683 1315 708 ex
1343 678 1463 717 opere

130 766 198 804 illo
218 763 419 802 tolleretur
438 768 485 795 ac
505 767 585 793 non
607 758 735 790 totum
756 758 856 797 opus
877 758 925 783 ex
945 738 1127 781 redivivis
1148 733 1462 776 constitueretur.

134 832 185 868 At
207 827 311 866 enim
333 824 364 863 si
384 820 536 873 pupillo
557 813 697 855 redimi
717 825 799 851 non
826 809 970 847 licebat
990 817 1072 844 non
1101 813 1263 841 necesse
1283 804 1363 837 erat
1383 807 1466 834 rem
1488 809 1526 832 10
1584 818 1588 837 ρ

133 896 185 934 ad
216 893 346 943 ipsum
380 883 609 938 pervenire3
647 884 801 931 poterat
840 871 980 922 aliquis
1019 870 1071 908 ad
1104 867 1145 905 id
1180 862 1383 914 negotium
1415 860 1468 899 de

135 959 285 1011 populo
315 953 514 993 accedere.
575 947 726 986 Omnes
759 937 905 980 exclusi
938 942 1029 974 sunt
1063 945 1144 971 non
1176 928 1307 968 minus
1336 930 1470 976 aperte

138 1035 257 1075 quam
284 1017 470 1071 pupillus.
530 1011 647 1051 Diem
672 1003 891 1058 praestituit
921 999 1030 1051 operi
1053 995 1240 1036 faciundo
1269 990 1472 1030 Kalendas

142 1083 386 1130 Decembris,
418 1082 523 1119 locat
553 1074 704 1115 circiter
735 1071 832 1110 Idus
863 1062 1132 1117 Septembris;
1161 1056 1350 1109 angustiis
1378 1061 1474 1092 tem-

70 1139 121 1178 57
143 1151 247 1204 poris
282 1146 544 1188 excluduntur
582 1150 731 1179 omnes.
791 1132 901 1182 Quid
935 1129 1057 1180 ergo?
1105 1122 1319 1164 Habonius
1358 1119 1474 1158 istam
1497 1127 1534 1160 15

65 1199 124 1230 ¹49
145 1217 251 1256 diem
273 1225 353 1264 quo
374 1210 496 1249 modo
522 1202 778 1253 adsequitur?
826 1199 957 1236 Nemo
983 1190 1175 1232 Habonio
1203 1189 1391 1227 molestus
1418 1189 1477 1221 est

146 1292 276 1331 neque
298 1273 491 1315 Kalendis
514 1265 803 1308 Decembribus
833 1274 963 1311 neque
993 1256 1121 1297 Nonis
1150 1266 1281 1303 neque
1312 1249 1452 1289 Idibus
1468 1260 1479 1295 3

148 1345 322 1394 denique
342 1339 544 1388 aliquanto
563 1340 654 1372 ante
674 1331 715 1368 in
735 1325 977 1379 provinciam
998 1323 1071 1361 iste
1086 1316 1345 1371 proficiscitur
1361 1325 1480 1364 quam

151 1422 251 1461 opus
285 1407 469 1445 effectum
509 1406 577 1438 est.
649 1397 911 1441 Posteaquam
951 1400 1040 1426 reus
1079 1386 1205 1423 factus
1244 1388 1313 1428 est,
1354 1379 1483 1429 primo

153 1474 323 1525 negabat
352 1481 393 1507 se
422 1478 522 1516 opus
551 1463 591 1501 in
620 1466 827 1509 acceptum
858 1456 998 1493 referre
1026 1462 1168 1502 posse;
1197 1459 1289 1486 curn
1324 1444 1485 1482 instaret
1508 1449 1547 1473 20
1588 1475 1591 1483 ,

156 1534 381 1580 HaboniuS,
412 1531 453 1569 in
483 1541 546 1567 me
576 1536 734 1564 causam
767 1519 1004 1563 conferebat,
1039 1513 1149 1565 quod
1182 1524 1273 1550 eum
1306 1506 1486 1547 codicem

157 1602 438 1652 obsignassem.
498 1591 601 1631 Petit
639 1603 661 1628 a
694 1600 758 1626 me
795 1582 1008 1624 Habonius
1047 1587 1086 1619 et
1122 1577 1272 1616 amicos
1309 1574 1489 1622 adlegat:

158 1667 270 1706 facile
291 1665 485 1713 impetrat.
545 1658 636 1702 Iste,
655 1653 751 1703 quid
764 1657 905 1701 ageret,
920 1645 1122 1686 nesciebat
1138 1657 1148 1691 3
1175 1641 1207 1680 si
1223 1641 1263 1679 in
1283 1643 1490 1687 acceptum

161 1746 241 1771 non
272 1727 492 1771 rettulisset,
524 1721 687 1773 putabat
717 1731 758 1756 se
789 1713 938 1765 aliquid
969 1706 1210 1751 defensionis
1239 1703 1466 1743 habiturum
1482 1713 1494 1747 3

165 1793 398 1835 Habonium
412 1801 528 1840 porro
541 1783 792 1834 intellegebat
806 1793 888 1819 rem
901 1786 1024 1817 totam
1038 1787 1123 1814 esse
1139 1771 1493 1823 patefacturum,—
1515 1775 1554 1808 25

165 1858 320 1901 tametsi
354 1856 451 1906 quid
484 1858 637 1904 poterat
672 1861 757 1888 esse
797 1844 968 1896 apertius
1004 1853 1122 1891 quarn
1161 1847 1268 1875 nunc
1306 1832 1495 1871 est?—-ut

167 1939 247 1966 uno
267 1924 398 1963 minus
419 1927 518 1959 teste
538 1923 679 1967 ageret,
705 1911 897 1953 Habonio
925 1920 1025 1959 opus
1055 1905 1095 1943 in
1115 1907 1323 1950 acceptum
1351 1893 1498 1935 rettulit

90 2010 98 2030 ι
109 2008 148 2040 50
168 1987 429 2043 quadriennio
443 1992 531 2036 post
552 1995 671 2034 quam
688 1980 793 2019 diem
809 1975 916 2028 operi
933 1974 1092 2013 dixerat.
1143 1969 1234 2005 Hac
1251 1960 1497 2005 condicione,

170 2058 201 2096 si
234 2055 320 2106 quis
353 2054 402 2092 de
431 2050 581 2101 populo
611 2048 837 2095 redemptor
865 2038 1105 2082 accessisset,
1136 2045 1217 2071 non
1251 2034 1354 2068 esset
1381 2037 1500 2072 usus3

172 2134 263 2159 cum
293 2118 358 2157 die
387 2124 537 2155 ceteros
558 2114 826 2162 redemptores
857 2103 1094 2148 exclusisset,
1117 2106 1201 2137 tum
1230 2094 1270 2133 in
1300 2092 1383 2132 eius
1403 2087 1501 2128 arbi·
1519 2098 1562 2130 30

173 2185 291 2224 trium
336 2195 381 2220 ac
419 2185 655 2231 potestatem
693 2173 825 2213 venire
870 2169 1058 2209 nolebant
1097 2162 1162 2214 qui
1210 2158 1284 2199 sibi
1328 2161 1500 2204 ereptam

221 2300 240 2329 3
266 2287 328 2318 HS
343 2283 567 2327 quadragenis
579 2280 709 2311 milibus
723 2277 766 2318 pb
845 2285 864 2314 5
890 2274 960 2305 eius
974 2270 1024 2302 V:
1049 2269 1144 2301 istius
1152 2263 1269 2308 prvell.
1347 2271 1390 2291 20
1414 2268 1450 2289 se
1462 2269 1483 2286 π
1498 2268 1504 2286 ;

179 2343 244 2363 om.
259 2333 274 2360 δ
364 2339 401 2359 21
430 2337 505 2357 eum
519 2338 538 2354 π
552 2325 653 2355 Prisc.
672 2334 678 2353 :
703 2328 772 2352 tum
790 2320 826 2350 ὁδ
908 2327 948 2356 27
974 2318 1088 2355 ageret
1103 2310 1238 2351 scripsi:
1262 2306 1401 2337 haberet
1415 2299 1501 2332 codd.

182 2376 225 2416 (1,
245 2378 259 2413 ξ
279 2373 332 2414 36)
351 2372 457 2402 Arus.
479 2368 578 2399 Mas.
596 2378 602 2396 :
626 2366 786 2396 haberem
806 2360 924 2393 Lamh.
947 2358 1011 2390 (CI.
1031 2357 1109 2388 Rev.
1131 2354 1201 2385 xix.
1225 2351 1300 2391 160)
