1600 2704
62 92 120 129 66
145 97 204 138 169
517 93 573 129 M.
606 93 773 130 TVLLI
806 92 1114 132 CICERONIS

61 179 119 216 66

57 237 118 279 169

196 203 273 241 Sed
295 201 391 252 quid
412 215 485 252 ego
505 203 615 252 plura
637 203 687 241 de
709 203 864 242 Gavio?
894 203 1005 253 quasi
1022 211 1063 241 tu
1086 203 1212 241 Gavio
1238 211 1323 241 tum
1353 204 1471 244 fueris

139 266 303 305 infestus
335 280 380 305 ac
414 280 495 305 non
528 267 679 305 nomini
713 267 844 317 generi
879 267 951 305 iuri
986 267 1129 305 civium
1169 267 1303 306 hostis.
1374 270 1469 307 Non

136 331 201 378 illi,
234 331 408 381 inquam,
438 331 589 370 homini
621 333 690 370 sed
720 345 861 370 causae
893 332 1096 370 communi
1126 332 1315 371 libertatis
1344 332 1469 371 inimi-

135 409 204 434 cus
247 396 364 434 fuisti.
434 396 543 445 Quid
588 397 694 436 enim
739 396 907 444 attinuit,
947 410 1038 435 eum
1083 396 1311 435 Mamertini
1359 411 1468 437 more

135 469 253 510 atque
291 460 472 499 instituto
510 474 583 500 suo
621 474 778 500 crucem
817 461 992 500 fixissent
1029 470 1118 512 post
1156 462 1295 500 urbem
1334 461 1375 500 in
1405 462 1505 506 via5

136 525 336 575 Pompeia,
359 533 397 563 te
424 525 559 563 iubere
586 525 627 563 in
651 538 697 564 ea
724 534 832 576 parte
861 527 978 575 figere
1003 539 1104 576 quae
1133 527 1184 564 ad
1211 528 1352 565 fretum
1383 540 1466 577 spe-

134 597 265 635 ctaret,
284 596 322 627 et
343 590 419 627 hoc
439 590 764 639 addere,—quod
785 603 926 639 negare
946 592 1056 629 nullo
1073 592 1195 629 modo
1215 599 1339 641 potes,
1356 593 1465 641 quod

135 653 320 692 omnibus
340 653 594 692 audientibus
616 654 746 692 dixisti
766 656 1006 704 palani‚——te
1026 654 1175 693 idcirco
1195 654 1305 692 illum
1332 656 1464 694 locum

132 717 313 768 deligere,
337 726 379 756 ut
405 717 481 765 ille,
505 718 692 768 quoniam
724 732 765 758 se
792 719 917 757 civem
949 721 1177 758 Romanum
1198 732 1283 758 esse
1303 719 1465 769 diceret,

132 796 177 820 ex
198 796 313 821 cruce
331 782 486 821 Italiam
508 796 668 822 cernere
686 797 732 822 ac
749 785 914 822 domum
936 797 1045 823 suam
1064 784 1286 834 prospicere
1302 787 1465 835 posset?
1486 799 1525 822 10

132 849 272 898 Itaque
292 848 358 886 illa
378 861 471 886 crux
491 850 584 896 sola,
609 848 770 896 iudices,
794 857 882 899 post
910 849 1112 888 conditam
1142 851 1371 887 Messanam
1396 850 1464 890 illo

129 913 168 950 in
203 915 292 952 loco
324 914 399 952 fixa
433 921 500 952 est.
562 913 700 953 Italiae
733 922 969 964 conspectus
996 915 1047 953 ad
1078 927 1164 953 eam
1195 927 1276 952 rem
1306 914 1357 952 ab
1388 914 1462 954 isto

129 979 305 1017 delectus
346 986 415 1027 est,
446 986 489 1016 ut
528 978 593 1017 ille
632 978 672 1017 in
708 980 844 1018 dolore
873 979 1127 1029 cruciatuque
1171 978 1342 1017 moriens
1381 993 1463 1030 per-

127 1050 295 1093 angusto
315 1045 415 1082 fretu
436 1042 561 1082 divisa
585 1043 779 1082 servitutis
800 1057 845 1082 ac
865 1044 1054 1082 libertatis
1081 1043 1165 1082 iura
1192 1052 1458 1094 cognosceret,

129 1107 242 1146 Italia
261 1116 395 1147 autem
421 1109 627 1145 alumnum
653 1121 768 1146 suum
796 1107 991 1147 servitutis
1019 1116 1194 1147 extremo
1223 1121 1460 1158 summoque
1484 1124 1518 1154 ¹5

126 1172 320 1222 supplicio
346 1173 520 1211 adfixum
549 1172 708 1211 videret.
770 1172 939 1211 Facinus
969 1180 1027 1211 est
1057 1173 1202 1211 vincire
1229 1173 1355 1211 civem
1380 1175 1459 1212 Ro-

126 1250 298 1284 manum,
330 1239 458 1275 scelus
487 1238 705 1285 verberare,
730 1250 854 1288 prope
883 1238 1135 1288 parricidium
1163 1251 1330 1276 necare:
1361 1238 1457 1288 quid

124 1301 253 1340 dicam
281 1301 321 1339 in
352 1315 508 1340 crucem
539 1304 707 1341 tollere?
764 1303 900 1341 Verbo
933 1303 1024 1341 satis
1057 1302 1178 1352 digno
1203 1310 1282 1340 tam
1311 1302 1457 1343 nefaria

123 1379 182 1404 res
199 1366 387 1416 appellari
407 1368 518 1405 nullo
539 1368 661 1405 modo
681 1374 821 1416 potest.
882 1367 976 1404 Non
996 1366 1068 1405 fuit
1088 1366 1148 1405 his
1173 1366 1359 1405 omnibus
1383 1367 1456 1406 iste

122 1438 332 1469 contentus
347 1446 357 1479 3
385 1434 395 1450 ¹
413 1433 586 1481 spectet,⁷
608 1431 746 1481 inquit,
773 1430 958 1482 ‘patriam
973 1445 983 1479 3
1012 1431 1051 1469 in
1081 1439 1296 1481 conspectu
1323 1433 1454 1482 legum
1477 1449 1517 1470 20

121 1495 389 1546 libertatisque
424 1496 634 1535 moriatur.’
693 1498 787 1535 Non
825 1503 868 1535 tu
906 1497 983 1535 hoc
1022 1498 1112 1535 loco
1151 1495 1331 1543 Gavium,
1372 1510 1454 1535 non

121 1575 244 1599 unum
271 1560 476 1599 hominem
501 1561 637 1600 nescio
664 1574 794 1612 quem,
817 1562 886 1600 sed
916 1574 1171 1600 communem
1200 1561 1389 1600 libertatis
1416 1569 1454 1601 et

120 1626 286 1664 civitatis
307 1639 467 1665 causam
487 1626 528 1664 in
549 1626 659 1664 illum
686 1626 903 1665 cruciatum
929 1634 967 1665 et
994 1640 1151 1665 crucem
1182 1627 1304 1677 egisti.
1366 1628 1453 1665 Iam

119 1704 212 1729 vero
232 1691 362 1730 videte
378 1691 551 1729 hominis
571 1691 778 1730 audaciam
797 1695 803 1729 !
854 1693 1000 1730 Nonne
1021 1705 1111 1730 eum
1133 1692 1298 1742 graviter
1318 1692 1453 1731 tulisse

118 1756 361 1795 arbitramini
382 1758 491 1806 quod
511 1757 618 1795 illam
639 1757 791 1796 civibus
814 1757 1006 1796 Romanis
1027 1771 1184 1796 crucem
1213 1770 1294 1796 non
1319 1765 1452 1807 posset
1475 1776 1510 1806 25

118 1820 157 1858 in
190 1822 286 1869 foro,
319 1834 398 1859 non
434 1821 474 1859 in
506 1822 679 1869 comitio,
716 1835 797 1861 non
829 1822 869 1860 in
902 1822 1034 1861 rostris
1069 1824 1271 1873 defigere?
1329 1823 1451 1872 Quod

117 1886 222 1924 enirn
261 1886 321 1924 his
360 1886 457 1925 locis
495 1886 535 1924 in
574 1887 775 1937 provincia
819 1901 889 1925 sua
927 1887 1154 1926 celebritate
1192 1887 1447 1934 simillimum,

116 1950 274 2001 regione
313 1951 535 2001 proximum
574 1952 714 2003 potuit,
759 1952 902 2003 elegit3
950 1960 1254 1992 monumentum
1293 1952 1449 1991 sceleris

115 2016 383 2065 audaciaeque
418 2030 512 2056 suae
542 2017 667 2056 voluit
700 2030 786 2056 esse
820 2017 859 2055 in
894 2025 1111 2068 conspectu
1146 2017 1295 2064 Italiae,
1336 2016 1448 2056 vesti-

116 2080 210 2118 bulo
250 2080 415 2128 Siciliae,
448 2081 782 2132 praetervectione
813 2082 992 2121 omnium
1024 2082 1090 2133 qui
1129 2084 1232 2121 ultro
1269 2081 1446 2132 citroque
1467 2097 1510 2129 30

116 2145 350 2195 navigarent.

158 2261 177 2288 4
201 2260 294 2281 more
312 2250 501 2292 Naugerius
517 2263 524 2283 :
549 2252 685 2283 nomine
702 2251 791 2283 codd.
964 2262 1001 2290 14
1026 2251 1112 2282 fretu
1132 2250 1207 2283 Gell.
1224 2251 1294 2282 xiii.
1313 2262 1364 2289 21,
1385 2262 1422 2291 15
1438 2264 1444 2283 ε
1469 2260 1474 2265 ’

114 2293 201 2323 freto
221 2293 309 2324 codd.
440 2296 479 2325 16
503 2296 652 2325 adfixum
670 2295 862 2336 Naugerius
879 2306 885 2325 :
911 2295 1059 2326 defixum
1079 2294 1121 2324 vrk
1139 2306 1145 2325 :
1170 2295 1274 2325 fixum
1290 2294 1444 2326 Nonius:

115 2347 153 2366 ea
172 2337 274 2366 fixum
295 2339 311 2366 δ
424 2348 464 2368 22
488 2340 548 2369 sed
566 2338 775 2378 Severinum,
796 2339 903 2369 Rlzelt.
926 2339 1000 2370 Lat.
1020 2338 1104 2369 Min.
1121 2342 1156 2377 p.
1177 2340 1239 2377 367
1259 2349 1264 2367 z
1291 2348 1316 2368 c.
1338 2348 1361 2369 r.
1383 2339 1443 2369 sed

110 2380 191 2418 prk:
217 2381 325 2410 civem
346 2380 537 2411 Romanum
555 2383 614 2412 sed
632 2382 700 2412 edd.
838 2383 878 2412 28
904 2382 998 2421 eligit
1017 2382 1059 2411 uk
