1600 2704
70 110 340 150 ACTIoNis
371 112 433 150 IN
462 111 508 150 C.
529 112 771 149 VERREM
801 112 1102 151 SECVNDAE
1133 114 1298 152 LIB.11
1352 122 1401 161 52
1423 83 1498 161 αξ
1528 85 1537 89 ”’

68 222 324 272 plorantibus.
386 222 481 261 Dies
506 221 536 260 is
557 229 638 260 erat
662 221 857 272 legitimus
881 222 1050 261 comitiis
1070 224 1276 262 habendis.
1337 227 1398 264 Eo

69 287 191 325 modo
234 288 417 326 sacerdos
457 286 695 327 Climachias
738 287 983 326 renuntiatus
1021 295 1090 327 est.
1164 290 1397 328 Herodotus
1421 301 1483 333 130

67 364 159 390 curn
200 353 330 391 Roma
363 352 574 398 revertitur,
616 351 771 400 diebus,
809 360 852 390 ut
890 351 974 403 ipse
1005 352 1180 403 putabat,
1216 365 1274 391 xv
1306 362 1398 394 ante

66 415 238 463 comitia,
274 416 439 455 offendit
477 430 568 455 eum
607 430 784 455 mensem
824 416 891 467 qui
930 417 1185 468 consequitur
1219 431 1397 456 mensem

27 495 45 526 5
67 480 318 528 comitialem,
341 480 510 519 comitiis
537 480 615 519 iam
644 481 790 519 abhinc
821 493 910 519 xxx
937 481 1078 520 diebus
1108 481 1230 521 factis.
1281 483 1397 521 Tunc

67 545 396 595 Cephaloeditani
428 547 604 584 fecerunt
633 545 922 585 intercalarium
954 558 1072 584 xxxv
1101 546 1185 585 dies
1219 548 1394 598 longum,

66 616 109 647 ut
129 609 267 659 reliqui
295 623 450 648 menses
475 610 515 647 in
542 623 652 648 suam
679 610 871 649 rationem
895 618 1189 650 reverterentur.
1250 613 1344 650 Hoc
1365 612 1397 651 si

66 676 220 713 Romae
244 675 325 713 fieri
347 683 489 725 posset,
513 684 617 714 certe
643 676 775 726 aliqua
799 676 950 715 ratione
977 684 1237 727 expugnasset
1258 677 1329 716 iste
1354 686 1396 716 ut

63 739 148 777 dies
187 751 304 776 xxxv
338 739 437 778 inter
476 739 591 778 binos
629 741 745 779 ludos
784 742 1025 789 tollerentur,
1056 754 1125 792 per
1158 754 1258 792 quos
1290 743 1395 780 solos

4 820 43 842 10
62 804 253 843 iudicium
274 804 356 843 fieri
376 813 518 855 posset.

117 869 203 907 Iam
242 882 334 907 vero
373 883 556 908 censores
588 883 707 920 quem
742 872 793 910 ad
833 872 997 910 modum
1032 871 1107 910 isto
1142 879 1320 922 praetore
1354 871 1393 910 in

61 932 193 972 Sicilia
232 933 352 973 creati
390 934 478 981 sint,
519 948 662 985 operae
701 935 868 986 pretium
908 944 966 974 est
1008 949 1258 986 cognoscere.
1320 938 1394 976 Ille

60 997 167 1036 enim
215 1006 273 1037 est
321 999 567 1049 magistratus
619 1001 726 1049 apud
774 1000 927 1039 Siculos
975 1000 1043 1050 qui
1094 1000 1393 1050 diligentissime

61 1065 271 1102 mandatur
307 1078 330 1102 a
367 1065 516 1114 populo
555 1072 712 1115 propter
751 1065 853 1102 hanc
892 1078 1063 1112 causam,
1104 1066 1214 1115 quod
1253 1078 1392 1104 omnes

10 1145 42 1178 15
61 1128 181 1167 Siculi
221 1142 269 1167 ex
309 1142 430 1168 censu
473 1129 685 1179 quotannis
733 1129 878 1167 tributa
920 1131 1142 1177 conferunt,
1185 1129 1226 1168 in
1270 1143 1392 1169 censu

59 1193 247 1233 habendo
267 1201 440 1244 potestas
457 1193 586 1232 omnis
606 1193 891 1233 aestimationis
907 1194 1116 1234 habendae
1133 1207 1392 1245 summaeque

59 1258 263 1297 faciendae
287 1258 440 1297 censori
465 1258 710 1309 permittitur.
774 1260 914 1310 Itaque
934 1267 972 1298 et
994 1261 1163 1310 populus
1190 1260 1253 1298 cui
1275 1260 1392 1298 maxi-

58 1336 164 1361 mam
193 1324 313 1362 fidem
341 1336 498 1362 suarum
528 1336 656 1362 rerum
687 1323 831 1362 habeat
861 1324 1031 1362 maxima
1058 1337 1150 1362 cura
1175 1324 1322 1375 deligit,
1352 1333 1390 1363 et

57 1395 216 1437 propter
242 1387 554 1438 magnitudinem
584 1387 788 1438 potestatis
818 1388 882 1426 hic
912 1388 1159 1439 magistratus
1189 1402 1211 1427 a
1240 1390 1390 1439 populo

0 1469 38 1492 20
58 1465 212 1490 summa
231 1452 449 1493 ambitione
476 1453 739 1492 contenditur.
801 1455 849 1492 In
870 1467 916 1492 ea
937 1468 976 1492 re
1004 1454 1076 1493 iste
1097 1454 1194 1492 nihil
1221 1455 1389 1494 obscure
1413 1471 1471 1502 132

55 1517 183 1556 facere
203 1517 336 1564 voluit,
359 1531 440 1556 non
469 1517 510 1556 in
537 1518 741 1558 sortitione
769 1520 901 1557 fallere
931 1532 1062 1569 neque
1089 1520 1173 1558 dies
1203 1520 1254 1558 de
1280 1519 1388 1558 fastis

54 1582 233 1621 eximere.
293 1582 403 1621 Nihil
423 1596 518 1622 sane
538 1585 642 1622 vafre
663 1597 736 1623 nec
757 1584 951 1623 malitiose
971 1585 1099 1623 facere
1119 1592 1284 1623 conatus
1305 1592 1363 1623 est
1378 1600 1388 1632 3

54 1649 126 1687 sed
159 1655 202 1686 ut
240 1648 370 1687 studia
406 1648 723 1700 cupiditatesque
761 1650 958 1688 honorum
996 1657 1116 1700 atque
1149 1649 1387 1689 ambitiones

54 1726 102 1751 ex
139 1713 325 1752 omnibus
363 1713 585 1752 civitatibus
625 1716 788 1761 tolleret,
823 1728 925 1765 quae
963 1728 1023 1753 res
1057 1716 1294 1754 evertendae
1333 1715 1387 1754 rei

0 1793 32 1826 25
54 1777 237 1828 publicae
266 1780 394 1817 solent
423 1793 518 1826 esse,
551 1779 725 1818 ostendit
756 1793 841 1818 sese
876 1779 916 1818 in
946 1780 1132 1818 omnibus
1162 1779 1386 1819 civitatibus

53 1855 235 1882 censores
267 1857 352 1882 esse
381 1845 586 1883 facturum.
646 1846 777 1883 Tanto
807 1852 982 1884 mercatu
1015 1845 1204 1896 praetoris
1234 1844 1386 1884 indicto
1410 1859 1467 1892 133

1414 847 1465 885 53

1419 907 1474 938 ¹31

99 1956 111 1976 1
139 1945 348 1985 plorantibus
365 1946 434 1978 cO:
458 1947 715 1987 implorantibus
734 1947 796 1979 rell.
911 1958 930 1988 3
955 1948 997 1979 ab
1014 1948 1127 1980 Roma
1145 1947 1189 1979 Ο1
1266 1948 1385 1980 diebus

51 1989 119 2019 cO:
147 1989 220 2021 dies
233 1995 258 2031 p
276 1989 340 2020 rell.
447 2001 467 2029 4
491 1992 547 2030 qui
565 2001 658 2022 cons,
679 2001 830 2022 mensem
847 1991 917 2022 cO:
941 2003 1007 2023 om.
1020 1997 1045 2033 p
1062 1992 1126 2023 rell.
1215 2000 1236 2031 5
1260 1992 1382 2023 abhinc

45 2033 91 2073 pb
106 2044 113 2063 :
136 2034 178 2064 ab
192 2043 247 2065 me
262 2044 303 2073 qr
317 2033 359 2065 al.
382 2045 389 2065 :
413 2039 492 2064 ante
509 2035 588 2066 com'.
609 2033 718 2065 Halm
828 2035 946 2066 diebus
962 2046 1034 2065 xxx
1054 2034 1084 2066 Ο
1194 2035 1292 2066 factis
1300 2035 1360 2076 pO
1377 2048 1384 2066 :

50 2076 175 2107 habitis
185 2075 226 2117 p2'
243 2087 268 2108 s.
283 2076 316 2109 l..
335 2077 354 2107 b
372 2077 437 2109 rell.
564 2078 586 2108 6
610 2077 762 2109 fecerunt
778 2077 825 2108 cO
841 2089 848 2108 :
873 2079 1093 2118 decreruntp
1110 2078 1175 2109 rell.
1304 2081 1326 2109 6
1350 2084 1384 2110 et

49 2129 71 2159 9
94 2130 188 2150 xxxv
203 2131 238 2151 c:
264 2120 322 2150 xlv
334 2124 358 2160 p
470 2130 509 2152 10
533 2126 647 2160 potest
666 2121 707 2152 Οι
823 2131 859 2152 11
886 2122 950 2152 isto
968 2132 1016 2161 pr.
1038 2122 1071 2151 in
1085 2122 1150 2153 Sic.
1167 2121 1221 2153 Οπ
1236 2134 1243 2153 z
1268 2122 1301 2153 in
1314 2121 1379 2153 Sic.

50 2163 116 2194 isto
134 2173 182 2203 pr.
203 2163 222 2193 h
238 2164 327 2205 vulg.
523 2174 561 2202 14
585 2164 721 2206 [omnes
739 2188 747 2195 .
766 2188 773 2195 .
795 2188 802 2196 .
824 2164 1021 2206 conferunt]
1040 2164 1144 2206 Kays.
1166 2177 1173 2196 ε
1199 2166 1289 2205 quod
1307 2176 1382 2196 cum

50 2216 170 2237 omnes
187 2207 364 2238 conferant
381 2206 474 2239 Bake
590 2217 624 2247 ¹7
645 2207 824 2239 faciendae
841 2207 890 2239 cO
905 2219 912 2239 :
933 2208 1112 2240 faciundae
1123 2214 1148 2250 p
1166 2208 1231 2240 rell.
1341 2220 1382 2240 20

49 2249 114 2281 iste
130 2249 198 2281 cO:
222 2261 287 2282 om.
309 2251 375 2283 rell.
468 2260 508 2282 21
534 2251 645 2282 facere
662 2261 726 2282 om.
746 2251 808 2283 ι·Οι
919 2260 960 2290 24
984 2252 1138 2283 omnibus
1155 2253 1345 2284 civitatibus
1360 2258 1383 2292 p

50 2293 116 2325 rell.
132 2298 263 2334 praeter
279 2293 309 2325 Ο
325 2294 533 2337 (hominibus
550 2294 824 2336 civitatibusque)
936 2294 1136 2327 tollerentur
1154 2295 1186 2327 Ο
1340 2306 1381 2336 25

49 2335 200 2369 solerent
214 2337 306 2369 Bake
