1600 2704
104 151 160 199 56
181 165 243 196 129
543 151 599 188 M.
631 151 798 187 TVLLI
829 149 1134 189 CICERONIS

91 1110 152 1143 130

101 1486 150 1526 57

178 261 371 308 Dioclem,
395 260 599 300 hominem
631 262 881 310 locupletem,
905 259 1156 309 suspendisse
1177 271 1218 297 se
1244 266 1399 297 constat
1419 271 1499 307 quo

175 326 239 365 die
266 326 314 364 sit
341 326 376 364 ei
400 326 624 364 nuntiatum
646 324 866 375 Apronium
891 325 1078 362 decumas
1102 323 1324 362 redemisse.
1384 325 1499 372 Tyra-

175 390 321 437 einum,
343 389 560 440 principem
582 389 759 435 civitatis,
782 389 921 427 eadem
942 387 1092 426 ratione
1113 394 1280 425 mortem
1301 386 1499 437 oppetissev

174 455 269 494 dixit
298 455 405 505 apud
434 467 503 493 vos
533 455 654 492 homo
682 452 962 499 nobilissimus,
991 451 1238 490 Archonidas
1272 450 1496 497 Helorinus,

174 532 265 556 cum
286 518 459 556 audisset
480 525 632 555 tantum
661 518 927 555 decumanum
957 517 1175 565 professum
1196 529 1281 553 esse
1301 529 1347 553 ex
1368 514 1499 552 edicto

175 582 283 620 istius
315 582 388 620 sibi
420 581 556 620 deberi
583 588 774 630 quantum
795 580 859 618 ille
886 579 1001 617 bonis
1028 579 1108 617 suis
1132 579 1317 617 omnibus
1347 580 1500 617 efficere

173 660 254 684 non
284 653 426 696 posset.
490 647 604 683 Haec
629 652 684 692 tu,
705 644 859 682 tametsi
889 643 1068 681 omnium
1098 643 1305 681 hominum
1336 642 1499 681 dissolu-

173 710 344 748 tissimus
374 709 747 758 crudelissimusque
777 721 931 757 semper
965 706 1081 754 fuisti,
1113 714 1246 745 tamen
1280 720 1498 757 numquam

173 781 427 824 perpeterere,
469 780 675 823 propterea
713 773 823 822 quod
859 771 923 810 ille
962 771 1130 821 gemitus
1168 773 1376 821 luctusque
1413 785 1497 821 pro-

172 838 322 877 vinciae
353 839 403 876 ad
433 837 489 876 tui
519 837 656 887 capitis
685 836 902 886 periculum
932 835 1151 885 pertinebat
1168 849 1179 883 3
1207 849 1298 883 non,
1320 835 1493 885 inquam,

171 910 415 952 perpeterere
443 909 485 939 ut
518 901 699 939 homines
727 899 890 938 iniuriae
924 907 1015 938 tuae
1049 899 1267 938 remedium
1298 907 1423 938 morte
1450 913 1497 938 ac

171 966 386 1016 suspendio
402 972 644 1015 quaererent,
662 964 737 1002 nisi
751 978 797 1003 ea
812 978 872 1003 res
892 966 942 1003 ad
958 971 1165 1013 quaestum
1186 971 1225 1002 et
1239 964 1290 1003 ad
1311 965 1496 1015 praedam

170 1038 278 1068 tuam
299 1030 518 1080 pertineret.

226 1094 364 1143 Quid?
393 1094 489 1132 illud
519 1094 795 1143 perpeterere?
850 1092 1065 1140 Attendite,
1099 1092 1247 1132 iudices
1263 1108 1274 1141 3
1311 1092 1495 1132 omnibus

170 1159 275 1197 enim
303 1158 430 1197 nervis
457 1157 552 1196 mihi
574 1159 895 1196 contendendum
916 1165 974 1196 est
993 1165 1112 1207 atque
1139 1157 1178 1196 in
1199 1159 1276 1196 hoc
1296 1158 1496 1196 elaboran-

169 1224 276 1269 dum,
306 1229 348 1261 ut
382 1236 520 1261 omnes
552 1222 779 1271 intellegant
812 1235 930 1271 quam
966 1222 1197 1272 improbam,
1227 1235 1345 1272 quam
1377 1222 1497 1261 mani-

170 1288 319 1333 festam,
355 1299 474 1336 quam
507 1287 729 1324 confessam
768 1299 849 1324 rem
884 1285 1053 1335 pecunia
1090 1286 1281 1324 redimere
1319 1293 1493 1325 conetur.

171 1352 298 1389 Grave
319 1351 466 1389 crimen
488 1357 545 1388 est
566 1351 642 1388 hoc
663 1357 702 1388 et
726 1351 940 1388 vehemens
961 1357 998 1388 et
1019 1358 1107 1400 post
1123 1350 1329 1389 hominum
1351 1364 1497 1390 memo-

169 1415 264 1453 riam
295 1415 518 1465 iudiciaque
548 1416 598 1453 de
627 1415 803 1465 pecuniis
835 1415 1061 1464 repetundis
1089 1415 1301 1453 constituta
1323 1416 1496 1465 gravissi-

170 1495 290 1528 mum,
324 1489 541 1532 praetorem
583 1481 711 1520 socios
750 1480 935 1519 habuisse
973 1482 1228 1519 decumanos.
1287 1483 1380 1519 Non
1419 1482 1495 1520 hoc

169 1559 275 1584 nunc
295 1546 463 1596 primum
485 1545 595 1584 audit
614 1545 786 1596 privatus
807 1547 857 1584 de
878 1545 1048 1593 inimico,
1067 1559 1154 1583 reus
1174 1546 1225 1584 ab
1245 1553 1471 1585 accusatore
1488 1563 1495 1585 :

169 1611 245 1648 iam
275 1618 391 1648 antea
412 1610 451 1647 in
472 1612 566 1648 sella
587 1611 729 1648 sedens
751 1617 915 1659 praetor,
939 1623 1029 1647 cum
1060 1609 1302 1659 provinciam
1324 1610 1494 1649 Siciliam

168 1675 373 1722 obtineret,
396 1688 487 1713 cum
514 1675 564 1713 ab
594 1674 778 1712 omnibus
805 1687 885 1712 non
916 1676 1054 1721 solum,
1078 1675 1118 1712 id
1145 1675 1253 1723 quod
1283 1688 1495 1714 commune

168 1747 235 1786 est,
260 1747 417 1789 propter
437 1739 658 1789 imperium,
679 1740 749 1777 sed
770 1738 899 1785 etiam,
918 1738 958 1776 id
978 1739 1087 1788 quod
1108 1738 1218 1777 istius
1238 1739 1492 1788 praecipuum

167 1810 235 1849 est,
265 1811 422 1853 propter
451 1803 719 1841 crudelitatem
750 1810 997 1850 metueretur,
1028 1802 1181 1841 miliens
1210 1803 1368 1850 audivit,
1401 1817 1491 1842 cum

167 1868 250 1906 eius
279 1867 456 1907 animum
490 1869 541 1906 ad
574 1869 891 1917 persequendum
922 1881 1003 1906 non
1034 1868 1280 1918 neglegentia
1311 1870 1489 1913 tardaret,

167 1933 236 1970 sed
258 1931 500 1970 conscientia
520 1931 674 1970 sceleris
694 1932 955 1982 avaritiaeque
969 1946 1061 1971 suae
1077 1934 1296 1971 refrenaret.
1341 1934 1492 1982 Loque-

167 1998 309 2035 bantur
328 1996 435 2035 enim
455 1996 665 2035 decumani
687 1998 827 2046 palam,
847 2004 885 2035 et
905 2005 1058 2047 praeter
1069 2005 1220 2036 ceteros
1240 1997 1272 2035 is
1299 1997 1365 2047 qui
1385 1997 1491 2046 apud

209 2109 229 2138 3
255 2100 439 2139 principem
461 2100 491 2130 O
510 2112 517 2131 ε
544 2101 722 2140 primump
741 2100 806 2130 rell.
912 2109 932 2138 5
956 2101 1176 2130 decumanum
1198 2099 1251 2130 O:
1275 2100 1489 2130 decumarum

161 2147 185 2182 p
204 2142 268 2172 rell.
433 2154 455 2183 9
479 2143 536 2173 ille
553 2144 600 2173 cO
619 2155 625 2173 :
650 2143 733 2182 illip
751 2142 817 2174 rell.
982 2154 1020 2173 10
1044 2142 1234 2182 pertinebat
1256 2142 1332 2172 VcO
1351 2153 1357 2171 :
1382 2146 1490 2180 -antp

167 2185 231 2214 rell.
404 2196 441 2225 14
467 2191 738 2226 perpetererep:
766 2191 921 2224 paterere
941 2185 994 2216 O:
1019 2186 1231 2224 pertinerere
1253 2184 1285 2213 V
1452 2194 1489 2221 15

166 2228 245 2257 mihi
263 2229 376 2259 nervis
396 2229 426 2259 O
515 2229 788 2260 contendendum
806 2228 895 2259 codd.
914 2240 920 2259 ε
945 2228 1181 2258 connitendum
1198 2227 1287 2266 vulg.
1377 2226 1487 2256 elabo-

166 2271 305 2301 randum
328 2272 395 2311 Vp:
421 2273 524 2304 labor.
544 2272 610 2304 rell.
631 2274 663 2313 (ξ
686 2282 744 2310 124
761 2276 886 2312 supra:
911 2281 941 2308 v,
963 2273 978 2306 ξ
1001 2271 1075 2310 126)
1238 2279 1281 2299 20
1304 2268 1381 2298 Non
1399 2278 1488 2298 nunc

165 2314 309 2353 primum
327 2315 420 2345 audit
437 2316 500 2345 hoc
518 2326 534 2345 c
664 2324 704 2344 22
728 2319 807 2345 ante
829 2314 860 2343 V
874 2315 905 2354 (ξ,
925 2323 965 2351 24
983 2312 1099 2353 supra)
1234 2322 1272 2349 27
1301 2311 1488 2341 refrenaret

169 2356 244 2387 VcO
262 2368 268 2387 ε
293 2357 439 2388 frenaret
451 2363 475 2397 j>
493 2358 558 2389 rell.

1520 852 1559 874 10

1517 1174 1555 1206 Ι5

1517 1497 1557 1518 20

1514 1807 1600 1852 25ἐ
