1600 2704
88 157 105 184 1
125 161 139 182 2
487 130 545 169 M.
575 121 745 165 TVLLI
775 109 1082 159 CICERONIS

127 251 306 292 omnium
331 244 536 285 nationum
564 242 779 276 exterarum
806 224 989 278 princeps
1019 215 1152 258 Sicilia
1175 226 1218 252 se
1244 211 1295 250 ad
1323 218 1456 246 amici-

129 319 223 357 tiam
244 315 444 360 fidemque
465 301 601 357 populi
626 292 800 337 Romani
823 284 1046 340 adplicavit.
1106 278 1238 318 Prima
1261 271 1454 316 omniurn,

135 510 316 564 gentibus
351 505 568 553 imperare;
600 495 684 533 sola
710 488 782 527 fuit
812 498 858 525 ea
886 483 965 522 fide
995 470 1344 519 benivolentiaque
1373 476 1464 514 erga
1484 472 1502 505 5

136 575 328 627 populum
353 571 583 607 Romanum
603 565 646 597 ut
673 553 848 594 civitates
869 547 951 587 eius
971 543 1133 586 insulae,
1156 548 1257 587 quae
1282 530 1404 571 semel
1424 527 1466 566 in

137 637 351 679 amicitiam
383 637 557 670 nostram
583 621 793 663 venissent,
822 621 1041 661 numquam
1072 610 1210 656 postea
1240 597 1470 639 deficerent,

140 707 350 756 pleraeque
379 702 511 736 autern
538 697 576 729 et
606 684 775 726 maxime
801 679 983 718 inlustres
1010 672 1051 710 in
1079 664 1251 707 amicitia
1277 664 1470 712 perpetuo

106 784 123 814 3
143 770 356 807 manerent.
417 761 559 807 Itaque
597 747 813 790 maioribus
847 737 989 780 nostris
1020 735 1061 774 in
1100 729 1275 771 Africam
1313 737 1360 763 ex
1398 723 1473 759 hac

145 828 346 884 provincia
372 824 515 877 gradus
541 814 680 867 imperi
709 813 835 850 factus
862 812 945 851 est3
973 811 1104 850 neque
1128 794 1234 835 enim
1255 798 1336 830 tam
1361 785 1475 825 facile
1497 796 1536 819 10

146 910 242 948 opes
277 886 526 940 Carthaginis
557 889 690 922 tantae
721 871 989 915 concidissent
1021 862 1095 903 nisi
1124 859 1223 899 illud
1252 862 1290 895 et
1319 852 1374 892 rei
1403 852 1477 888 fru-

149 958 363 1001 mentariae
410 949 632 993 subsidium
676 950 714 983 et
761 933 1055 987 receptaculum
1102 921 1294 965 classibus
1337 914 1480 956 nostris

109 1042 133 1068 2
152 1031 312 1078 pateret.
372 1020 506 1068 Quare
533 1016 575 1052 P.
603 1009 811 1049 Africanus
839 994 1077 1046 Carthagine
1106 990 1236 1030 deleta
1260 983 1481 1024 Siculorum

154 1090 262 1130 urbis
306 1084 425 1136 signis
467 1071 813 1120 monumentisque
856 1055 1127 1116 pulcherrimis
1171 1047 1382 1093 exornavit,
1427 1050 1481 1089 ut,

157 1167 257 1206 quos
286 1147 448 1190 victoria
479 1139 616 1195 populi
646 1131 820 1176 Romani
849 1126 1018 1167 maxime
1046 1117 1182 1160 laetari
1212 1111 1484 1155 arbitrabatur,
1509 1119 1546 1150 15

119 1235 140 1266 4
158 1220 266 1271 apud
280 1230 347 1256 eos
368 1213 626 1252 monumenta
640 1198 824 1241 victoriae
840 1192 1008 1246 plurima
1023 1187 1258 1228 conlocaret.
1303 1175 1489 1224 Denique

161 1286 225 1323 ille
256 1283 340 1332 ipse
378 1279 435 1316 M.
470 1270 694 1312 Marcellus,
731 1261 841 1302 cuius
874 1258 914 1296 in
953 1252 1084 1294 Sicilia
1121 1248 1304 1287 virtutem
1343 1243 1489 1284 hostes,

163 1341 472 1388 misericordiam
502 1335 604 1382 victi,
636 1332 757 1370 fidem
788 1322 908 1365 ceteri
938 1316 1058 1359 Siculi
1087 1314 1379 1365 perspexerunt,
1411 1316 1494 1341 non

165 1415 294 1454 solum
321 1406 437 1448 sociis
466 1404 508 1442 in
538 1413 586 1439 eo
612 1397 718 1436 bello
748 1385 962 1432 consuluit,
991 1392 1127 1421 verum
1157 1376 1275 1416 etiarn
1303 1366 1495 1420 superatis

166 1477 347 1518 hostibus
399 1462 640 1518 temperavit.
713 1457 864 1495 Vrbem
917 1443 1222 1501 pulcherrimam
1272 1438 1494 1486 Syracusas,
1519 1441 1558 1464 20

168 1553 324 1593 ——quae
344 1548 435 1576 cum
466 1542 586 1571 manu
616 1519 880 1565 munitissima
900 1519 1013 1558 esset,
1035 1518 1120 1549 tum
1141 1504 1218 1545 loci
1239 1508 1377 1542 natura
1397 1504 1499 1536 terra

169 1622 215 1648 ac
236 1603 332 1645 mari
346 1599 753 1641 clauderetur‚——cum
768 1584 805 1624 vi
819 1578 1065 1627 consilioque
1079 1570 1258 1622 cepisset,
1274 1578 1356 1605 non
1372 1563 1500 1601 solum

171 1673 413 1712 incolumem
437 1672 574 1714 passus
596 1662 653 1696 est
674 1664 770 1697 esse,
793 1648 864 1687 sed
884 1645 938 1684 ita
961 1638 1117 1690 reliquit
1137 1640 1317 1675 ornatam
1337 1635 1380 1667 ut
1401 1631 1503 1665 esset

173 1739 280 1777 idem
305 1733 609 1772 monumentum
634 1715 830 1760 victoriae,
863 1700 1189 1749 mansuetudinis,
1221 1690 1502 1736 continentiae,

175 1814 268 1841 cum
310 1794 492 1835 homines
540 1788 719 1827 viderent
759 1786 797 1818 et
836 1774 932 1826 quid
971 1770 1231 1820 expugnasset
1275 1767 1313 1798 et
1360 1755 1505 1806 quibus
1527 1763 1565 1795 25

177 1862 416 1917 pepercisset
464 1863 502 1896 et
550 1864 652 1903 quae
699 1842 942 1894 reliquisset:
1000 1840 1154 1873 tantum
1201 1827 1265 1865 ille
1313 1824 1507 1861 honorem

179 1929 411 1970 habendum
432 1919 586 1962 Siciliae
610 1911 760 1966 putavit
781 1915 823 1948 ut
844 1919 894 1945 ne
914 1899 1087 1942 hostium
1117 1892 1280 1945 quidem
1303 1887 1441 1927 urbem
1463 1896 1510 1922 ex

145 2017 162 2047 5
183 1995 380 2035 sociorum
404 1987 532 2027 insula
561 1979 778 2021 tollendam
809 1969 1068 2011 arbitraretur.
1130 1961 1271 2007 Itaque
1300 1953 1351 1991 ad
1381 1947 1510 1989 omnis

184 2074 244 2100 res
265 2059 320 2097 sic
344 2056 409 2094 illa
428 2046 630 2102 provincia
658 2051 811 2090 semper
831 2033 891 2074 usi
913 2041 1048 2071 sumus
1068 2031 1122 2073 ut,
1145 2017 1336 2073 quicquid
1360 2028 1407 2054 ex
1427 2024 1512 2051 sese

186 2129 319 2175 posset
352 2120 498 2162 efferre,
532 2113 574 2152 id
604 2121 685 2148 non
719 2102 826 2155 apud
856 2110 928 2137 nos
962 2091 1082 2137 nasci,
1113 2088 1183 2128 sed
1217 2081 1327 2124 domi
1358 2084 1513 2117 nostrae
1535 2084 1574 2115 30

189 2187 395 2228 conditum
424 2182 502 2220 iam
536 2183 772 2228 putaremus.
833 2162 1008 2214 Quando
1037 2158 1102 2196 illa
1130 2155 1372 2192 frumentum
1406 2141 1515 2193 quod

241 2300 288 2320 11.
313 2296 350 2325 13
375 2283 489 2315 Carth.
526 2278 626 2318 COp:
666 2272 788 2305 Karth.
822 2265 892 2300 edd.
1062 2268 1103 2289 22
1127 2253 1338 2287 clauderetur
1371 2243 1518 2284 COqu:

195 2330 410 2365 claudebatur
428 2337 445 2356 ⁷·
461 2323 523 2355 rell.
658 2327 699 2356 29
723 2316 771 2346 sic
788 2312 843 2344 illa
862 2307 956 2342 Cobet
971 2316 977 2335 :
1001 2302 1107 2335 sicilia
1124 2296 1211 2330 codd.
1345 2300 1388 2329 30
1411 2296 1473 2318 nos
1493 2284 1523 2316 C

197 2376 261 2417 (CI.
281 2374 359 2405 Rev.
379 2369 470 2408 xviii,
483 2372 515 2407 p.
537 2365 587 2403 23Χ
608 2374 614 2395 z
641 2370 699 2393 eos
716 2357 780 2389 rell.
914 2360 952 2391 31
979 2348 1044 2379 iam
1064 2342 1152 2376 Col:
1179 2349 1246 2372 om.
1264 2335 1328 2366 rell.
