1600 2704
94 104 362 147 ACTIONIS
393 103 454 141 IN
484 101 531 140 C.
551 98 794 137 VERREM
825 92 1126 134 SECVNDAE
1157 91 1260 128 LIB.
1292 89 1329 123 V
1367 85 1421 133 48
1443 85 1504 120 126

96 217 218 266 Quod
245 227 293 253 eo
323 211 445 263 magis
475 212 573 249 ferre
601 207 736 246 animo
765 217 894 254 aequo
924 211 962 241 et
992 201 1212 240 concedere
1232 197 1422 243 videmur,

96 280 189 330 quia
209 290 328 317 nemo
348 277 512 315 istorum
533 272 766 316 dissimulat,
789 281 908 307 nemo
933 266 1085 304 laborat
1105 271 1147 302 ut
1168 263 1335 301 obscura
1356 272 1426 298 sua

97 343 292 395 cupiditas
314 354 398 381 esse
419 340 606 379 videatur.
668 337 716 374 In
738 334 834 372 urbe
862 339 994 370 nostra
1022 326 1284 380 pulcherrima
1308 332 1427 373 atque
1449 334 1509 369 127

97 408 347 449 ornatissima
378 406 487 456 quod
517 402 684 453 signum,
708 411 809 450 quae
838 397 972 435 tabula
1002 394 1107 445 picta
1136 399 1194 430 est
1215 402 1317 440 quae
1346 400 1427 425 non

59 490 77 523 5
99 476 150 514 ab
184 473 364 513 hostibus
393 469 504 509 victis
538 475 654 518 capta
686 473 806 515 atque
838 463 1046 512 deportata
1077 457 1154 496 sit?
1192 463 1230 494 at
1265 454 1428 492 istorum

99 540 215 580 villae
258 536 455 576 sociorum
499 531 817 572 fidelissimorum
860 524 1037 578 plurimis
1076 530 1114 561 et
1159 516 1430 572 pulcherrimis

101 603 236 656 spoliis
263 608 424 641 ornatae
453 599 695 647 refertaeque
725 601 826 633 sunt.
884 590 965 629 Vbi
995 587 1182 640 pecunias
1213 593 1429 624 exterarum

100 668 310 708 nationum
339 677 424 704 esse
454 659 708 707 arbitramini,
740 671 842 709 quae
871 668 977 695 nunc
1010 665 1148 692 omnes
1183 656 1309 701 egent,
1341 659 1431 685 cum

102 735 293 779 Athenas,
325 732 571 779 Pergamum,
604 724 804 776 Cyzicum,
837 721 1032 766 Miletum,
1066 716 1224 762 Chium,
1258 715 1432 757 Samum,

46 816 85 838 10
103 806 227 837 totam
248 794 423 845 denique
443 791 591 837 Asiam,
616 787 820 834 Achaiam,
845 782 1062 828 Graeciam,
1087 780 1259 820 Siciliam
1288 786 1365 815 tam
1395 777 1434 813 in

104 861 240 914 paucis
279 858 379 898 villis
418 857 588 895 inclusas
628 866 712 892 esse
747 849 941 890 videatis?
998 847 1076 886 Sed
1111 847 1218 890 haec,
1255 851 1297 880 ut
1333 840 1434 887 dico,

106 926 240 967 omnia
278 925 357 963 iam
397 921 493 961 socii
526 918 643 958 vestri
682 916 908 966 relinquunt
942 921 981 952 et
1014 912 1237 961 neglegunt,
1274 906 1434 946 iudices.

108 993 172 1031 Ne
200 989 359 1042 publice
385 1001 408 1026 a
434 986 584 1038 populo
613 985 799 1022 Romano
830 978 1088 1030 spoliarentur
1118 972 1255 1013 officiis
1285 984 1330 1009 ac
1361 971 1438 1009 fide

108 1056 365 1107 providerunt
380 1068 390 1101 3
423 1062 642 1103 paucorum
669 1044 875 1097 cupiditati
903 1051 1003 1089 tum,
1023 1054 1113 1079 cum
1141 1037 1331 1077 obsistere
1359 1047 1439 1072 non

51 1135 90 1167 15
110 1127 303 1172 poterant,
326 1127 459 1157 tamen
481 1115 658 1154 sufficere
678 1111 812 1161 aliquo
837 1109 960 1147 modo
987 1112 1166 1156 poterant
1184 1118 1193 1151 3
1222 1114 1327 1140 nunc
1349 1112 1441 1137 vero

111 1187 190 1225 iam
220 1186 408 1234 adempta
434 1188 493 1220 est
520 1192 601 1218 non
629 1177 752 1216 modo
779 1171 985 1213 resistendi
1007 1182 1141 1209 verum
1163 1167 1281 1206 etiam
1304 1176 1442 1215 suppe-

112 1249 265 1290 ditandi
286 1249 460 1287 facultas.
522 1245 663 1293 Itaque
683 1254 743 1280 res
765 1252 854 1278 suas
876 1238 1086 1287 neglegunt
1104 1248 1111 1281 ;
1141 1230 1340 1283 pecunias,
1363 1240 1442 1278 quo

111 1314 274 1354 nomine
301 1311 492 1352 iudicium
518 1311 595 1348 hoe
622 1307 851 1358 appellatur,
876 1316 955 1341 non
977 1307 1169 1351 repetunt,
1193 1296 1443 1344 relinquunt,

115 1381 191 1419 hoc
232 1378 309 1417 iam
352 1383 494 1416 ornatu
536 1374 588 1412 ad
626 1384 696 1410 vos
740 1367 982 1417 confugiunt.
1044 1361 1235 1414 Aspicite,
1269 1357 1442 1409 aspicite,
1467 1365 1526 1396 128

58 1463 98 1486 20
115 1444 278 1490 iudices,
310 1443 534 1493 squalorem
565 1436 771 1486 sordisque
801 1432 1021 1472 sociorum!

171 1508 355 1548 Sthenius
382 1506 446 1545 hic
474 1502 753 1544 Thermitanus
783 1512 873 1538 cum
904 1499 979 1535 hoc
1009 1495 1152 1545 capillo
1181 1501 1299 1541 atque
1326 1497 1443 1535 veste,
1465 1495 1524 1534 49

116 1575 239 1614 domo
268 1585 338 1612 sua
367 1578 450 1610 tota
478 1568 657 1620 expilata,
683 1564 928 1605 mentionem
958 1570 1115 1600 tuorum
1145 1559 1336 1596 furtorum
1366 1566 1448 1591 non

116 1639 232 1686 facit;
262 1650 347 1677 sese
374 1636 504 1687 ipsum
530 1633 601 1672 abs
621 1640 660 1671 te
680 1629 830 1681 repetit,
854 1627 950 1666 nihil
971 1626 1140 1676 amplius
1156 1638 1165 1670 3
1194 1630 1321 1660 totum
1343 1618 1447 1657 enim

118 1713 185 1743 tua
204 1702 369 1741 libidine
390 1708 428 1739 et
449 1700 594 1738 scelere
615 1710 661 1736 ex
682 1708 751 1734 sua
772 1693 905 1745 patria,
929 1692 969 1730 in
991 1703 1068 1741 qua
1089 1687 1221 1726 multis
1244 1683 1450 1723 virtutibus

60 1786 99 1818 25
119 1782 164 1808 ac
203 1765 405 1807 beneficiis
443 1763 626 1815 princeps
664 1760 746 1807 fuit,
789 1756 986 1797 sustulisti.
1062 1755 1176 1792 Dexo
1214 1750 1290 1797 hic,
1331 1761 1448 1799 quem

119 1833 272 1880 videtis,
306 1844 388 1870 non
422 1841 523 1879 quae
558 1825 715 1877 publice
748 1821 988 1873 Tyndaride,
1020 1832 1101 1857 non
1135 1829 1236 1868 quae
1271 1812 1450 1864 privatim

120 1898 195 1937 sibi
215 1894 402 1947 eripuisti,
419 1894 489 1932 sed
509 1891 671 1930 unicum
693 1888 808 1927 miser
823 1888 894 1925 abs
915 1894 953 1924 te
974 1884 1096 1923 filium
1118 1880 1313 1931 optimum
1334 1885 1452 1927 atque

120 1959 491 2002 innocentissimum
529 1955 702 2006 flagitat,
747 1966 828 1991 non
868 1965 914 1990 ex
951 1949 1086 1988 litibus
1123 1942 1337 1985 aestimatis
1377 1940 1452 1979 tuis

123 2026 333 2079 pecuniam
359 2025 535 2067 domum,
559 2021 630 2059 sed
657 2032 703 2058 ex
730 2026 797 2056 tua
821 2014 1043 2055 calamitate
1071 2010 1191 2050 cineri
1217 2017 1335 2058 atque
1362 2005 1456 2045 ossi-

62 2107 106 2139 30
124 2093 198 2132 bus
237 2090 291 2129 fili
330 2088 388 2127 sui
428 2085 615 2125 solacium
655 2084 737 2121 vult
775 2080 937 2130 aliquod
975 2085 1182 2128 reportare.
1256 2072 1336 2111 Hic
1375 2079 1455 2109 tam

170 2206 189 2225 2
214 2194 364 2225 elaborat
387 2190 419 2221 V
434 2189 494 2230 (iii,
517 2191 532 2226 ᾖ
554 2197 634 2226 130;
657 2196 690 2224 v,
710 2187 747 2222 ἐξ
770 2184 839 2223 158,
864 2183 939 2218 188)
1073 2190 1092 2219 5
1116 2179 1293 2218 adportata
1314 2180 1403 2215 (app.
1418 2175 1456 2214 p)

132 2239 199 2279 Vp&
349 2245 388 2266 10
412 2238 516 2265 totam
534 2232 680 2269 denique
702 2228 768 2268 Vp&
786 2240 793 2258 z
818 2233 987 2265 totamque
1005 2222 1097 2254 RSw
1203 2220 1377 2251 Graeciam
1396 2218 1457 2248 del.

129 2281 286 2312 Zielinski
397 2287 430 2308 11
457 2275 580 2307 videtis
599 2275 614 2304 δ
730 2282 767 2311 ¹3
792 2281 834 2301 ne
852 2270 940 2301 enim
963 2268 994 2298 V
1009 2269 1135 2304 (contra
1150 2263 1267 2304 RSp&
1347 2262 1458 2292 officio

134 2326 166 2356 V
290 2333 330 2363 19
354 2321 496 2360 aspicite
510 2317 610 2349 semel
628 2317 695 2356 Vp&
850 2323 890 2343 22
917 2313 1016 2343 domo
1038 2309 1156 2349 V5p5:
1181 2308 1282 2338 domu
1303 2306 1335 2336 R
1370 2304 1456 2334 Plzil.

130 2379 161 2408 2,
179 2379 232 2407 45)
370 2375 412 2403 23
436 2375 454 2394 a
472 2368 504 2393 te
527 2362 557 2391 V
1056 2382 1060 2387 ,

1511 22 1538 39 Ay'
1548 28 1562 38 a*
1578 22 1585 29 ”
