1600 2704
30 486 47 516 5

1462 45 1479 52 a

73 101 342 140 ACTIONIS
363 101 423 137 IN
446 101 491 139 C.
516 102 756 138 VERREM
777 102 1079 140 SECVNDAE
1101 104 1203 141 LIB.
1228 104 1293 141 III
1351 111 1402 150 74
1426 71 1483 149 πῂ

72 218 115 249 ut
134 210 284 260 opinor,
307 210 506 261 intellegit,
530 225 577 250 ex
597 211 728 250 Sicilia
747 210 923 250 Siculum
945 213 1184 251 frumentum
1205 213 1401 263 apportari

71 283 274 325 oportere:
304 284 346 314 tu
366 289 458 314 cum
479 275 681 314 civitatum
703 275 858 314 Siciliae
878 278 995 326 vulgo
1016 289 1136 315 omne
1160 278 1400 316 frumentum

70 339 279 390 improbas,
303 354 398 379 num
430 354 477 379 ex
506 343 688 391 Aegypto
718 348 787 379 aut
814 341 922 390 Syria
956 343 1197 380 frumentum
1228 343 1399 380 Romam

70 404 257 443 missurus
271 418 311 443 es
328 407 345 442 ?
397 406 605 455 Improbas
621 405 895 452 Halaesinum,
915 405 1230 453 Thermitanum,
1249 407 1401 457 Cepha-

67 468 321 516 loeditanum,
382 469 704 517 Amestratinum,
768 471 803 507 T
806 470 1092 519 yndarstanum,
1146 471 1398 516 Herbstensc,

66 535 276 572 multarum
306 543 507 584 praeterea
545 534 772 573 civitatum!
830 535 939 584 Quid
979 535 1123 575 accidit
1161 537 1321 574 tandem
1359 544 1398 573 ut

65 600 204 636 horum
245 601 482 649 populorum
520 599 600 649 agri
630 601 869 638 frumentum
901 599 984 638 eius
1016 600 1123 639 modi
1154 608 1191 638 te
1221 608 1398 650 praetore

63 665 385 713 ferrent,—quod
425 677 644 714 numquam
694 673 921 711 antea‚—-ut
970 678 1100 714 neque
1149 664 1218 703 tibi
1268 678 1397 715 neque

63 729 212 778 populo
248 730 433 766 Romano
468 737 602 778 posset
636 729 802 779 probari,
827 729 1053 779 praesertim
1083 743 1173 768 cum
1199 744 1245 768 ex
1269 729 1394 768 isdem

4 805 44 828 10
61 791 162 841 agris
191 792 369 831 eiusdem
399 793 493 831 anni
523 795 763 832 frumentum
794 808 840 832 ex
869 794 1048 832 decumis
1083 796 1254 832 Romam
1290 808 1395 832 man-

1 1132 38 1164 Ι5

0 1459 36 1482 20

60 855 169 906 cipes
197 857 477 896 advexissent?
536 858 645 906 Quid
678 858 875 897 acciderat
910 867 951 896 ut
985 873 1030 896 ex
1070 860 1214 897 eodem
1255 860 1394 898 horreo

60 922 328 959 decumanum
350 923 785 973 probaretur,emptum
807 922 1122 973 improbaretur?
1162 923 1393 962 Dubiumne

59 994 117 1024 est
149 986 246 1036 quin
277 986 350 1025 ista
384 987 513 1026 omnis
548 987 786 1037 improbatio
820 989 1022 1037 cogendae
1058 988 1248 1038 pecuniae
1275 1002 1392 1026 causa

58 1058 150 1089 nata
170 1051 250 1089 sit?
299 1053 407 1098 Esto,
430 1052 630 1101 improbas
653 1051 926 1098 Halaesinum,
943 1053 1064 1090 habes
1084 1053 1135 1090 ab
1151 1052 1228 1090 alio
1243 1055 1391 1102 populo
1416 1069 1474 1099 ¹73

57 1116 167 1165 quod
188 1117 330 1166 probes
347 1131 355 1155 :
383 1129 472 1154 eme
493 1115 590 1154 illud
610 1117 720 1166 quod
740 1117 879 1166 placet,
897 1116 1036 1155 missos
1058 1118 1116 1154 fac
1137 1130 1205 1155 eos
1222 1131 1388 1166 quorum

57 1182 296 1220 frumentum
317 1180 558 1231 improbasti.
618 1182 697 1220 Sed
712 1181 765 1220 ab
784 1181 830 1220 iis
847 1195 947 1231 quos
968 1182 1149 1232 repudias
1171 1182 1289 1232 exigis
1311 1191 1388 1220 tan·

56 1255 139 1284 tum
179 1246 371 1296 pecuniae
404 1255 597 1297 quantum
630 1248 682 1286 ad
715 1261 806 1286 eum
838 1261 1047 1286 numerum
1083 1248 1265 1286 frumenti
1297 1248 1388 1286 satis

56 1311 103 1349 sit
124 1326 243 1361 quem
264 1312 299 1350 ei
320 1312 467 1351 civitati
488 1313 656 1363 imperas
671 1315 896 1352 emendum.
951 1315 997 1351 In
1015 1313 1216 1352 medimna
1236 1314 1387 1363 singula

55 1376 172 1415 video
199 1391 245 1416 ex
269 1376 406 1415 litteris
431 1377 599 1428 publicis
624 1377 695 1416 tibi
726 1378 965 1416 Halaesinos
993 1379 1063 1417 HS
1089 1378 1230 1428 quinos
1262 1380 1386 1416 denos

54 1442 221 1481 dedisse.
282 1443 504 1481 Ostendam
525 1456 572 1481 ex
592 1443 735 1481 tabulis
759 1443 1158 1493 locupletissimorum
1188 1452 1383 1482 aratorum

53 1509 196 1546 eodem
244 1515 422 1558 tempore
469 1508 670 1546 neminem
710 1508 750 1546 in
798 1508 927 1548 Sicilia
976 1508 1096 1558 pluris
1145 1510 1382 1547 frumentum

52 1572 286 1612 vendidisse.

107 1639 221 1686 Quae
234 1648 292 1676 est
308 1652 400 1688 ergo
416 1638 490 1677 ista
505 1639 603 1677 ratio
615 1649 791 1689 autquae
805 1639 935 1689 potius
951 1638 1134 1686 amentia,
1143 1640 1381 1678 frumentum
1402 1649 1450 1687 75

53 1704 274 1754 improbare
295 1704 334 1742 id
357 1706 465 1754 quod
486 1718 533 1742 ex
552 1718 601 1743 eo
622 1706 711 1750 loco
731 1705 780 1743 sit
801 1719 846 1743 ex
867 1718 948 1753 quo
968 1713 1126 1743 senatus
1148 1713 1185 1742 et
1213 1707 1382 1755 populus

53 1770 259 1807 Romanus
275 1768 352 1806 emi
368 1769 544 1816 voluerit,
563 1778 601 1807 et
617 1783 664 1807 ex
677 1782 725 1807 eo
736 1782 876 1807 acervo
893 1783 938 1807 ex
955 1782 1035 1818 quo
1051 1778 1200 1819 partem
1218 1777 1259 1808 tu
1276 1770 1381 1808 idem

50 1834 306 1871 decumarum
324 1833 486 1872 nomine
499 1834 675 1883 probaris
693 1848 703 1881 3
732 1833 877 1872 deinde
890 1848 912 1872 a
928 1834 1150 1872 civitatibus
1172 1835 1379 1884 pecuniam

48 1899 99 1936 ad
124 1900 337 1936 emendum
369 1899 609 1936 frumentum
636 1912 785 1948 cogere,
809 1912 899 1935 cum
922 1913 968 1936 ex
987 1899 1135 1936 aerario
1155 1899 1381 1949 acceperis?

50 1965 189 2000 Vtrum
206 1963 312 2001 enim
334 1971 372 2001 te
393 1965 454 2001 lex
475 1963 661 2001 Terentia
680 1962 901 2001 Siculorum
938 1957 1105 2012 pecunia
1138 1965 1378 2002 frumentum

93 2081 112 2109 3
137 2076 194 2100 aut
219 2069 321 2109 Syria
350 2069 432 2099 VO:
465 2075 523 2099 aut
550 2079 592 2099 ex
620 2070 719 2108 Syria
741 2075 765 2109 p
790 2069 853 2099 rell.
1012 2082 1026 2107 4
1058 2070 1220 2100 missurus
1245 2081 1281 2101 es
1308 2072 1378 2101 cO:

50 2114 211 2144 missurus
232 2123 327 2143 esses
349 2113 395 2142 V:
429 2113 569 2152 mittisp
586 2112 651 2143 rell.
672 2116 702 2150 ιχξ
722 2122 786 2142 222
803 2112 906 2151 infra]
1064 2113 1172 2153 Ceph.
1193 2114 1327 2145 Therm.
1354 2114 1382 2142 1’

48 2157 69 2187 8
92 2157 182 2196 quod
208 2166 389 2195 numquam
413 2162 513 2186 antea
537 2166 602 2187 om.
626 2156 656 2187 Ο
799 2161 832 2186 ut
849 2156 969 2187 Lamb.
990 2157 1082 2187 cdd:
1121 2162 1177 2187 aut
1197 2157 1250 2188 O:
1288 2159 1377 2197 quod

50 2199 122 2239 (pr.
143 2200 244 2239 quae)
268 2199 317 2230 V:
343 2210 408 2230 om.
422 2204 447 2239 p
599 2210 633 2230 11
662 2199 882 2230 adduxissent
893 2200 960 2239 qu
1112 2202 1150 2230 16
1173 2201 1215 2231 ab
1232 2201 1283 2232 his
1303 2201 1377 2242 Op:

49 2242 90 2273 ab
105 2243 180 2273 aliis
201 2243 233 2272 V
342 2244 379 2273 18
404 2243 433 2272 ei
451 2242 519 2273 cO:
544 2253 610 2274 om.
633 2243 681 2282 Vp
698 2243 762 2274 rell.
855 2244 1034 2274 emendum
1058 2244 1134 2275 VcO
1154 2256 1161 2274 ε
1186 2255 1252 2275 om.
1265 2250 1290 2284 p
1308 2245 1372 2275 rell.

50 2296 91 2324 23
116 2287 262 2317 amentia
283 2286 331 2326 Vp
349 2286 416 2317 rell.
435 2297 443 2317 :
468 2286 531 2317 ista
550 2287 696 2316 amentia
715 2286 745 2316 O
762 2285 830 2317 edd.
990 2299 1030 2325 24
1055 2299 1096 2317 ex
1115 2298 1156 2318 eo
1178 2288 1226 2328 Vp
1242 2300 1247 2317 :
1274 2299 1313 2318 eo
1334 2288 1373 2318 O.

48 2328 142 2359 Forte
169 2334 203 2359 et
231 2340 272 2360 ex
301 2340 341 2359 eo
483 2340 524 2368 25
549 2340 662 2359 emere
685 2329 716 2359 V
800 2335 833 2359 ct
859 2341 900 2360 ex
926 2342 967 2360 co
1001 2331 1099 2361 l‘cO:
1133 2342 1175 2361 ex
1194 2342 1234 2362 eo
1256 2337 1281 2372 p
1311 2331 1373 2362 rell.

49 2373 90 2402 28
115 2378 223 2403 utrum
244 2373 332 2403 cuim
353 2378 386 2403 te
408 2372 483 2403 VcO
503 2384 509 2403 ε
535 2378 643 2403 utrum
663 2378 730 2412 tep
747 2373 810 2403 rell.
836 2377 866 2411 ῑξ
886 2384 942 2404 :201
967 2374 1071 2412 ilfi-a]
