1600 2704
69 88 337 129 ACTIONIS
367 88 427 126 IN
458 88 504 127 C.
535 87 777 125 VERREM
808 87 1106 126 SECVNDAE
1138 87 1242 125 LIB.
1265 88 1300 123 V
1372 87 1395 124 8
1421 102 1459 135 19
1481 55 1490 61 l

67 212 227 250 agemus
257 206 300 237 ut
326 197 479 237 crimini
501 204 568 236 aut
597 196 767 236 invidiae
795 209 862 235 reo
892 205 1076 247 putemus
1106 210 1191 236 esse
1220 206 1399 248 oportere

67 265 100 305 si
134 278 214 315 quo
239 265 289 304 de
324 263 486 303 homine
518 261 688 302 severius
728 262 987 301 iudicaverit?
1046 262 1140 301 Non
1175 275 1286 312 agam
1319 271 1398 300 tam

66 330 218 377 acerbe,
243 342 325 368 non
354 336 440 367 utar
468 328 542 367 ista
565 326 808 366 accusatoria
833 326 1134 373 consuetudine,
1159 327 1190 365 si
1218 328 1313 377 quid
1342 336 1399 366 est

67 396 214 434 facturn
247 395 471 440 clementer,
512 400 555 431 ut
586 393 776 432 dissolute
815 392 963 430 facturn
1001 391 1194 438 criminer,
1234 392 1266 430 si
1303 392 1399 442 quid

30 476 48 509 5
66 459 310 498 vindicatum
342 465 400 497 est
434 469 578 504 severe,
609 464 652 496 ut
683 470 729 496 ex
758 469 806 495 eo
836 456 1076 495 crudelitatis
1105 456 1292 495 invidiam
1323 459 1399 495 col-

66 522 194 572 ligam.
255 523 349 561 Non
379 534 493 571 agam
528 519 600 559 ista
634 520 784 559 ratione
800 535 810 568 3
839 528 906 559 tua
935 533 1075 571 sequar
1105 520 1258 567 iudicia,
1291 529 1397 559 tuam

66 587 279 627 defendam
317 586 601 632 auctoritatem,
643 587 776 636 quoad
815 594 858 624 tu
897 586 1029 633 voles,-
1078 585 1193 624 simul
1233 599 1278 624 ac
1318 594 1400 624 tute

66 651 242 702 coeperis
277 658 343 689 tua
371 650 516 690 iudicia
548 651 780 697 rescindere,
814 649 911 689 mihi
942 662 1171 689 suscensere
1204 651 1400 697 desinit03

66 728 157 755 meo
186 716 268 754 iure
293 715 399 754 enim
429 715 669 754 contendam
700 728 791 754 eum
823 715 889 765 qui
920 727 991 753 suo
1022 714 1168 753 iudicio
1189 715 1399 754 damnatus

9 796 47 820 10
65 781 113 821 sit
142 781 357 819 iuratorum
387 780 562 819 iudicum
601 780 805 819 sententiis
841 779 1019 819 damnari
1054 788 1245 830 oportere.
1306 780 1399 818 Non

64 846 277 885 defendam
313 844 502 896 Apolloni
537 857 708 891 causam,
746 843 862 882 amici
889 851 1008 894 atque
1035 842 1202 894 hospitis
1232 843 1320 889 mei,
1351 856 1401 881 ne

64 917 177 949 tuum
207 909 398 949 iudicium
427 908 561 948 videar
591 908 813 948 rescindere
828 923 838 955 ,-
869 908 966 947 nihil
1001 908 1051 947 de
1077 908 1248 947 hominis
1279 909 1400 958 fruga-

64 975 183 1023 litate,
208 975 359 1022 virtute,
388 974 591 1024 diligentia
621 975 750 1014 dicam
767 989 776 1021 3
817 973 1125 1023 praetermittam
1156 974 1252 1013 illud
1283 974 1400 1012 etiam

65 1040 116 1080 de
137 1053 217 1091 quo
237 1047 328 1079 ante
349 1038 438 1085 dixi,
463 1040 638 1078 fortunas
660 1038 742 1077 eius
769 1039 821 1076 ita
849 1037 1083 1076 constitutas
1104 1038 1222 1077 fuisse
1244 1038 1400 1085 familia,

8 1124 44 1156 15
66 1117 220 1155 pecore,
251 1103 362 1151 villis,
395 1103 571 1154 pecuniis
602 1102 758 1142 creditis
793 1110 835 1140 ut
866 1102 1015 1141 nemini
1044 1103 1172 1141 minus
1202 1103 1401 1154 expediret

67 1171 190 1209 ullum
229 1169 269 1207 in
308 1167 439 1208 Sicilia
479 1168 692 1207 tumultum
729 1175 795 1206 aut
830 1167 978 1205 bellum
1011 1169 1277 1213 commoveri,
1322 1180 1402 1205 non

64 1234 195 1274 dicam
221 1247 270 1273 ne
296 1233 393 1273 illud
423 1232 597 1284 quidem,
628 1234 659 1271 si
691 1232 860 1271 maxime
890 1233 930 1271 in
961 1234 1076 1283 culpa
1107 1233 1221 1271 fuerit
1242 1234 1402 1283 Apollo-

64 1299 164 1347 nius,
196 1307 329 1339 tamen
361 1299 402 1337 in
436 1298 641 1338 hominem
676 1298 977 1337 honestissimae
1014 1298 1179 1336 civitatis
1213 1299 1403 1337 honestis-

65 1367 208 1404 simum
224 1375 303 1404 tam
319 1365 484 1416 graviter
499 1364 757 1404 animadverti
774 1377 892 1403 causa
910 1363 1057 1403 indicta
1074 1376 1154 1402 non
1169 1363 1398 1414 oportuisse.

5 1446 46 1470 20
66 1432 227 1470 Nullam
258 1431 297 1469 in
327 1439 365 1470 te
395 1430 582 1471 invidiam
608 1442 658 1468 ne
687 1442 734 1467 ex
763 1428 836 1467 illis
858 1429 1020 1479 quidem
1042 1429 1157 1467 rebus
1179 1429 1401 1475 concitabo,

64 1510 156 1536 cum
184 1505 286 1537 esset
317 1496 404 1536 talis
434 1498 490 1535 vir
522 1497 562 1534 in
589 1508 754 1542 carcere,
783 1495 823 1533 in
851 1494 1032 1541 tenebris,
1067 1495 1106 1532 in
1141 1495 1332 1544 squalore,
1364 1494 1403 1532 in

65 1563 258 1610 sordibus,
291 1562 503 1613 tyrannicis
540 1561 757 1601 interdictis
794 1562 870 1599 tuis
905 1560 1003 1611 patri
1038 1568 1173 1599 exacta
1205 1568 1333 1599 aetate
1365 1568 1403 1599 et

64 1630 307 1668 adulescenti
348 1629 429 1668 filio
467 1627 641 1668 adeundi
681 1627 731 1666 ad
782 1628 891 1665 illum
939 1625 1125 1664 miserum
1166 1633 1403 1676 potestatem

64 1707 283 1744 numquam
313 1707 398 1734 esse
427 1695 581 1733 factam.
644 1694 775 1731 Etiam
807 1691 904 1730 illud
940 1690 1170 1741 praeteribo,
1205 1692 1403 1740 quotiens—

5 1776 42 1808 ²5
64 1771 236 1809 cumque
267 1761 538 1798 Panhormum
559 1760 710 1799 veneris
746 1758 813 1796 illo
843 1770 949 1795 anno
980 1764 1018 1794 et
1048 1769 1114 1795 sex
1144 1756 1403 1795 mensibus—

63 1838 155 1863 nam
177 1833 257 1864 tarn
278 1825 347 1865 diu
372 1825 444 1864 fuit
465 1825 701 1876 Apollonius
734 1824 773 1864 in
795 1823 1150 1864 carcere—totiens
1168 1831 1206 1861 te
1220 1830 1401 1862 senatum

63 1890 418 1929 Panhormitanum
438 1890 568 1930 adisse
590 1890 822 1941 supplicem,
847 1904 937 1929 cum
968 1887 1258 1939 magistratibus
1280 1900 1401 1925 sacer-

62 1955 302 2006 dotibusque
317 1956 496 2006 publicis,
513 1964 690 1995 orantem
705 1964 824 2006 atque
837 1956 1112 1994 obsecrantem
1128 1964 1169 1992 ut
1185 1953 1401 2003 aliquando

62 2020 126 2059 ille
156 2021 273 2060 miser
301 2029 420 2072 atque
449 2021 640 2060 innocens
677 2020 898 2059 calamitate
932 2020 997 2058 illa
1027 2019 1263 2058 liberaretur.
1326 2019 1400 2057 Re—

5 2098 46 2130 30
63 2086 200 2137 linquo
221 2088 319 2126 haec
340 2085 474 2126 omnia
490 2101 500 2135 3
529 2099 631 2137 quae
651 2085 682 2125 si
703 2085 820 2125 velim
841 2084 1036 2136 persequi,
1057 2083 1169 2123 facile
1190 2083 1399 2122 ostendam

110 2203 147 2230 14
171 2197 270 2223 antea
288 2193 304 2222 δ
324 2192 381 2231 (iv,
405 2194 441 2229 ἐξ
464 2201 535 2229 104,
559 2200 641 2230 132;
666 2201 697 2229 v,
718 2195 733 2229 ξ
756 2191 829 2230 167)
987 2189 1024 2219 18
1048 2188 1310 2219 honestissimae
1331 2187 1393 2228 (ug)

63 2236 125 2267 civ.
139 2235 415 2267 honestissimum
425 2234 503 2266 SD:
519 2234 782 2266 honestissimae
798 2235 861 2275 (-e)
875 2233 1042 2263 maximae
1054 2232 1123 2271 (-e)
1138 2232 1197 2263 civ.
1215 2232 1293 2262 hon.
1309 2230 1373 2261 ΒΨ
1391 2242 1397 2259 :

62 2279 337 2310 honestissimum
365 2279 510 2309 civitatis
539 2278 802 2309 honestissimae
825 2278 880 2317 pb,
905 2276 1052 2307 civitatis
1074 2275 1181 2316 suppl.
1210 2276 1243 2305 in
1272 2274 1331 2305 lac.
1356 2272 1397 2312 p‘2

64 2323 124 2361 (iii,
146 2327 161 2361 ξ
180 2323 244 2363 56;
270 2333 303 2361 v,
323 2325 360 2360 ξς
383 2332 453 2361 117,
478 2324 552 2361 122)
572 2333 578 2351 ;
603 2322 638 2361 qs.
657 2321 789 2359 Am.].
804 2319 864 2351 Ph.
884 2320 974 2358 xxvi,
989 2324 1022 2359 p.
1044 2329 1103 2359 431
1287 2318 1329 2348 26
1353 2318 1395 2348 ad

61 2370 96 2396 te
113 2368 130 2395 δ
263 2368 304 2398 28
329 2366 473 2406 publicis
490 2375 555 2396 ont.
575 2377 596 2395 π
730 2374 771 2404 29
796 2365 983 2402 relinquam
1001 2363 1017 2392 δ

1424 791 1463 814 20

1425 1446 1460 1468 21
