1600 2704
80 98 139 136 60

75 927 134 959 135

82 1797 130 1834 61

69 1856 129 1895 136

166 112 224 143 134
525 96 582 132 Μ.
615 95 782 131 TVLLI
816 92 1121 133 CICERONIS

157 206 293 256 eripiat
329 206 458 257 palam
487 212 607 255 atque
635 205 812 251 auferat3
851 217 942 241 nam
975 201 1259 252 turpitudinem
1291 214 1487 240 summam

157 284 243 310 esse
271 270 506 309 arbitrantur
536 269 664 308 referri
696 268 735 306 in
757 268 909 307 tabulas
930 267 1107 317 publicas
1128 267 1253 316 pretio
1272 266 1485 304 adductam

156 334 366 381 civitatem,
389 342 428 373 et
456 333 580 385 pretio
610 346 740 383 parvo,
772 346 818 371 ea
847 345 948 382 quae
977 329 1192 381 accepisset
1221 343 1244 368 a
1273 329 1486 368 maioribus

157 398 382 438 vendidisse
402 405 521 448 atque
542 397 796 435 abalienasse.
849 396 1007 435 Etenim
1030 395 1253 433 mirandum
1266 394 1307 432 in
1321 395 1484 433 modum

157 464 297 502 Graeci
336 463 451 501 rebus
491 462 584 508 istis,
625 474 722 510 quas
763 474 834 500 nos
883 461 1186 505 contemnimus,
1225 460 1483 498 delectantur.

159 528 298 576 Itaque
320 526 485 564 maiores
507 524 628 563 nostri
649 525 761 564 facile
774 524 1023 575 patiebantur
1043 525 1140 562 haec
1167 536 1252 561 esse
1272 524 1378 574 apud
1399 522 1485 562 illos

157 604 276 640 quam
298 591 486 640 plurima:
517 590 624 639 apud
648 588 788 635 socios,
811 597 852 627 ut
881 589 1045 639 imperio
1073 595 1207 626 nostro
1237 601 1356 638 quam
1377 601 1486 626 orna-

157 654 295 692 tissimi
335 653 679 703 florentissimique
729 660 887 699 essent;
933 653 1040 702 apud
1089 666 1157 691 eos
1204 660 1337 691 autem
1384 666 1485 702 quos

155 718 354 768 vectigalis
389 726 456 757 aut
491 718 764 769 stipendiarios
793 719 964 756 fecerant
1001 725 1133 756 tamen
1169 718 1266 755 haec
1296 719 1486 767 relinque-

157 785 262 831 bant,
298 792 340 822 ut
371 784 436 830 illi,
474 784 617 833 quibus
649 785 746 822 haec
780 784 952 822 iucunda
987 790 1077 821 sunt
1110 795 1212 832 quae
1244 782 1359 821 nobis
1387 784 1486 821 levia

155 848 347 896 videntur,
378 848 568 887 haberent
598 849 695 886 haec
725 848 1016 887 oblectamenta
1046 854 1084 886 et
1113 846 1483 886 solacia-servitutis.

156 913 265 962 Quid
304 912 546 952 arbitramini
586 912 772 962 Reginos,
813 913 880 962 qui
920 913 996 950 iam
1036 911 1140 949 cives
1182 911 1351 949 Romani
1383 920 1485 959 sunt,

156 991 303 1016 merere
324 979 422 1016 velle
444 985 486 1016 ut
505 978 556 1016 ab
577 977 622 1015 iis
650 990 868 1016 marmorea
887 978 1024 1015 Venus
1045 976 1108 1014 illa
1134 977 1362 1014 auferatur?
1390 977 1485 1026 quid

154 1044 402 1090 Tarentinos,
425 1050 466 1080 ut
495 1045 694 1092 Europam
727 1041 765 1079 in
797 1049 908 1080 tauro
927 1041 1120 1089 amittant,
1141 1048 1183 1080 ut
1211 1042 1391 1090 Satyrum
1418 1040 1485 1091 qui

153 1108 259 1157 apud
291 1109 376 1146 illos
408 1108 447 1145 in
477 1108 576 1146 aede
596 1109 741 1145 Vestae
762 1114 831 1153 est,
853 1114 895 1144 ut
922 1107 1078 1145 cetera?
1108 1107 1204 1157 quid
1229 1106 1485 1156 Thespiensis

153 1179 195 1209 ut
217 1171 426 1222 Cupidinis
448 1172 614 1222 signum,
637 1178 794 1221 propter
814 1172 923 1221 quod
944 1185 1067 1209 unum
1083 1171 1261 1209 visuntur
1273 1171 1482 1221 Thespiae,

153 1237 249 1286 quid
290 1236 455 1277 Cnidios
495 1244 536 1275 ut
576 1238 771 1275 Venerem
811 1249 1080 1282 marmoream,
1123 1235 1219 1286 quid
1258 1243 1300 1274 ut
1339 1235 1483 1285 pictam

153 1302 272 1347 Coos,
307 1301 403 1351 quid
440 1300 633 1351 Ephesios
668 1308 710 1338 ut
744 1301 1024 1347 Alexandrum,
1060 1299 1156 1350 quid
1191 1300 1407 1350 Cyzicenos
1443 1307 1483 1338 ut

151 1366 315 1404 Aiacem
336 1373 403 1404 aut
426 1367 625 1411 Medeam,
648 1364 743 1415 quid
768 1364 948 1403 Rhodios
977 1372 1018 1402 ut
1040 1366 1224 1414 Ialysum,
1247 1363 1342 1414 quid
1364 1365 1484 1402 Athe-

152 1430 297 1469 niensis
328 1438 370 1468 ut
399 1443 445 1468 ex
476 1443 667 1469 marmore
704 1430 893 1468 Iacchum
927 1437 994 1467 aut
1026 1430 1206 1468 Paralum
1235 1428 1383 1479 pictum
1415 1436 1482 1466 aut

151 1510 197 1534 ex
217 1508 306 1534 aere
329 1495 506 1545 Myronis
527 1496 712 1534 buculam
729 1496 746 1532 Ρ
787 1496 969 1544 Longum
991 1502 1048 1533 est
1069 1501 1107 1532 et
1123 1507 1204 1532 non
1218 1493 1482 1533 necessarium

150 1573 462 1599 commemorare
483 1573 583 1610 quae
609 1560 716 1610 apud
737 1572 917 1609 quosque
936 1558 1098 1597 visenda
1118 1566 1208 1596 sunt
1229 1565 1310 1597 tota
1330 1557 1425 1595 Asia
1445 1565 1483 1595 et

151 1625 316 1663 Graecia
335 1640 344 1672 3
373 1638 507 1664 verum
529 1624 625 1663 illud
646 1632 704 1663 est
724 1637 844 1674 quam
865 1623 918 1662 ob
939 1637 1020 1661 rem
1042 1624 1138 1662 haec
1160 1636 1480 1669 commemorem,

149 1691 258 1739 quod
293 1689 512 1728 existimare
544 1702 612 1727 vos
647 1690 723 1727 hoc
754 1690 856 1735 volo,
890 1688 1030 1726 mirum
1065 1690 1264 1738 quendam
1303 1690 1481 1727 dolorem

148 1754 326 1804 accipere
347 1767 414 1793 eos
435 1767 481 1792 ex
501 1767 669 1804 quorum
690 1753 852 1792 urbibus
874 1755 970 1792 haec
990 1755 1222 1793 auferantur.

206 1821 338 1869 Atque
368 1826 410 1857 ut
444 1827 594 1858 ceteros
630 1819 870 1866 omittamus,
904 1821 954 1858 de
994 1819 1086 1869 ipsis
1126 1820 1377 1870 Syracusanis
1418 1833 1479 1858 co-

149 1884 336 1934 gnoscite.
398 1885 462 1922 Ad
492 1897 591 1934 quos
619 1897 692 1934 ego
717 1898 808 1922 cum
840 1884 1046 1932 venissem,
1075 1884 1130 1923 sic
1157 1885 1326 1935 primum
1355 1885 1480 1924 existi-

151 1949 319 1995 mabam,
357 1957 399 1987 ut
434 1951 585 1988 Romae
618 1963 663 1987 ex
697 1949 806 1988 istius
839 1949 974 1988 amicis
1006 1962 1245 2000 acceperam,
1283 1950 1479 1989 civitatem

194 2062 212 2081 2
239 2051 390 2091 publicas
425 2063 489 2083 om.
521 2052 584 2084 SD
609 2053 652 2084 al.
685 2052 781 2093 (63λῖ
920 2054 1095 2084 adductam
1119 2077 1126 2084 .
1147 2077 1154 2084 .
1174 2078 1181 2085 .
1205 2054 1315 2093 pretio
1342 2065 1408 2085 om.
1442 2066 1480 2085 ex

149 2095 400 2125 homoeoteleuto
424 2108 445 2125 π
468 2095 510 2127 al.
539 2096 639 2135 (Am.
660 2097 697 2134 J.
724 2096 785 2126 Ph.
814 2097 905 2130 xxvi,
928 2102 962 2137 p.
990 2099 1071 2136 431)
1219 2108 1238 2135 4
1265 2098 1398 2128 Etenim
1419 2122 1425 2129 .
1444 2123 1451 2130 .
1468 2122 1475 2129 .

151 2137 362 2169 delectantur
379 2139 448 2170 secl.
463 2139 777 2171 Rz'clztcr-Ebmhard
907 2150 926 2179 5
952 2150 1012 2171 nos
1030 2151 1095 2171 om.
1113 2140 1177 2171 RS
1268 2152 1305 2178 14
1331 2142 1364 2171 in
1382 2147 1478 2172 tauro

150 2181 326 2212 sedentem
340 2183 384 2221 ρδ
402 2187 447 2222 (v,
467 2187 481 2220 ξ
501 2183 557 2222 27)
728 2185 766 2214 16
791 2189 930 2223 propter
949 2209 953 2214 .
972 2208 979 2215 .
1000 2207 1006 2214 .
1024 2183 1192 2223 Thespiae
1208 2183 1266 2214 del.
1286 2184 1375 2215 Bake
1393 2188 1426 2225 (ξ
1445 2196 1475 2223 4.

150 2225 266 2263 snpra*
397 2237 439 2256 ρο
465 2227 585 2266 pictam
603 2226 752 2257 Bursian
886 2237 927 2257 22
951 2232 1029 2258 sunt
1045 2226 1147 2266 §pr
1163 2239 1169 2258 :
1194 2228 1260 2258 sint
1279 2228 1311 2258 R
1436 2237 1477 2266 23

150 2267 215 2296 hoc
234 2267 296 2296 RS
428 2280 468 2307 24
494 2280 551 2300 vos
578 2270 640 2300 hoc
668 2269 743 2301 volo
762 2275 808 2311 p:
843 2279 903 2302 vos
928 2280 992 2301 om.
1015 2269 1078 2300 RS
1094 2270 1161 2300 ab:
1197 2271 1258 2301 hoc
1284 2280 1343 2301 vos
1365 2271 1441 2302 volo
1461 2273 1478 2301 δ

149 2319 189 2347 27
216 2311 321 2348 primo
336 2313 377 2349 ῥδ

1508 797 1546 819 10

1507 1118 1542 1151 15

1500 1769 1600 1801 255
