1600 2704
1456 64 1465 69 ⁷.
1490 79 1506 97 ἐς
1527 73 1541 104 ..⁷

86 124 353 165 ACTIONIS
376 124 436 162 IN
458 124 501 163 C.
525 124 767 161 VERREM
789 124 1087 163 SECVNDAE
1109 125 1212 163 LIB.
1237 126 1303 163 ΙΙΙ
1356 135 1413 172 40
1434 140 1475 171 93

86 239 188 276 dare.
248 236 472 275 Venerione
503 247 614 274 servo
639 242 677 274 te
706 242 884 286 praetore
905 234 991 273 talis
1012 235 1078 282 vir,
1101 244 1258 274 senator
1278 236 1414 286 populi

88 301 270 348 Romani,
293 300 473 351 quaestui
493 299 597 338 fuit?

141 367 262 404 Hunc
292 366 471 404 ordinem
502 365 533 404 si
563 365 755 416 dignitate
784 366 1018 404 antecellere
1047 378 1129 404 non
1150 364 1411 412 existimabas,
1435 357 1481 393 4¹

87 444 136 469 ne
171 431 248 469 hoc
282 430 445 480 quidem
480 430 644 478 sciebas,
681 429 885 468 iudicare?
944 432 1073 468 Antea
1104 443 1195 468 cum
1235 438 1416 480 equester
1436 416 1480 448 94

42 510 64 543 5
88 496 186 534 ordo
206 494 406 542 iudicaret,
429 495 599 545 improbi
620 502 659 533 et
683 508 845 545 rapaces
874 495 1122 545 magistratus
1143 495 1182 533 in
1203 494 1416 545 provinciis

86 560 350 600 inserviebant
369 560 591 611 publicanis
608 573 619 609 3
648 561 845 599 ornabant
867 573 936 599 eos
964 560 1031 610 qui
1062 561 1101 599 in
1131 560 1259 611 operis
1280 567 1389 599 erant
1406 574 1418 608 ,-

86 638 380 675 quemcumque
419 625 594 675 equitem
634 626 864 664 Romanum
906 625 946 663 in
986 625 1187 675 provincia
1226 624 1414 672 viderant,

86 690 288 729 beneficiis
327 702 373 728 ac
412 689 644 729 liberalitate
683 690 1053 740 prosequebantur,-
1093 703 1224 740 neque
1263 698 1415 728 tantum

86 755 150 794 illa
184 768 243 794 res
279 754 516 793 nocentibus
550 756 735 805 proderat
770 762 964 805 quantum
988 755 1117 793 obfuit
1152 754 1295 802 multis,
1325 767 1416 793 cum

29 837 68 861 10
85 820 234 870 aliquid
262 827 399 858 contra
426 819 634 858 utilitatem
666 819 750 858 eius
781 819 930 858 ordinis
960 821 1284 869 voluntatemque
1308 819 1418 858 fecis-

86 893 182 924 sent.
244 884 505 923 Retinebatur
533 886 610 923 hoc
639 893 724 923 tum
754 884 889 924 nescio
918 897 999 935 quo
1028 886 1151 924 modo
1181 884 1291 935 quasi
1311 898 1417 923 com-

87 950 196 988 muni
235 949 401 989 consilio
432 950 483 988 ab
516 949 591 988 illis
623 949 840 1000 diligenter,
875 957 931 997 ut,
971 949 1038 999 qui
1077 963 1201 988 unum
1238 950 1415 999 equitem

88 1017 316 1054 Romanurn
338 1014 578 1054 contumelia
598 1014 762 1065 dignum
783 1022 970 1065 putasset,
993 1015 1043 1053 ab
1074 1016 1256 1053 universo
1277 1014 1416 1053 ordine

88 1082 192 1118 malo
227 1080 368 1130 dignus
401 1079 669 1119 iudicaretur:
700 1087 742 1117 tu
774 1079 828 1117 sic
862 1079 1043 1118 ordinem
1078 1078 1317 1117 senatorium
1353 1080 1417 1117 de·
1436 1091 1476 1125 95

28 1161 67 1194 15
88 1144 257 1195 spexisti‚
281 1144 336 1183 sic
356 1145 407 1183 ad
428 1143 586 1182 iniurias
614 1143 878 1194 libidinesque
906 1151 991 1182 tuas
1021 1143 1156 1182 omnia
1177 1144 1415 1194 coaequasti,

87 1209 142 1248 sic
173 1208 346 1247 habuisti
381 1216 570 1247 statutum
605 1222 695 1247 cum
728 1208 863 1248 animo
895 1221 941 1247 ac
977 1208 1250 1256 deliberatum,
1288 1208 1417 1247 omnis

84 1274 152 1325 qui
178 1274 399 1313 habitarent
420 1274 459 1312 in
490 1273 631 1322 Sicilia,
660 1282 727 1313 aut
757 1274 824 1324 qui
856 1273 1027 1312 Siciliam
1059 1282 1097 1313 te
1128 1282 1306 1325 praetore
1335 1274 1419 1312 atti-

82 1340 242 1390 gissent,
279 1339 430 1378 iudices
466 1338 610 1378 reicere
645 1347 686 1378 ut
719 1339 816 1378 illud
849 1352 929 1378 non
966 1339 1156 1389 cogitares
1191 1348 1335 1386 tamen,
1367 1341 1418 1379 ad

85 1405 264 1444 eiusdem
304 1404 452 1443 ordinis
492 1404 674 1444 homines
707 1413 745 1443 te
785 1405 936 1444 iudices
975 1418 1060 1444 esse
1100 1406 1341 1444 venturum?
1380 1405 1419 1443 in

27 1488 68 1510 20
86 1470 230 1520 quibus
261 1469 291 1508 si
322 1483 368 1508 ex
398 1469 572 1520 ipsorum
603 1470 825 1509 domestico
858 1470 1118 1509 incommodo
1149 1472 1279 1508 nullus
1307 1471 1421 1510 dolor

86 1535 283 1582 insideret,
307 1543 441 1574 tamen
466 1544 568 1574 esset
596 1535 661 1574 illa
687 1535 884 1586 cogitatio,
913 1535 953 1574 in
984 1535 1142 1573 alterius
1175 1535 1314 1574 iniuria
1335 1549 1420 1574 sese

85 1601 294 1651 despectos
322 1599 635 1650 dignitatemque
667 1600 816 1639 ordinis
844 1607 1115 1650 contemptam
1145 1608 1183 1638 et
1211 1600 1417 1639 abiectam.

85 1666 208 1715 Quod
239 1666 477 1713 mehercule,
509 1665 670 1712 iudices,
697 1665 793 1703 mihi
824 1678 905 1703 non
939 1664 1189 1704 mediocriter
1213 1666 1420 1704 ferendum

85 1731 262 1779 videtur;
292 1731 412 1769 habet
441 1731 547 1770 enirn
579 1732 779 1781 quendam
810 1732 992 1769 aculeum
1025 1729 1276 1776 contumelia,
1299 1743 1420 1780 quern

24 1810 66 1842 25
86 1796 165 1846 pati
198 1797 392 1846 pudentes
427 1809 472 1835 ac
497 1796 566 1834 viri
599 1796 694 1835 boni
730 1795 959 1835 difficillime
997 1803 1173 1845 possunt.
1237 1794 1419 1844 Spoliasti
1439 1799 1482 1841 96

88 1863 268 1911 Siculosg
301 1865 429 1903 solent
461 1865 566 1903 enim
603 1864 701 1903 muti
735 1878 819 1904 esse
852 1864 891 1902 in
928 1862 1077 1901 iniuriis
1111 1861 1201 1901 suis.
1260 1861 1421 1900 Vexasti

86 1928 347 1979 negotiatores
363 1944 372 1977 3
394 1930 504 1968 inviti
517 1930 622 1969 enim
638 1932 810 1969 Romam
830 1942 996 1979 raroque
1011 1929 1223 1967 decedunt.
1257 1927 1421 1976 Equites

87 1996 292 2033 Romanos
314 1995 365 2032 ad
378 1994 530 2044 Aproni
551 1995 709 2034 iniurias
732 1994 875 2034 dedisti
891 2009 901 2043 3
932 1994 1028 2045 quid
1052 1993 1157 2032 enim
1180 1992 1258 2030 iam
1279 2004 1422 2030 nocere

86 2067 250 2110 possunt
272 2059 415 2109 quibus
446 2073 526 2098 non
557 2060 647 2099 licet
677 2060 880 2100 iudicare?
938 2060 1077 2110 Quid?
1110 2071 1199 2097 curn
1223 2064 1422 2095 senatores

25 2141 67 2172 30
86 2124 250 2163 summis
271 2124 420 2163 iniuriis
437 2125 588 2174 adficis,
604 2125 700 2176 quid
716 2126 823 2166 aliud
841 2125 938 2166 dicis
960 2125 1033 2164 nisi
1056 2126 1143 2172 hoc,
1173 2123 1309 2162 ‘Cedo
1325 2121 1423 2159 mihi

130 2236 150 2263 6
174 2234 229 2273 qui
247 2232 319 2264 cO:
343 2232 535 2271 quicunque
554 2231 619 2263 wll.
816 2242 853 2271 15
877 2232 1061 2264 libidines·
1054 2233 1258 2274 iniuriasque
1280 2233 1310 2265 O
1331 2235 1363 2272 (ξ
1381 2236 1423 2273 63

87 2279 204 2316 supra)
353 2285 389 2314 17
416 2276 606 2307 habitarent
622 2280 646 2315 p
663 2275 758 2306 rell*
783 2276 947 2307 haberent
966 2276 1014 2308 cO
1033 2277 1133 2317 (sort.
1157 2283 1323 2318 agerent.
1347 2278 1379 2310 ii.
1400 2278 1420 2316 i,

89 2321 106 2356 ὁ
143 2319 219 2359 149)
387 2320 424 2350 18
449 2319 619 2358 cogitares
650 2324 776 2359 tamen,
810 2319 948 2351 Mucll:
990 2321 1168 2361 cogitares,
1204 2326 1318 2353 tamen
1351 2321 1421 2353 edd.

89 2363 239 2400 (tandem
251 2363 277 2403 3)
397 2372 435 2392 21
462 2373 499 2393 se
520 2361 550 2393 O
685 2364 727 2392 26
751 2363 828 2393 muti
849 2363 901 2394 O:
926 2363 1059 2404 multip
1076 2364 1142 2396 rell.
1238 2366 1272 2396 in
1291 2365 1423 2396 iniuriis

87 2406 157 2436 suis
176 2405 223 2438 cO
239 2417 244 2436 :
270 2405 402 2436 iniuriis
420 2406 503 2447 (sine
520 2406 569 2447 in)
589 2406 657 2437 suis
673 2416 795 2445 graves
812 2407 879 2438 rell.
1016 2417 1059 2447 29
1083 2409 1138 2448 qui
1155 2418 1229 2440 cum
1250 2408 1280 2441 O

1274 2453 1334 2482 16*
