1600 2704
85 112 139 149 44
159 108 200 148 98
521 101 579 137 M.
610 100 780 137 TVLLI
811 98 1115 138 CICERONIS

157 211 264 257 rieul,
289 213 359 250 sed
378 212 430 250 ad
452 219 636 250 ornatum
660 211 841 249 fanorum
868 218 987 260 atque
1008 209 1245 259 oppidorum
1266 222 1351 249 esse
1372 212 1486 256 facta,

155 281 222 317 *tut
244 277 408 328 posteris
430 276 572 315 nostris
593 282 852 314 monumenta
873 274 1052 325 religiosa
1071 287 1156 313 esse
1177 274 1418 315 videantur†.

80 319 135 414 ἒξ
209 343 356 381 Audite
377 341 495 381 etiam
524 341 759 391 singularem
780 339 878 387 eius,
898 338 1057 385 iudices,
1078 338 1350 388 cupiditatem,
1369 339 1488 377 auda-

153 407 266 453 ciam,
289 406 515 453 amentiam,
532 405 571 443 in
592 405 638 443 iis
658 404 885 455 praesertim
906 403 1022 442 sacris
1043 403 1267 453 polluendis
1284 417 1384 453 quae
1405 417 1486 442 non

155 473 276 510 modo
297 471 479 509 manibus
499 469 649 519 attingi,
672 470 743 508 sed
764 483 813 508 ne
833 468 1071 519 cogitatione
1092 468 1253 518 quidem
1273 468 1408 507 violari
1429 470 1485 507 fas
1509 484 1526 513 5

154 535 236 574 fuit.
297 534 516 574 Sacrarium
550 533 702 573 Cereris
732 540 790 571 est
825 533 932 583 apud
968 531 1192 572 Catinensis
1224 533 1365 570 eadem
1403 532 1486 570 reli-

152 600 269 651 gione
298 613 376 649 qua
407 600 572 644 Romae,
605 611 683 647 qua
710 596 750 634 in
778 596 916 635 ceteris
940 596 1047 643 locis,
1071 610 1148 646 qua
1178 609 1300 647 prope
1330 596 1369 634 in
1400 604 1484 635 toto

151 666 247 703 orbe
277 672 474 702 terrarum.
536 664 585 701 In
615 675 664 701 eo
693 661 860 700 sacrario
881 660 1021 699 intimo
1047 660 1201 711 signum
1231 660 1301 699 fuit
1332 661 1484 700 Cereris

151 729 439 779 perantiquum,
463 729 572 778 quod
593 726 663 765 viri
693 740 773 764 non
798 727 920 765 modo
947 725 1057 763 cuius
1078 725 1186 763 modi
1207 733 1309 764 esset
1338 727 1408 764 sed
1436 739 1485 763 ne

151 807 235 833 esse
257 793 419 844 quidem
441 792 643 839 sciebant3
672 790 803 830 aditus
824 790 931 829 enim
956 789 995 828 in
1023 790 1062 829 id
1090 789 1300 828 sacrarium
1324 804 1406 828 non
1426 798 1484 828 est
1511 805 1547 826 10

151 858 239 896 viris
255 873 264 905 3
295 871 403 896 sacra
432 870 500 907 per
530 856 712 894 mulieres
741 869 787 894 ac
818 855 985 905 virgines
1019 854 1163 894 confici
1192 856 1329 893 solent.
1391 857 1484 894 Hoc

151 923 306 973 signum
336 930 457 960 noctu
488 923 589 960 clam
617 920 727 959 istius
755 919 854 959 servi
881 933 928 958 ex
954 919 1021 958 illo
1045 919 1336 970 religiosissimo
1365 927 1483 969 atque

149 988 424 1038 antiquissimo
446 988 535 1026 1060
556 987 806 1024 sustulerunt.
866 984 1060 1023 Postridie
1087 985 1309 1023 sacerdotes
1331 984 1483 1023 Cereris

148 1061 268 1104 atque
288 1053 390 1091 illius
411 1052 491 1090 fani
512 1051 725 1098 antistitae,
741 1050 908 1089 maiores
929 1057 1034 1095 natu,
1053 1050 1241 1099 probatae
1261 1063 1307 1088 ac
1328 1050 1482 1088 nobiles

150 1118 341 1163 mulieres,
384 1131 465 1156 rem
505 1117 556 1154 ad
596 1115 842 1165 magistratus
882 1127 974 1153 suos
1013 1115 1204 1154 deferunt.
1283 1114 1481 1153 Omnibus
1506 1129 1542 1160 ¹5

68 1196 128 1219 100
148 1184 346 1230 acerbum,
383 1182 600 1232 indignum,
637 1182 862 1219 luctuosum
897 1179 1070 1228 denique
1100 1179 1316 1218 videbatur.
1376 1181 1481 1218 Tum

149 1247 223 1286 iste
251 1255 450 1297 permotus
482 1246 545 1283 illa
574 1245 777 1284 atrocitate
807 1244 951 1294 negoti,
972 1252 1013 1282 ut
1043 1243 1094 1282 ab
1123 1256 1164 1282 se
1194 1243 1349 1282 sceleris
1380 1244 1481 1282 illius

148 1311 320 1361 suspicio
350 1312 635 1357 demoveretur,
658 1311 725 1348 dat
754 1309 900 1359 hospiti
927 1322 998 1347 suo
1023 1308 1181 1347 cuidam
1211 1309 1413 1359 negotium
1439 1318 1480 1348 ut

145 1376 318 1425 aliquem
349 1375 531 1426 reperiret
561 1387 680 1424 quem
710 1374 807 1413 illud
837 1373 975 1412 fecisse
1005 1373 1258 1420 insimularet,
1290 1375 1480 1424 daretque

145 1453 304 1489 operam
346 1447 389 1477 ut
425 1439 456 1477 is
496 1452 544 1477 eo
582 1437 745 1476 crimine
784 1439 1046 1484 damnaretur,
1082 1451 1133 1476 ne
1171 1437 1255 1488 ipse
1298 1446 1400 1477 esset
1438 1438 1478 1477 in
1501 1454 1541 1475 20

144 1504 318 1542 crimine.
379 1504 459 1542 Res
487 1516 568 1541 non
598 1501 912 1552 procrastinatur.
973 1503 1077 1540 Nam
1109 1516 1201 1540 cum
1232 1502 1304 1541 iste
1337 1503 1478 1542 Catina

144 1570 342 1618 profectus
372 1577 485 1614 esset,
518 1567 616 1606 servi
646 1567 852 1606 cuiusdam
883 1581 1030 1606 nomen
1061 1568 1258 1615 defertur3
1301 1567 1332 1605 is
1366 1581 1477 1606 accu‹

144 1641 258 1679 satur,
296 1634 376 1672 ficti
408 1641 526 1672 testes
558 1632 598 1670 in
633 1646 723 1671 eum
759 1633 911 1670 dantur.
986 1633 1089 1670 Rem
1120 1640 1286 1670 cunctus
1319 1641 1476 1671 senatus

144 1698 418 1736 Catinensium
451 1697 602 1747 legibus
637 1695 848 1734 iudicabat.
909 1697 1142 1734 Sacerdotes
1172 1704 1386 1744 vocantur;
1430 1710 1477 1736 ex

142 1760 187 1799 iis
209 1762 407 1811 quaeritur
436 1769 586 1800 secreto
607 1760 647 1798 in
668 1760 774 1799 curia
795 1759 891 1810 quid
912 1772 996 1798 esse
1018 1761 1164 1798 factum
1184 1759 1472 1808 arbitrarentur,
1497 1777 1537 1808 25
1566 1751 1567 1754 Ἰ
1596 1793 1600 1813 3

142 1838 261 1875 quem
290 1826 341 1864 ad
372 1827 535 1864 modum
558 1825 712 1875 signum
733 1833 836 1864 esset
856 1824 1043 1862 ablatum.
1104 1826 1366 1875 Respondent
1386 1825 1474 1864 illae

142 1890 329 1939 praetoris
351 1890 389 1928 in
411 1904 459 1929 eo
479 1892 568 1929 loco
589 1903 721 1929 servos
747 1903 833 1929 esse
853 1889 967 1928 visos.
1029 1891 1121 1936 Res,
1145 1903 1246 1940 quae
1273 1898 1375 1929 esset
1395 1890 1472 1928 iam

139 1962 255 1992 antea
285 1968 365 1993 non
395 1955 573 2001 obscura,
607 1956 857 1993 sacerdotum
889 1953 1115 1992 testimonio
1147 1955 1352 2005 perspicua
1387 1968 1472 1994 esse

140 2018 280 2068 coepit.
343 2020 426 2058 Itur
455 2019 495 2057 in
525 2018 762 2066 consilium3
801 2032 933 2057 servus
964 2018 1028 2057 ille
1060 2018 1250 2058 innocens
1285 2020 1470 2058 omnibus

140 2082 342 2121 sententiis
398 2083 763 2133 absolvitur,—quo
810 2082 959 2121 facilius
1006 2096 1075 2121 vos
1123 2084 1229 2122 hunc
1286 2084 1470 2123 omnibus
1492 2102 1531 2133 30

183 2195 201 2213 2
228 2190 261 2215 ut
280 2187 423 2223 posteris
443 2210 450 2217 .
471 2210 478 2217 .
500 2210 507 2217 .
527 2186 707 2217 videantur
723 2185 781 2217 del.
797 2186 910 2216 Eberh.
931 2185 1017 2217 edd.:
1033 2186 1226 2227 fiet-ipotest
1243 2190 1279 2217 ut
1288 2192 1367 2227 post
1383 2188 1468 2218 facta

140 2237 204 2257 mm
221 2229 314 2258 nulla
326 2231 419 2260 verba
433 2230 612 2268 accidet-snt,
627 2240 650 2260 c.
660 2241 695 2270 g.
710 2240 767 2260 vos
769 2229 870 2268 facire
883 2234 920 2260 nt
933 2230 974 2269 (s.
985 2240 1041 2260 vos
1053 2241 1154 2260 severe
1168 2230 1363 2261 vindicando
1369 2231 1470 2270 factlc·

140 2274 191 2304 ul)
210 2294 216 2300 .
238 2294 244 2300 .
265 2295 271 2300 .
291 2272 466 2303 videantur
480 2273 647 2313 (Madvzg)
775 2284 794 2309 4
819 2273 858 2302 iis
877 2272 995 2303 Lamb.
1015 2272 1084 2303 edd.
1105 2284 1110 2302 z
1138 2274 1188 2303 his
1204 2273 1291 2304 codd.
1431 2285 1466 2312 14

138 2314 310 2344 antistitae
334 2320 356 2353 p
386 2315 526 2346 Gellius:
560 2317 711 2346 antistite
735 2314 861 2346 DHZ:
898 2315 1090 2346 antististite
1118 2316 1166 2346 S:
1204 2317 1383 2348 antistatae
1413 2317 1466 2347 R:

138 2357 305 2388 antistites
318 2359 333 2387 ὃ
427 2369 461 2396 17
487 2359 563 2399 iste]
581 2358 635 2389 ille
652 2370 672 2388 π
761 2364 932 2397 permotus
946 2382 953 2389 .
977 2383 983 2389 .
1004 2383 1010 2390 .
1029 2359 1141 2398 negoti
1161 2359 1218 2390 del.
1235 2360 1366 2394 Ebcrlt„
1381 2359 1470 2389 Nohl
