1600 2704
46 98 90 134 14
112 104 151 136 35
483 87 538 124 M.
571 86 740 124 TVLLI
772 83 1080 125 CICERONIS

109 200 227 248 davit,
260 199 315 238 sic
347 212 415 238 eos
451 198 586 249 accepi
621 205 663 236 ut
698 210 761 236 me
791 195 970 234 omniurn
1003 194 1223 234 officiorum
1252 192 1443 243 obstringi

108 265 295 316 religione
320 264 524 303 arbitrarer
544 266 550 301 l
610 263 671 301 Ita
693 268 877 312 quaestor
897 273 985 299 sum
1006 261 1132 298 factus
1152 267 1195 297 ut
1215 258 1312 297 mihi
1333 258 1443 297 illurn

109 331 301 369 honorem
320 337 402 367 turn
419 341 498 368 non
517 330 645 366 solum
667 328 816 374 datum,
836 327 905 365 sed
926 325 1044 365 etiam
1066 324 1259 363 creditum
1281 331 1319 362 et
1339 337 1444 362 com-

109 395 272 434 missum
294 402 471 444 putarem
491 408 500 441 3
531 393 584 431 sic
599 392 754 431 obtinui
776 399 1029 442 quaesturam
1042 390 1083 429 in
1099 389 1229 429 Sicilia
1245 387 1446 440 provincia

110 467 152 499 ut
181 459 359 498 omnium
378 460 514 497 oculos
536 457 575 495 in
598 471 660 496 me
681 470 805 496 unum
828 456 1029 495 coniectos
1056 469 1141 495 esse
1165 454 1380 501 arbitrarer,
1402 460 1445 492 ut
1465 463 1482 494 5

110 538 174 563 me
207 531 539 574 quaesturamque
579 535 707 561 meam
738 521 851 572 quasi
880 521 920 559 in
950 521 1084 572 aliquo
1113 528 1300 559 terrarum
1339 519 1445 558 orbis

109 590 262 627 theatro
283 587 424 626 versari
446 586 720 634 existimarem,
743 594 785 625 ut
813 599 968 637 semper
989 585 1123 625 omnia
1143 598 1244 636 quae
1273 585 1446 623 iucunda

108 653 291 692 videntur
305 665 401 699 esse,
423 664 468 690 ea
489 664 569 690 non
591 653 713 690 modo
733 651 795 689 his
815 650 1129 690 extraordinariis
1150 649 1444 700 cupiditatibus,

47 725 88 764 36
109 719 179 757 sed
200 718 316 756 etiam
339 717 412 768 ipsi
434 725 597 756 naturae
611 729 657 755 ac
679 716 903 755 necessitati
919 717 1168 766 denegarem.
1216 716 1335 753 Nunc
1358 728 1443 753 sum

108 783 334 834 designatus
355 782 492 821 aedilis
511 797 520 830 3
550 783 680 821 habeo
702 782 894 821 rationem
915 781 1013 832 quid
1032 794 1055 819 a
1082 782 1231 831 populo
1259 782 1445 819 Romano
1467 794 1506 817 10
1590 799 1597 819 ο

107 848 356 898 acceperim,
387 847 483 886 mihi
513 848 628 886 ludos
659 846 925 885 sanctissimos
956 845 1126 884 maxima
1159 858 1250 883 cum
1282 858 1374 883 cura
1408 853 1446 884 et
1550 834 1556 844 ¹*

109 913 347 952 caerimonia
398 913 541 960 Cereri,
593 912 748 959 Libero,
798 911 1044 962 Liberaeque
1091 910 1309 957 faciundos‚
1349 909 1446 948 mihi

109 981 265 1018 Floram
296 986 462 1017 matrem
492 979 641 1028 populo
675 976 863 1027 plebique
898 978 1106 1016 Romanae
1135 976 1319 1015 ludorum
1349 976 1447 1013 cele-

109 1045 249 1083 britate
287 1044 535 1094 placandam,
576 1042 672 1080 mihi
720 1044 836 1081 ludos
878 1040 1185 1091 antiquissimos,
1224 1039 1292 1090 qui
1331 1039 1445 1090 primi

110 1109 283 1149 Romani
313 1107 499 1159 appellati
530 1114 631 1154 sunt,
655 1120 744 1145 cum
776 1106 967 1156 dignitate
996 1105 1167 1144 maxima
1195 1111 1234 1144 et
1259 1103 1445 1154 religione
1467 1115 1504 1148 15

111 1175 209 1223 Iovi,
242 1173 400 1220 Iunoni,
432 1172 717 1222 Minervaeque
749 1185 834 1211 esse
865 1170 1084 1218 faciundos,
1119 1170 1217 1209 mihi
1249 1182 1444 1209 sacrarum

90 1232 268 1278 'aedium
314 1236 643 1288 procurationem,
675 1235 772 1274 mihi
803 1243 926 1274 totam
959 1236 1099 1274 urbem
1137 1236 1328 1274 tuendam
1361 1247 1446 1272 esse

107 1303 360 1343 commissam
376 1317 387 1349 ς
425 1302 478 1340 ob
510 1314 643 1339 earum
682 1313 810 1339 rerum
853 1301 1027 1338 laborem
1061 1306 1100 1338 et
1138 1298 1445 1338 sollicitudinem

107 1370 254 1407 fructus
272 1366 358 1405 illos
373 1367 497 1412 datos,
522 1364 785 1415 antiquiorem
803 1364 843 1402 in
865 1371 1002 1402 senatu
1019 1363 1237 1402 sententiae
1251 1363 1446 1402 dicendae

106 1435 250 1479 locum,
274 1439 406 1482 togam
437 1437 689 1480 praetextam,
720 1430 855 1467 sellam
886 1430 1073 1475 curulem,
1096 1428 1156 1466 ius
1186 1426 1366 1477 imaginis
1395 1428 1446 1466 ad
1468 1439 1508 1462 20
1550 1474 1554 1482 Ι
1592 1452 1598 1463 μ

46 1511 85 1545 37
108 1496 340 1536 memoriam
357 1494 712 1546 posteritatemque
728 1495 968 1544 prodendae.
1021 1494 1080 1532 Ex
1094 1492 1154 1531 his
1171 1506 1244 1542 ego
1260 1492 1446 1531 omnibus

108 1563 235 1609 rebus,
273 1559 547 1607 iudices‚—-ita
588 1558 684 1596 mihi
723 1558 853 1597 omnis
892 1559 989 1598 deos
1028 1557 1218 1608 propitios
1262 1557 1448 1605 velim,—

108 1626 261 1666 etiamsi
293 1625 389 1664 mihi
419 1623 726 1663 iucundissimus
749 1630 807 1662 est
827 1625 956 1662 honos
975 1622 1124 1673 populi,
1148 1630 1281 1661 tamen
1302 1635 1446 1672 nequa-

107 1704 227 1741 quam
256 1690 370 1740 capio
395 1697 548 1728 tanturn
577 1688 788 1738 voluptatis
816 1694 1009 1738 quantum
1038 1694 1076 1726 et
1103 1686 1379 1725 sollicitudinis
1408 1693 1446 1725 et

107 1755 264 1802 laboris,
286 1762 328 1793 ut
350 1756 446 1793 haec
468 1754 552 1804 ipsa
572 1753 763 1801 aedilitas,
785 1766 865 1791 non
886 1752 979 1803 quia
998 1765 1161 1791 necesse
1181 1751 1307 1799 fuerit,
1328 1751 1445 1790 alicui
1466 1765 1506 1798 25
1548 1771 1549 1775 =

109 1820 323 1859 candidato
355 1820 458 1867 data,
481 1820 562 1866 sed,
585 1818 677 1868 quia
698 1818 752 1857 sic
780 1817 1008 1869 oportuerit,
1038 1824 1142 1856 recte
1171 1819 1378 1856 conlocata
1408 1824 1446 1856 et

110 1884 257 1923 iudicio
278 1884 414 1935 populi
435 1884 474 1921 in
496 1885 585 1922 loco
605 1896 690 1922 esse
711 1883 839 1933 posita
859 1882 1048 1922 videatur.

47 1933 90 2020 ἒξ
164 1951 227 1988 Tu
253 1962 345 1988 cum
369 1962 473 1988 esses
501 1956 657 1999 praetor
677 1947 923 1987 renuntiatus
953 1960 1118 1999 quoquo
1138 1947 1446 1995 m0d0,-mitto

49 2014 59 2022 ²
109 2016 215 2053 enirn
255 2022 292 2053 et
324 2022 525 2065 praetereo
558 2014 654 2064 quid
693 2022 777 2052 tum
817 2013 865 2052 sit
904 2014 1178 2061 actum,—sed
1217 2026 1307 2051 cum
1341 2025 1445 2051 esses

108 2080 363 2127 renuntiatus,
390 2087 433 2118 ut
463 2078 553 2126 dixi,
585 2092 666 2118 non
701 2078 785 2129 ipsa
812 2078 1017 2129 praeconis
1045 2091 1143 2116 voce
1172 2077 1361 2116 excitatus
1392 2090 1444 2124 es,
1467 2088 1507 2120 30
1548 2126 1552 2133 1

109 2146 176 2196 qui
206 2154 243 2185 te
277 2145 421 2185 totiens
452 2144 651 2184 seniorum
682 2143 961 2195 iuniorumque
991 2141 1177 2182 centuriis
1207 2142 1274 2181 illo
1294 2143 1446 2181 honore
1549 2134 1550 2137 ¹

154 2259 172 2278 2
197 2249 340 2279 arbitrer
358 2247 420 2279 RS
577 2257 596 2287 5
623 2257 723 2278 unum
741 2246 816 2288 Rp:
843 2257 906 2278 om.
923 2245 983 2278 ΒΨ
1149 2246 1170 2276 8
1195 2255 1270 2277 esse
1288 2245 1447 2276 videntur

110 2292 169 2322 ΒΨ
274 2302 313 2322 ea
331 2302 397 2323 om.
413 2292 455 2330 pb
612 2301 649 2330 15
676 2291 822 2321 Romani
839 2295 917 2322 sunt
935 2289 1099 2321 nominati
1111 2290 1155 2329 p&
1304 2298 1341 2318 21
1369 2298 1445 2327 pro-

111 2336 241 2366 dendae
263 2334 469 2365 Gronovius:
494 2335 703 2374 prodendam
722 2333 809 2365 codd.
927 2343 968 2372 23
994 2333 1125 2364 etiamsi
1143 2331 1205 2363 RS
1227 2343 1233 2363 ε
1258 2336 1293 2362 ut
1311 2331 1445 2363 tametsi

107 2380 170 2419 pk&
190 2379 235 2419 (v,
255 2381 269 2416 ξ,
287 2378 345 2419 81)
