<?xml version="1.0" encoding="UTF-8"?>
<!DOCTYPE html PUBLIC "-//W3C//DTD XHTML 1.0 Transitional//EN"
    "http://www.w3.org/TR/xhtml1/DTD/xhtml1-transitional.dtd">
<html xmlns="http://www.w3.org/1999/xhtml" xml:lang="en" lang="en">
 <head>
  <title>
</title>
<meta http-equiv="Content-Type" content="text/html;charset=utf-8" />
  <meta name='ocr-system' content='tesseract 3.04.00' />
  <meta name='ocr-capabilities' content='ocr_page ocr_carea ocr_par ocr_line ocrx_word'/>
</head>
<body>
  <div class='ocr_page' id='page_1' title='image "./orationesrecogno02ciceuoft/orationesrecogno02ciceuoft_0484.png"; bbox 0 0 1600 2704; ppageno 0'>
   <div class='ocr_carea' id='block_1_1' title="bbox 135 100 1170 152">
    <p class='ocr_par' dir='ltr' id='par_1_1' title="bbox 135 100 1170 152">
     <span class='ocr_line' id='line_1_1' title="bbox 135 100 1170 152; baseline -0.002 -11"><span class='ocrx_word' id='word_1_1' title='bbox 135 112 184 151; x_wconf 87' lang='lat'>35</span> <span class='ocrx_word' id='word_1_2' title='bbox 204 117 244 152; x_wconf 88' lang='lat'>92</span> <span class='ocrx_word' id='word_1_3' title='bbox 573 101 631 139; x_wconf 93' lang='lat' dir='ltr'>M.</span> <span class='ocrx_word' id='word_1_4' title='bbox 662 101 830 139; x_wconf 88' lang='lat' dir='ltr'>TVLLI</span> <span class='ocrx_word' id='word_1_5' title='bbox 863 100 1170 140; x_wconf 88' lang='lat' dir='ltr'>CICERONIS</span> 
     </span>
    </p>
   </div>
   <div class='ocr_carea' id='block_1_2' title="bbox 129 211 1593 2069">
    <p class='ocr_par' dir='ltr' id='par_1_2' title="bbox 129 211 1593 2069">
     <span class='ocr_line' id='line_1_2' title="bbox 204 211 1532 261; baseline -0.001 -10"><span class='ocrx_word' id='word_1_6' title='bbox 204 213 338 251; x_wconf 85' lang='lat' dir='ltr'>aderat</span> <span class='ocrx_word' id='word_1_7' title='bbox 376 225 482 258; x_wconf 84' lang='lat' dir='ltr'>uxor,</span> <span class='ocrx_word' id='word_1_8' title='bbox 523 225 625 261; x_wconf 88' lang='lat' dir='ltr'>quae</span> <span class='ocrx_word' id='word_1_9' title='bbox 671 211 864 250; x_wconf 90' lang='lat' dir='ltr'>consolari</span> <span class='ocrx_word' id='word_1_10' title='bbox 903 211 1104 249; x_wconf 86' lang='lat' dir='ltr'>hominem</span> <span class='ocrx_word' id='word_1_11' title='bbox 1154 211 1193 249; x_wconf 90' lang='lat' dir='ltr'>in</span> <span class='ocrx_word' id='word_1_12' title='bbox 1231 211 1343 249; x_wconf 89' lang='lat' dir='ltr'>malis</span> <span class='ocrx_word' id='word_1_13' title='bbox 1391 218 1532 261; x_wconf 86' lang='lat' dir='ltr'>posset.</span> 
     </span>
     <span class='ocr_line' id='line_1_3' title="bbox 144 275 1535 326; baseline -0.001 -11"><span class='ocrx_word' id='word_1_14' title='bbox 144 294 186 326; x_wconf 81' lang='lat'>93</span> <span class='ocrx_word' id='word_1_15' title='bbox 206 277 339 315; x_wconf 90' lang='lat' dir='ltr'>Huius</span> <span class='ocrx_word' id='word_1_16' title='bbox 376 284 508 315; x_wconf 90' lang='lat' dir='ltr'>autem</span> <span class='ocrx_word' id='word_1_17' title='bbox 547 277 731 326; x_wconf 87' lang='lat' dir='ltr'>praeclari</span> <span class='ocrx_word' id='word_1_18' title='bbox 768 275 1009 326; x_wconf 90' lang='lat' dir='ltr'>imperatoris</span> <span class='ocrx_word' id='word_1_19' title='bbox 1048 275 1100 313; x_wconf 90' lang='lat' dir='ltr'>ita</span> <span class='ocrx_word' id='word_1_20' title='bbox 1139 282 1219 314; x_wconf 88' lang='lat' dir='ltr'>erat</span> <span class='ocrx_word' id='word_1_21' title='bbox 1257 288 1389 313; x_wconf 81' lang='lat' dir='ltr'>severa</span> <span class='ocrx_word' id='word_1_22' title='bbox 1427 276 1535 313; x_wconf 90' lang='lat' dir='ltr'>domi</span> 
     </span>
     <span class='ocr_line' id='line_1_4' title="bbox 203 340 1536 391; baseline -0.002 -11"><span class='ocrx_word' id='word_1_23' title='bbox 203 342 411 391; x_wconf 84' lang='lat' dir='ltr'>disciplina</span> <span class='ocrx_word' id='word_1_24' title='bbox 431 349 473 379; x_wconf 92' lang='lat' dir='ltr'>ut</span> <span class='ocrx_word' id='word_1_25' title='bbox 494 341 532 379; x_wconf 91' lang='lat' dir='ltr'>in</span> <span class='ocrx_word' id='word_1_26' title='bbox 554 354 593 379; x_wconf 93' lang='lat' dir='ltr'>re</span> <span class='ocrx_word' id='word_1_27' title='bbox 614 348 721 378; x_wconf 89' lang='lat' dir='ltr'>tanta</span> <span class='ocrx_word' id='word_1_28' title='bbox 741 348 779 378; x_wconf 89' lang='lat' dir='ltr'>et</span> <span class='ocrx_word' id='word_1_29' title='bbox 807 348 884 378; x_wconf 88' lang='lat' dir='ltr'>tam</span> <span class='ocrx_word' id='word_1_30' title='bbox 912 340 1016 390; x_wconf 84' lang='lat' dir='ltr'>gravi</span> <span class='ocrx_word' id='word_1_31' title='bbox 1047 340 1185 378; x_wconf 87' lang='lat' dir='ltr'>nuntio</span> <span class='ocrx_word' id='word_1_32' title='bbox 1212 353 1330 378; x_wconf 91' lang='lat' dir='ltr'>nemo</span> <span class='ocrx_word' id='word_1_33' title='bbox 1358 340 1536 378; x_wconf 83' lang='lat' dir='ltr'>admitte-</span> 
     </span>
     <span class='ocr_line' id='line_1_5' title="bbox 203 404 1535 454; baseline -0.001 -10"><span class='ocrx_word' id='word_1_34' title='bbox 203 414 316 452; x_wconf 81' lang='lat' dir='ltr'>retur,</span> <span class='ocrx_word' id='word_1_35' title='bbox 340 419 459 444; x_wconf 92' lang='lat' dir='ltr'>nemo</span> <span class='ocrx_word' id='word_1_36' title='bbox 489 413 590 443; x_wconf 91' lang='lat' dir='ltr'>esset</span> <span class='ocrx_word' id='word_1_37' title='bbox 621 405 688 454; x_wconf 90' lang='lat' dir='ltr'>qui</span> <span class='ocrx_word' id='word_1_38' title='bbox 715 406 877 443; x_wconf 81' lang='lat' dir='ltr'>auderet</span> <span class='ocrx_word' id='word_1_39' title='bbox 903 412 970 443; x_wconf 87' lang='lat' dir='ltr'>aut</span> <span class='ocrx_word' id='word_1_40' title='bbox 999 406 1261 443; x_wconf 83' lang='lat' dir='ltr'>dormientem</span> <span class='ocrx_word' id='word_1_41' title='bbox 1283 404 1449 442; x_wconf 85' lang='lat' dir='ltr'>excitare</span> <span class='ocrx_word' id='word_1_42' title='bbox 1469 414 1535 443; x_wconf 89' lang='lat' dir='ltr'>aut</span> 
     </span>
     <span class='ocr_line' id='line_1_6' title="bbox 203 469 1573 519; baseline -0.001 -11"><span class='ocrx_word' id='word_1_43' title='bbox 203 470 447 519; x_wconf 87' lang='lat' dir='ltr'>interpellare</span> <span class='ocrx_word' id='word_1_44' title='bbox 478 469 715 519; x_wconf 83' lang='lat' dir='ltr'>vigilantem.</span> <span class='ocrx_word' id='word_1_45' title='bbox 776 471 860 507; x_wconf 91' lang='lat' dir='ltr'>Iam</span> <span class='ocrx_word' id='word_1_46' title='bbox 895 483 986 508; x_wconf 83' lang='lat' dir='ltr'>vero</span> <span class='ocrx_word' id='word_1_47' title='bbox 1011 483 1050 507; x_wconf 91' lang='lat' dir='ltr'>re</span> <span class='ocrx_word' id='word_1_48' title='bbox 1084 469 1134 507; x_wconf 91' lang='lat' dir='ltr'>ab</span> <span class='ocrx_word' id='word_1_49' title='bbox 1165 469 1349 507; x_wconf 89' lang='lat' dir='ltr'>omnibus</span> <span class='ocrx_word' id='word_1_50' title='bbox 1379 469 1536 518; x_wconf 83' lang='lat' dir='ltr'>cognita</span> <span class='ocrx_word' id='word_1_51' title='bbox 1556 481 1573 513; x_wconf 91' lang='lat'>5</span> 
     </span>
     <span class='ocr_line' id='line_1_7' title="bbox 202 533 1535 580; baseline 0 -8"><span class='ocrx_word' id='word_1_52' title='bbox 202 534 462 572; x_wconf 76' lang='lat' dir='ltr'>concursabat</span> <span class='ocrx_word' id='word_1_53' title='bbox 483 534 579 571; x_wconf 91' lang='lat' dir='ltr'>urbe</span> <span class='ocrx_word' id='word_1_54' title='bbox 608 541 689 571; x_wconf 81' lang='lat' dir='ltr'>tota</span> <span class='ocrx_word' id='word_1_55' title='bbox 711 533 879 571; x_wconf 87' lang='lat' dir='ltr'>maxima</span> <span class='ocrx_word' id='word_1_56' title='bbox 901 534 1123 572; x_wconf 91' lang='lat' dir='ltr'>multitudo.</span> <span class='ocrx_word' id='word_1_57' title='bbox 1183 535 1276 571; x_wconf 90' lang='lat' dir='ltr'>Non</span> <span class='ocrx_word' id='word_1_58' title='bbox 1299 534 1415 580; x_wconf 90' lang='lat' dir='ltr'>enim,</span> <span class='ocrx_word' id='word_1_59' title='bbox 1436 533 1535 572; x_wconf 88' lang='lat' dir='ltr'>sicut</span> 
     </span>
     <span class='ocr_line' id='line_1_8' title="bbox 202 597 1536 647; baseline -0.001 -11"><span class='ocrx_word' id='word_1_60' title='bbox 202 607 281 636; x_wconf 89' lang='lat' dir='ltr'>erat</span> <span class='ocrx_word' id='word_1_61' title='bbox 309 606 424 636; x_wconf 86' lang='lat' dir='ltr'>antea</span> <span class='ocrx_word' id='word_1_62' title='bbox 449 610 604 647; x_wconf 80' lang='lat' dir='ltr'><strong>semper</strong></span> <span class='ocrx_word' id='word_1_63' title='bbox 633 598 891 644; x_wconf 80' lang='lat' dir='ltr'>consuetudo,</span> <span class='ocrx_word' id='word_1_64' title='bbox 916 599 1159 647; x_wconf 87' lang='lat' dir='ltr'>praedonum</span> <span class='ocrx_word' id='word_1_65' title='bbox 1180 598 1393 636; x_wconf 86' lang='lat' dir='ltr'>adventum</span> <span class='ocrx_word' id='word_1_66' title='bbox 1422 597 1536 647; x_wconf 83' lang='lat' dir='ltr'>signi-</span> 
     </span>
     <span class='ocr_line' id='line_1_9' title="bbox 203 661 1535 712; baseline 0 -12"><span class='ocrx_word' id='word_1_67' title='bbox 203 662 344 700; x_wconf 88' lang='lat' dir='ltr'>ficabat</span> <span class='ocrx_word' id='word_1_68' title='bbox 373 661 471 712; x_wconf 85' lang='lat' dir='ltr'>ignis</span> <span class='ocrx_word' id='word_1_69' title='bbox 499 675 520 700; x_wconf 92' lang='lat' dir='ltr'>e</span> <span class='ocrx_word' id='word_1_70' title='bbox 545 663 704 711; x_wconf 85' lang='lat' dir='ltr'>specula</span> <span class='ocrx_word' id='word_1_71' title='bbox 730 661 906 699; x_wconf 88' lang='lat' dir='ltr'>sublatus</span> <span class='ocrx_word' id='word_1_72' title='bbox 936 669 1003 699; x_wconf 91' lang='lat' dir='ltr'>aut</span> <span class='ocrx_word' id='word_1_73' title='bbox 1032 664 1196 709; x_wconf 90' lang='lat' dir='ltr'>tumulo,</span> <span class='ocrx_word' id='word_1_74' title='bbox 1219 663 1289 700; x_wconf 86' lang='lat' dir='ltr'>sed</span> <span class='ocrx_word' id='word_1_75' title='bbox 1310 663 1468 700; x_wconf 86' lang='lat' dir='ltr'>flamma</span> <span class='ocrx_word' id='word_1_76' title='bbox 1488 676 1535 701; x_wconf 83' lang='lat' dir='ltr'>ex</span> 
     </span>
     <span class='ocr_line' id='line_1_10' title="bbox 202 725 1532 776; baseline 0 -12"><span class='ocrx_word' id='word_1_77' title='bbox 202 728 288 776; x_wconf 86' lang='lat' dir='ltr'>ipso</span> <span class='ocrx_word' id='word_1_78' title='bbox 309 725 494 764; x_wconf 90' lang='lat' dir='ltr'>incendio</span> <span class='ocrx_word' id='word_1_79' title='bbox 514 725 673 764; x_wconf 85' lang='lat' dir='ltr'>navium</span> <span class='ocrx_word' id='word_1_80' title='bbox 694 732 732 764; x_wconf 89' lang='lat' dir='ltr'>et</span> <span class='ocrx_word' id='word_1_81' title='bbox 753 727 1014 764; x_wconf 80' lang='lat' dir='ltr'>calamitatem</span> <span class='ocrx_word' id='word_1_82' title='bbox 1034 733 1238 776; x_wconf 82' lang='lat' dir='ltr'>acceptam</span> <span class='ocrx_word' id='word_1_83' title='bbox 1258 733 1296 764; x_wconf 94' lang='lat' dir='ltr'>et</span> <span class='ocrx_word' id='word_1_84' title='bbox 1316 727 1532 776; x_wconf 88' lang='lat' dir='ltr'>periculum</span> 
     </span>
     <span class='ocr_line' id='line_1_11' title="bbox 129 790 1593 842; baseline -0.003 -12"><span class='ocrx_word' id='word_1_85' title='bbox 129 797 183 842; x_wconf 86' lang='lat'>36</span> <span class='ocrx_word' id='word_1_86' title='bbox 203 790 395 841; x_wconf 89' lang='lat' dir='ltr'>reliquum</span> <span class='ocrx_word' id='word_1_87' title='bbox 431 791 648 829; x_wconf 86' lang='lat' dir='ltr'>nuntiabat.</span> <span class='ocrx_word' id='word_1_88' title='bbox 708 792 811 829; x_wconf 91' lang='lat' dir='ltr'>Cum</span> <span class='ocrx_word' id='word_1_89' title='bbox 832 798 986 840; x_wconf 89' lang='lat' dir='ltr'>praetor</span> <span class='ocrx_word' id='word_1_90' title='bbox 1006 797 1254 840; x_wconf 87' lang='lat' dir='ltr'>quaereretur</span> <span class='ocrx_word' id='word_1_91' title='bbox 1273 797 1310 829; x_wconf 92' lang='lat' dir='ltr'>et</span> <span class='ocrx_word' id='word_1_92' title='bbox 1337 798 1533 829; x_wconf 88' lang='lat' dir='ltr'>constaret</span> <span class='ocrx_word' id='word_1_93' title='bbox 1557 803 1593 825; x_wconf 88' lang='lat'>10</span> 
     </span>
     <span class='ocr_line' id='line_1_12' title="bbox 204 855 1533 901; baseline 0 -7"><span class='ocrx_word' id='word_1_94' title='bbox 204 856 403 894; x_wconf 90' lang='lat' dir='ltr'>neminem</span> <span class='ocrx_word' id='word_1_95' title='bbox 439 856 472 894; x_wconf 89' lang='lat' dir='ltr'>ei</span> <span class='ocrx_word' id='word_1_96' title='bbox 508 855 719 901; x_wconf 81' lang='lat' dir='ltr'>nuntiasse,</span> <span class='ocrx_word' id='word_1_97' title='bbox 756 856 799 892; x_wconf 86' lang='lat' dir='ltr'>fit</span> <span class='ocrx_word' id='word_1_98' title='bbox 832 856 883 893; x_wconf 91' lang='lat' dir='ltr'>ad</span> <span class='ocrx_word' id='word_1_99' title='bbox 917 855 1082 892; x_wconf 90' lang='lat' dir='ltr'>domum</span> <span class='ocrx_word' id='word_1_100' title='bbox 1114 856 1196 893; x_wconf 91' lang='lat' dir='ltr'>eius</span> <span class='ocrx_word' id='word_1_101' title='bbox 1234 867 1324 892; x_wconf 92' lang='lat' dir='ltr'>cum</span> <span class='ocrx_word' id='word_1_102' title='bbox 1363 857 1533 894; x_wconf 89' lang='lat' dir='ltr'>clamore</span> 
     </span>
     <span class='ocr_line' id='line_1_13' title="bbox 142 918 1533 970; baseline -0.001 -11"><span class='ocrx_word' id='word_1_103' title='bbox 142 937 184 970; x_wconf 89' lang='lat'>94</span> <span class='ocrx_word' id='word_1_104' title='bbox 203 933 418 959; x_wconf 83' lang='lat' dir='ltr'>concursus</span> <span class='ocrx_word' id='word_1_105' title='bbox 448 928 567 969; x_wconf 89' lang='lat' dir='ltr'>atque</span> <span class='ocrx_word' id='word_1_106' title='bbox 606 921 787 969; x_wconf 91' lang='lat' dir='ltr'>impetus.</span> <span class='ocrx_word' id='word_1_107' title='bbox 845 921 950 957; x_wconf 93' lang='lat' dir='ltr'>Tum</span> <span class='ocrx_word' id='word_1_108' title='bbox 985 918 1057 957; x_wconf 91' lang='lat' dir='ltr'>iste</span> <span class='ocrx_word' id='word_1_109' title='bbox 1090 920 1279 957; x_wconf 82' lang='lat' dir='ltr'>excitatus</span> <span class='ocrx_word' id='word_1_110' title='bbox 1312 920 1421 958; x_wconf 91' lang='lat' dir='ltr'>audit</span> <span class='ocrx_word' id='word_1_111' title='bbox 1453 933 1533 958; x_wconf 86' lang='lat' dir='ltr'>rem</span> 
     </span>
     <span class='ocr_line' id='line_1_14' title="bbox 204 983 1535 1033; baseline -0.001 -10"><span class='ocrx_word' id='word_1_112' title='bbox 204 999 363 1024; x_wconf 91' lang='lat' dir='ltr'>omnem</span> <span class='ocrx_word' id='word_1_113' title='bbox 389 999 436 1024; x_wconf 88' lang='lat' dir='ltr'>ex</span> <span class='ocrx_word' id='word_1_114' title='bbox 463 985 727 1031; x_wconf 87' lang='lat' dir='ltr'>Timarchide,</span> <span class='ocrx_word' id='word_1_115' title='bbox 760 997 895 1033; x_wconf 81' lang='lat' dir='ltr'>sagum</span> <span class='ocrx_word' id='word_1_116' title='bbox 917 983 1259 1030; x_wconf 85' lang='lat' dir='ltr'>sumit,—lucebat</span> <span class='ocrx_word' id='word_1_117' title='bbox 1281 984 1357 1021; x_wconf 81' lang='lat' dir='ltr'>iam</span> <span class='ocrx_word' id='word_1_118' title='bbox 1387 985 1535 1030; x_wconf 86' lang='lat' dir='ltr'>fere,—</span> 
     </span>
     <span class='ocr_line' id='line_1_15' title="bbox 203 1047 1533 1100; baseline -0.002 -12"><span class='ocrx_word' id='word_1_119' title='bbox 203 1049 380 1100; x_wconf 88' lang='lat' dir='ltr'>procedit</span> <span class='ocrx_word' id='word_1_120' title='bbox 411 1049 450 1087; x_wconf 94' lang='lat' dir='ltr'>in</span> <span class='ocrx_word' id='word_1_121' title='bbox 482 1048 658 1088; x_wconf 91' lang='lat' dir='ltr'>medium</span> <span class='ocrx_word' id='word_1_122' title='bbox 690 1048 769 1086; x_wconf 92' lang='lat' dir='ltr'>vini</span> <span class='ocrx_word' id='word_1_123' title='bbox 803 1048 931 1087; x_wconf 88' lang='lat' dir='ltr'>somni</span> <span class='ocrx_word' id='word_1_124' title='bbox 966 1047 1088 1098; x_wconf 89' lang='lat' dir='ltr'>stupri</span> <span class='ocrx_word' id='word_1_125' title='bbox 1118 1049 1268 1097; x_wconf 89' lang='lat' dir='ltr'>plenus.</span> <span class='ocrx_word' id='word_1_126' title='bbox 1332 1048 1533 1099; x_wconf 80' lang='lat' dir='ltr'>Excipitur</span> 
     </span>
     <span class='ocr_line' id='line_1_16' title="bbox 201 1112 1592 1163; baseline -0.002 -10"><span class='ocrx_word' id='word_1_127' title='bbox 201 1115 252 1153; x_wconf 90' lang='lat' dir='ltr'>ab</span> <span class='ocrx_word' id='word_1_128' title='bbox 282 1114 468 1153; x_wconf 89' lang='lat' dir='ltr'>omnibus</span> <span class='ocrx_word' id='word_1_129' title='bbox 498 1113 581 1152; x_wconf 86' lang='lat' dir='ltr'>eius</span> <span class='ocrx_word' id='word_1_130' title='bbox 613 1113 722 1151; x_wconf 88' lang='lat' dir='ltr'>modi</span> <span class='ocrx_word' id='word_1_131' title='bbox 749 1115 920 1152; x_wconf 87' lang='lat' dir='ltr'>clamore</span> <span class='ocrx_word' id='word_1_132' title='bbox 947 1120 989 1151; x_wconf 89' lang='lat' dir='ltr'>ut</span> <span class='ocrx_word' id='word_1_133' title='bbox 1016 1112 1052 1151; x_wconf 90' lang='lat' dir='ltr'>ei</span> <span class='ocrx_word' id='word_1_134' title='bbox 1082 1112 1343 1163; x_wconf 87' lang='lat' dir='ltr'>Lampsaceni</span> <span class='ocrx_word' id='word_1_135' title='bbox 1371 1113 1530 1163; x_wconf 89' lang='lat' dir='ltr'>periculi</span> <span class='ocrx_word' id='word_1_136' title='bbox 1555 1127 1592 1159; x_wconf 87' lang='lat'>15</span> 
     </span>
     <span class='ocr_line' id='line_1_17' title="bbox 202 1177 1532 1225; baseline -0.001 -8"><span class='ocrx_word' id='word_1_137' title='bbox 202 1179 420 1218; x_wconf 87' lang='lat' dir='ltr'>similitudo</span> <span class='ocrx_word' id='word_1_138' title='bbox 451 1186 668 1217; x_wconf 85' lang='lat' dir='ltr'>versaretur</span> <span class='ocrx_word' id='word_1_139' title='bbox 703 1185 793 1217; x_wconf 91' lang='lat' dir='ltr'>ante</span> <span class='ocrx_word' id='word_1_140' title='bbox 828 1180 990 1225; x_wconf 69' lang='lat' dir='ltr'>oculos,</span> <span class='ocrx_word' id='word_1_141' title='bbox 1032 1179 1108 1216; x_wconf 91' lang='lat' dir='ltr'>hoc</span> <span class='ocrx_word' id='word_1_142' title='bbox 1142 1177 1260 1216; x_wconf 90' lang='lat' dir='ltr'>etiam</span> <span class='ocrx_word' id='word_1_143' title='bbox 1297 1177 1421 1216; x_wconf 89' lang='lat' dir='ltr'>maius</span> <span class='ocrx_word' id='word_1_144' title='bbox 1455 1179 1532 1216; x_wconf 87' lang='lat' dir='ltr'>hoc</span> 
     </span>
     <span class='ocr_line' id='line_1_18' title="bbox 201 1242 1532 1293; baseline -0.002 -11"><span class='ocrx_word' id='word_1_145' title='bbox 201 1244 418 1290; x_wconf 90' lang='lat' dir='ltr'>videbatur,</span> <span class='ocrx_word' id='word_1_146' title='bbox 453 1244 561 1293; x_wconf 91' lang='lat' dir='ltr'>quod</span> <span class='ocrx_word' id='word_1_147' title='bbox 596 1243 635 1280; x_wconf 91' lang='lat' dir='ltr'>in</span> <span class='ocrx_word' id='word_1_148' title='bbox 671 1243 765 1282; x_wconf 92' lang='lat' dir='ltr'>odio</span> <span class='ocrx_word' id='word_1_149' title='bbox 797 1242 914 1281; x_wconf 80' lang='lat' dir='ltr'>simili</span> <span class='ocrx_word' id='word_1_150' title='bbox 949 1243 1161 1281; x_wconf 88' lang='lat' dir='ltr'>multitudo</span> <span class='ocrx_word' id='word_1_151' title='bbox 1192 1242 1399 1282; x_wconf 91' lang='lat' dir='ltr'>hominum</span> <span class='ocrx_word' id='word_1_152' title='bbox 1434 1243 1532 1281; x_wconf 89' lang='lat' dir='ltr'>haec</span> 
     </span>
     <span class='ocr_line' id='line_1_19' title="bbox 202 1306 1531 1353; baseline -0.002 -7"><span class='ocrx_word' id='word_1_153' title='bbox 202 1315 282 1346; x_wconf 92' lang='lat' dir='ltr'>erat</span> <span class='ocrx_word' id='word_1_154' title='bbox 321 1307 501 1345; x_wconf 84' lang='lat' dir='ltr'>maxima.</span> <span class='ocrx_word' id='word_1_155' title='bbox 566 1309 669 1345; x_wconf 89' lang='lat' dir='ltr'>Tum</span> <span class='ocrx_word' id='word_1_156' title='bbox 719 1306 829 1345; x_wconf 90' lang='lat' dir='ltr'>istius</span> <span class='ocrx_word' id='word_1_157' title='bbox 876 1315 963 1345; x_wconf 86' lang='lat' dir='ltr'>acta</span> <span class='ocrx_word' id='word_1_158' title='bbox 1011 1308 1405 1353; x_wconf 87' lang='lat' dir='ltr'>commemorabatur,</span> <span class='ocrx_word' id='word_1_159' title='bbox 1447 1314 1531 1345; x_wconf 88' lang='lat' dir='ltr'>tum</span> 
     </span>
     <span class='ocr_line' id='line_1_20' title="bbox 201 1371 1530 1422; baseline 0 -12"><span class='ocrx_word' id='word_1_160' title='bbox 201 1372 393 1422; x_wconf 84' lang='lat' dir='ltr'>flagitiosa</span> <span class='ocrx_word' id='word_1_161' title='bbox 431 1371 496 1409; x_wconf 89' lang='lat' dir='ltr'>illa</span> <span class='ocrx_word' id='word_1_162' title='bbox 535 1371 725 1418; x_wconf 87' lang='lat' dir='ltr'>convivia,</span> <span class='ocrx_word' id='word_1_163' title='bbox 762 1379 845 1409; x_wconf 89' lang='lat' dir='ltr'>tum</span> <span class='ocrx_word' id='word_1_164' title='bbox 885 1372 1184 1422; x_wconf 85' lang='lat' dir='ltr'>appellabantur</span> <span class='ocrx_word' id='word_1_165' title='bbox 1217 1385 1240 1410; x_wconf 85' lang='lat' dir='ltr'>a</span> <span class='ocrx_word' id='word_1_166' title='bbox 1278 1371 1530 1410; x_wconf 89' lang='lat' dir='ltr'>multitudine</span> 
     </span>
     <span class='ocr_line' id='line_1_21' title="bbox 202 1436 1592 1487; baseline 0.001 -13"><span class='ocrx_word' id='word_1_167' title='bbox 202 1437 383 1475; x_wconf 90' lang='lat' dir='ltr'>mulieres</span> <span class='ocrx_word' id='word_1_168' title='bbox 414 1436 660 1484; x_wconf 89' lang='lat' dir='ltr'>nominatim,</span> <span class='ocrx_word' id='word_1_169' title='bbox 684 1444 768 1474; x_wconf 88' lang='lat' dir='ltr'>tum</span> <span class='ocrx_word' id='word_1_170' title='bbox 790 1437 1031 1486; x_wconf 83' lang='lat' dir='ltr'>quaerebant</span> <span class='ocrx_word' id='word_1_171' title='bbox 1052 1450 1099 1475; x_wconf 84' lang='lat' dir='ltr'>ex</span> <span class='ocrx_word' id='word_1_172' title='bbox 1120 1436 1194 1475; x_wconf 92' lang='lat' dir='ltr'>isto</span> <span class='ocrx_word' id='word_1_173' title='bbox 1215 1438 1344 1487; x_wconf 84' lang='lat' dir='ltr'>palam</span> <span class='ocrx_word' id='word_1_174' title='bbox 1366 1445 1423 1475; x_wconf 91' lang='lat' dir='ltr'>tot</span> <span class='ocrx_word' id='word_1_175' title='bbox 1445 1437 1529 1476; x_wconf 91' lang='lat' dir='ltr'>dies</span> <span class='ocrx_word' id='word_1_176' title='bbox 1551 1448 1592 1471; x_wconf 87' lang='lat'>20</span> 
     </span>
     <span class='ocr_line' id='line_1_22' title="bbox 201 1500 1527 1551; baseline 0 -11"><span class='ocrx_word' id='word_1_177' title='bbox 201 1501 410 1540; x_wconf 88' lang='lat' dir='ltr'>continuos</span> <span class='ocrx_word' id='word_1_178' title='bbox 438 1514 507 1551; x_wconf 92' lang='lat' dir='ltr'>per</span> <span class='ocrx_word' id='word_1_179' title='bbox 527 1514 627 1550; x_wconf 88' lang='lat' dir='ltr'>quos</span> <span class='ocrx_word' id='word_1_180' title='bbox 655 1514 872 1551; x_wconf 88' lang='lat' dir='ltr'>numquam</span> <span class='ocrx_word' id='word_1_181' title='bbox 901 1500 1005 1539; x_wconf 86' lang='lat' dir='ltr'>visus</span> <span class='ocrx_word' id='word_1_182' title='bbox 1033 1508 1134 1539; x_wconf 86' lang='lat' dir='ltr'>esset</span> <span class='ocrx_word' id='word_1_183' title='bbox 1164 1501 1232 1539; x_wconf 91' lang='lat' dir='ltr'>ubi</span> <span class='ocrx_word' id='word_1_184' title='bbox 1261 1500 1406 1547; x_wconf 88' lang='lat' dir='ltr'>fuisset,</span> <span class='ocrx_word' id='word_1_185' title='bbox 1430 1501 1527 1550; x_wconf 89' lang='lat' dir='ltr'>quid</span> 
     </span>
     <span class='ocr_line' id='line_1_23' title="bbox 200 1565 1530 1617; baseline 0 -13"><span class='ocrx_word' id='word_1_186' title='bbox 200 1567 352 1617; x_wconf 81' lang='lat' dir='ltr'>egisset,</span> <span class='ocrx_word' id='word_1_187' title='bbox 376 1575 459 1604; x_wconf 93' lang='lat' dir='ltr'>tum</span> <span class='ocrx_word' id='word_1_188' title='bbox 485 1566 696 1616; x_wconf 88' lang='lat' dir='ltr'>imperator</span> <span class='ocrx_word' id='word_1_189' title='bbox 718 1567 769 1604; x_wconf 91' lang='lat' dir='ltr'>ab</span> <span class='ocrx_word' id='word_1_190' title='bbox 797 1565 872 1604; x_wconf 89' lang='lat' dir='ltr'>isto</span> <span class='ocrx_word' id='word_1_191' title='bbox 900 1566 1144 1616; x_wconf 89' lang='lat' dir='ltr'>praepositus</span> <span class='ocrx_word' id='word_1_192' title='bbox 1167 1567 1402 1606; x_wconf 82' lang='lat' dir='ltr'>Cleomenes</span> <span class='ocrx_word' id='word_1_193' title='bbox 1428 1566 1530 1616; x_wconf 82' lang='lat' dir='ltr'>fiagi-</span> 
     </span>
     <span class='ocr_line' id='line_1_24' title="bbox 200 1630 1529 1681; baseline -0.001 -12"><span class='ocrx_word' id='word_1_194' title='bbox 200 1633 364 1678; x_wconf 87' lang='lat' dir='ltr'>tabatur,</span> <span class='ocrx_word' id='word_1_195' title='bbox 388 1644 518 1681; x_wconf 91' lang='lat' dir='ltr'>neque</span> <span class='ocrx_word' id='word_1_196' title='bbox 539 1630 751 1681; x_wconf 87' lang='lat' dir='ltr'>quicquam</span> <span class='ocrx_word' id='word_1_197' title='bbox 782 1630 942 1681; x_wconf 86' lang='lat' dir='ltr'>propius</span> <span class='ocrx_word' id='word_1_198' title='bbox 967 1638 1024 1669; x_wconf 87' lang='lat' dir='ltr'>est</span> <span class='ocrx_word' id='word_1_199' title='bbox 1049 1632 1195 1669; x_wconf 88' lang='lat' dir='ltr'>factum</span> <span class='ocrx_word' id='word_1_200' title='bbox 1217 1644 1335 1680; x_wconf 90' lang='lat' dir='ltr'>quam</span> <span class='ocrx_word' id='word_1_201' title='bbox 1361 1638 1402 1669; x_wconf 89' lang='lat' dir='ltr'>ut</span> <span class='ocrx_word' id='word_1_202' title='bbox 1432 1630 1529 1669; x_wconf 90' lang='lat' dir='ltr'>illud</span> 
     </span>
     <span class='ocr_line' id='line_1_25' title="bbox 199 1695 1525 1746; baseline 0 -12"><span class='ocrx_word' id='word_1_203' title='bbox 199 1697 386 1734; x_wconf 84' lang='lat' dir='ltr'>Vticense</span> <span class='ocrx_word' id='word_1_204' title='bbox 418 1697 641 1745; x_wconf 84' lang='lat' dir='ltr'>exemplum</span> <span class='ocrx_word' id='word_1_205' title='bbox 674 1696 724 1734; x_wconf 95' lang='lat' dir='ltr'>de</span> <span class='ocrx_word' id='word_1_206' title='bbox 761 1695 968 1734; x_wconf 87' lang='lat' dir='ltr'>Hadriano</span> <span class='ocrx_word' id='word_1_207' title='bbox 1003 1697 1271 1734; x_wconf 84' lang='lat' dir='ltr'>transferretur</span> <span class='ocrx_word' id='word_1_208' title='bbox 1305 1698 1525 1746; x_wconf 82' lang='lat' dir='ltr'>Syracusas,</span> 
     </span>
     <span class='ocr_line' id='line_1_26' title="bbox 199 1760 1587 1811; baseline 0.001 -13"><span class='ocrx_word' id='word_1_209' title='bbox 199 1769 241 1799; x_wconf 94' lang='lat' dir='ltr'>ut</span> <span class='ocrx_word' id='word_1_210' title='bbox 271 1761 352 1799; x_wconf 94' lang='lat' dir='ltr'>duo</span> <span class='ocrx_word' id='word_1_211' title='bbox 382 1762 587 1810; x_wconf 90' lang='lat' dir='ltr'>sepulchra</span> <span class='ocrx_word' id='word_1_212' title='bbox 618 1761 787 1799; x_wconf 90' lang='lat' dir='ltr'>duorum</span> <span class='ocrx_word' id='word_1_213' title='bbox 818 1768 1040 1810; x_wconf 83' lang='lat' dir='ltr'>praetorum</span> <span class='ocrx_word' id='word_1_214' title='bbox 1071 1760 1341 1811; x_wconf 89' lang='lat' dir='ltr'>improborum</span> <span class='ocrx_word' id='word_1_215' title='bbox 1371 1761 1527 1800; x_wconf 91' lang='lat' dir='ltr'>duabus</span> <span class='ocrx_word' id='word_1_216' title='bbox 1549 1772 1587 1804; x_wconf 87' lang='lat'>25</span> 
     </span>
     <span class='ocr_line' id='line_1_27' title="bbox 200 1824 1528 1875; baseline 0 -12"><span class='ocrx_word' id='word_1_217' title='bbox 200 1826 239 1863; x_wconf 90' lang='lat' dir='ltr'>in</span> <span class='ocrx_word' id='word_1_218' title='bbox 270 1824 480 1875; x_wconf 82' lang='lat' dir='ltr'>provinciis</span> <span class='ocrx_word' id='word_1_219' title='bbox 511 1824 853 1863; x_wconf 87' lang='lat' dir='ltr'>constituerentur.</span> <span class='ocrx_word' id='word_1_220' title='bbox 912 1826 1060 1863; x_wconf 90' lang='lat' dir='ltr'>Verum</span> <span class='ocrx_word' id='word_1_221' title='bbox 1091 1825 1225 1864; x_wconf 89' lang='lat' dir='ltr'>habita</span> <span class='ocrx_word' id='word_1_222' title='bbox 1259 1833 1316 1864; x_wconf 90' lang='lat' dir='ltr'>est</span> <span class='ocrx_word' id='word_1_223' title='bbox 1347 1838 1370 1863; x_wconf 91' lang='lat' dir='ltr'>a</span> <span class='ocrx_word' id='word_1_224' title='bbox 1402 1825 1528 1864; x_wconf 92' lang='lat' dir='ltr'>multi-</span> 
     </span>
     <span class='ocr_line' id='line_1_28' title="bbox 199 1889 1530 1940; baseline 0.001 -13"><span class='ocrx_word' id='word_1_225' title='bbox 199 1889 336 1928; x_wconf 90' lang='lat' dir='ltr'>tudine</span> <span class='ocrx_word' id='word_1_226' title='bbox 366 1889 464 1928; x_wconf 86' lang='lat' dir='ltr'>ratio</span> <span class='ocrx_word' id='word_1_227' title='bbox 494 1889 693 1939; x_wconf 85' lang='lat' dir='ltr'>temporis,</span> <span class='ocrx_word' id='word_1_228' title='bbox 716 1889 851 1927; x_wconf 90' lang='lat' dir='ltr'>habita</span> <span class='ocrx_word' id='word_1_229' title='bbox 880 1891 1082 1937; x_wconf 91' lang='lat' dir='ltr'>tumultus,</span> <span class='ocrx_word' id='word_1_230' title='bbox 1105 1889 1239 1928; x_wconf 85' lang='lat' dir='ltr'>habita</span> <span class='ocrx_word' id='word_1_231' title='bbox 1263 1889 1380 1928; x_wconf 89' lang='lat' dir='ltr'>etiam</span> <span class='ocrx_word' id='word_1_232' title='bbox 1406 1889 1530 1940; x_wconf 83' lang='lat' dir='ltr'>digni-</span> 
     </span>
     <span class='ocr_line' id='line_1_29' title="bbox 199 1953 1528 2004; baseline 0 -11"><span class='ocrx_word' id='word_1_233' title='bbox 199 1954 288 1993; x_wconf 80' lang='lat' dir='ltr'>tatis</span> <span class='ocrx_word' id='word_1_234' title='bbox 323 1953 700 2004; x_wconf 74' lang='lat' dir='ltr'>existimationisque</span> <span class='ocrx_word' id='word_1_235' title='bbox 733 1953 966 2001; x_wconf 86' lang='lat' dir='ltr'>communis,</span> <span class='ocrx_word' id='word_1_236' title='bbox 1004 1955 1113 2004; x_wconf 87' lang='lat' dir='ltr'>quod</span> <span class='ocrx_word' id='word_1_237' title='bbox 1152 1954 1183 1993; x_wconf 93' lang='lat' dir='ltr'>is</span> <span class='ocrx_word' id='word_1_238' title='bbox 1217 1962 1275 1993; x_wconf 91' lang='lat' dir='ltr'>est</span> <span class='ocrx_word' id='word_1_239' title='bbox 1309 1962 1528 1993; x_wconf 79' lang='lat' dir='ltr'>conventus</span> 
     </span>
     <span class='ocr_line' id='line_1_30' title="bbox 199 2018 1525 2069; baseline -0.001 -11"><span class='ocrx_word' id='word_1_240' title='bbox 199 2019 397 2069; x_wconf 79' lang='lat' dir='ltr'>Syracusis</span> <span class='ocrx_word' id='word_1_241' title='bbox 420 2018 562 2057; x_wconf 80' lang='lat' dir='ltr'>civium</span> <span class='ocrx_word' id='word_1_242' title='bbox 594 2020 867 2057; x_wconf 86' lang='lat' dir='ltr'>Romanorum</span> <span class='ocrx_word' id='word_1_243' title='bbox 895 2026 937 2056; x_wconf 90' lang='lat' dir='ltr'>ut</span> <span class='ocrx_word' id='word_1_244' title='bbox 966 2032 1048 2057; x_wconf 92' lang='lat' dir='ltr'>non</span> <span class='ocrx_word' id='word_1_245' title='bbox 1075 2020 1196 2057; x_wconf 90' lang='lat' dir='ltr'>modo</span> <span class='ocrx_word' id='word_1_246' title='bbox 1223 2018 1287 2057; x_wconf 88' lang='lat' dir='ltr'>illa</span> <span class='ocrx_word' id='word_1_247' title='bbox 1314 2019 1525 2069; x_wconf 79' lang='lat' dir='ltr'>provincia,</span> 
     </span>
    </p>
   </div>
   <div class='ocr_carea' id='block_1_3' title="bbox 243 2120 1524 2163">
    <p class='ocr_par' dir='ltr' id='par_1_3' title="bbox 243 2120 1524 2163">
     <span class='ocr_line' id='line_1_31' title="bbox 243 2120 1524 2163; baseline 0 -11"><span class='ocrx_word' id='word_1_248' title='bbox 243 2133 259 2160; x_wconf 92' lang='lat'><strong>7</strong></span> <span class='ocrx_word' id='word_1_249' title='bbox 285 2126 385 2152; x_wconf 85' lang='lat' dir='ltr'>antea</span> <span class='ocrx_word' id='word_1_250' title='bbox 405 2132 542 2163; x_wconf 84' lang='lat' dir='ltr'>semper</span> <span class='ocrx_word' id='word_1_251' title='bbox 563 2121 682 2161; x_wconf 81' lang='lat' dir='ltr'>Halm,</span> <span class='ocrx_word' id='word_1_252' title='bbox 706 2120 775 2152; x_wconf 81' lang='lat' dir='ltr'>edd.</span> <span class='ocrx_word' id='word_1_253' title='bbox 798 2132 805 2151; x_wconf 90' lang='lat'>:</span> <span class='ocrx_word' id='word_1_254' title='bbox 841 2131 947 2161; x_wconf 84' lang='lat' dir='ltr'>anper</span> <span class='ocrx_word' id='word_1_255' title='bbox 967 2121 1010 2152; x_wconf 84' lang='lat' dir='ltr'>R¹</span> <span class='ocrx_word' id='word_1_256' title='bbox 1030 2133 1037 2152; x_wconf 77' lang='lat' dir='ltr'><em>z</em></span> <span class='ocrx_word' id='word_1_257' title='bbox 1070 2132 1180 2161; x_wconf 85' lang='lat' dir='ltr'>nuper</span> <span class='ocrx_word' id='word_1_258' title='bbox 1203 2121 1333 2153; x_wconf 64' lang='lat' dir='ltr'>R2Sw:</span> <span class='ocrx_word' id='word_1_259' title='bbox 1373 2126 1475 2152; x_wconf 89' lang='lat' dir='ltr'>antea</span> <span class='ocrx_word' id='word_1_260' title='bbox 1497 2121 1524 2151; x_wconf 90' lang='grc' dir='ltr'>δ.</span> 
     </span>
    </p>
   </div>
   <div class='ocr_carea' id='block_1_4' title="bbox 198 2164 1527 2333">
    <p class='ocr_par' dir='ltr' id='par_1_4' title="bbox 198 2164 1527 2333">
     <span class='ocr_line' id='line_1_32' title="bbox 198 2164 1527 2205; baseline -0.002 -9"><span class='ocrx_word' id='word_1_261' title='bbox 198 2164 332 2196; x_wconf 80' lang='lat' dir='ltr'>Habent</span> <span class='ocrx_word' id='word_1_262' title='bbox 355 2171 400 2205; x_wconf 81' lang='lat' dir='ltr'>pq</span> <span class='ocrx_word' id='word_1_263' title='bbox 439 2166 524 2196; x_wconf 89' lang='lat' dir='ltr'>sicut</span> <span class='ocrx_word' id='word_1_264' title='bbox 557 2169 658 2195; x_wconf 84' lang='lat' dir='ltr'>antea</span> <span class='ocrx_word' id='word_1_265' title='bbox 689 2175 781 2195; x_wconf 87' lang='lat' dir='ltr'>cons.</span> <span class='ocrx_word' id='word_1_266' title='bbox 809 2169 881 2195; x_wconf 84' lang='lat' dir='ltr'>erat</span> <span class='ocrx_word' id='word_1_267' title='bbox 910 2164 973 2201; x_wconf 80' lang='lat' dir='ltr'>(cl.</span> <span class='ocrx_word' id='word_1_268' title='bbox 1003 2164 1081 2195; x_wconf 81' lang='lat' dir='ltr'>Rev.</span> <span class='ocrx_word' id='word_1_269' title='bbox 1110 2165 1202 2196; x_wconf 79' lang='lat' dir='ltr'>xviii.</span> <span class='ocrx_word' id='word_1_270' title='bbox 1232 2165 1311 2205; x_wconf 83' lang='lat'><strong>212)</strong></span> <span class='ocrx_word' id='word_1_271' title='bbox 1489 2173 1527 2193; x_wconf 87' lang='lat'>12</span> 
     </span>
     <span class='ocr_line' id='line_1_33' title="bbox 199 2206 1527 2249; baseline -0.003 -10"><span class='ocrx_word' id='word_1_272' title='bbox 199 2209 364 2239; x_wconf 83' lang='lat' dir='ltr'>excitatus</span> <span class='ocrx_word' id='word_1_273' title='bbox 382 2208 453 2239; x_wconf 86' lang='lat' dir='ltr'>exit</span> <span class='ocrx_word' id='word_1_274' title='bbox 465 2211 508 2249; x_wconf 68' lang='grc' dir='ltr'>ῥδ</span> <span class='ocrx_word' id='word_1_275' title='bbox 689 2218 726 2246; x_wconf 83' lang='lat'>14</span> <span class='ocrx_word' id='word_1_276' title='bbox 751 2208 878 2247; x_wconf 83' lang='lat' dir='ltr'>excipit</span> <span class='ocrx_word' id='word_1_277' title='bbox 900 2208 966 2248; x_wconf 65' lang='lat' dir='ltr'>Vjffi</span> <span class='ocrx_word' id='word_1_278' title='bbox 1148 2217 1186 2246; x_wconf 89' lang='lat'>15</span> <span class='ocrx_word' id='word_1_279' title='bbox 1211 2208 1393 2238; x_wconf 87' lang='lat' dir='ltr'>clamorem</span> <span class='ocrx_word' id='word_1_280' title='bbox 1414 2206 1527 2247; x_wconf 75' lang='lat' dir='ltr'>VpR¹5</span> 
     </span>
     <span class='ocr_line' id='line_1_34' title="bbox 200 2249 1526 2292; baseline -0.003 -10"><span class='ocrx_word' id='word_1_281' title='bbox 200 2252 343 2291; x_wconf 84' lang='lat' dir='ltr'>(excipit</span> <span class='ocrx_word' id='word_1_282' title='bbox 362 2275 369 2282; x_wconf 90' lang='lat'>.</span> <span class='ocrx_word' id='word_1_283' title='bbox 390 2274 397 2282; x_wconf 90' lang='lat'>.</span> <span class='ocrx_word' id='word_1_284' title='bbox 418 2275 425 2282; x_wconf 94' lang='lat'>.</span> <span class='ocrx_word' id='word_1_285' title='bbox 445 2253 609 2282; x_wconf 87' lang='lat' dir='ltr'>clamores</span> <span class='ocrx_word' id='word_1_286' title='bbox 627 2252 660 2289; x_wconf 74' lang='lat' dir='ltr'>k)</span> <span class='ocrx_word' id='word_1_287' title='bbox 776 2252 815 2280; x_wconf 91' lang='lat'>16</span> <span class='ocrx_word' id='word_1_288' title='bbox 839 2251 944 2282; x_wconf 85' lang='lat' dir='ltr'>maius</span> <span class='ocrx_word' id='word_1_289' title='bbox 962 2251 1024 2282; x_wconf 92' lang='lat' dir='ltr'>hoc</span> <span class='ocrx_word' id='word_1_290' title='bbox 1044 2250 1130 2292; x_wconf 75' lang='lat' dir='ltr'>Vp6:</span> <span class='ocrx_word' id='word_1_291' title='bbox 1156 2252 1260 2281; x_wconf 79' lang='lat' dir='ltr'>maius</span> <span class='ocrx_word' id='word_1_292' title='bbox 1277 2249 1370 2280; x_wconf 65' lang='lat' dir='ltr'>RSW</span> <span class='ocrx_word' id='word_1_293' title='bbox 1488 2249 1526 2278; x_wconf 91' lang='lat'>18</span> 
     </span>
     <span class='ocr_line' id='line_1_35' title="bbox 198 2292 1526 2333; baseline -0.002 -8"><span class='ocrx_word' id='word_1_294' title='bbox 198 2295 526 2325; x_wconf 82' lang='lat' dir='ltr'>commemorabatur</span> <span class='ocrx_word' id='word_1_295' title='bbox 549 2294 746 2326; x_wconf 83' lang='lat' dir='ltr'>Hotoman:</span> <span class='ocrx_word' id='word_1_296' title='bbox 779 2300 894 2325; x_wconf 87' lang='lat' dir='ltr'>-antur</span> <span class='ocrx_word' id='word_1_297' title='bbox 916 2295 1005 2326; x_wconf 84' lang='lat' dir='ltr'>codd.</span> <span class='ocrx_word' id='word_1_298' title='bbox 1162 2305 1200 2333; x_wconf 86' lang='lat'>27</span> <span class='ocrx_word' id='word_1_299' title='bbox 1227 2299 1279 2324; x_wconf 87' lang='lat' dir='ltr'>est</span> <span class='ocrx_word' id='word_1_300' title='bbox 1304 2292 1463 2324; x_wconf 85' lang='lat' dir='ltr'>tumultus</span> <span class='ocrx_word' id='word_1_301' title='bbox 1481 2292 1526 2331; x_wconf 67' lang='grc' dir='ltr'>ῥδ</span> 
     </span>
    </p>
   </div>
   <div class='ocr_carea' id='block_1_5' title="bbox 201 2337 1040 2377">
    <p class='ocr_par' dir='ltr' id='par_1_5' title="bbox 201 2337 1040 2377">
     <span class='ocr_line' id='line_1_36' title="bbox 201 2337 1040 2377; baseline 0.002 -9"><span class='ocrx_word' id='word_1_302' title='bbox 201 2339 301 2369; x_wconf 63' lang='lat' dir='ltr'>(Am.</span> <span class='ocrx_word' id='word_1_303' title='bbox 318 2338 354 2376; x_wconf 90' lang='lat' dir='ltr'>J.</span> <span class='ocrx_word' id='word_1_304' title='bbox 374 2337 434 2367; x_wconf 71' lang='lat' dir='ltr'>Ph.</span> <span class='ocrx_word' id='word_1_305' title='bbox 457 2338 543 2368; x_wconf 70' lang='lat' dir='ltr'>xxvi.</span> <span class='ocrx_word' id='word_1_306' title='bbox 562 2339 640 2377; x_wconf 77' lang='lat'>430)</span> <span class='ocrx_word' id='word_1_307' title='bbox 775 2340 816 2368; x_wconf 76' lang='lat'>28</span> <span class='ocrx_word' id='word_1_308' title='bbox 840 2344 929 2370; x_wconf 79' lang='lat' dir='ltr'>esset</span> <span class='ocrx_word' id='word_1_309' title='bbox 947 2337 1040 2369; x_wconf 60' lang='lat' dir='ltr'>RSW</span> 
     </span>
    </p>
   </div>
  </div>
 </body>
</html>
