1600 2704
79 146 130 183 33
150 142 191 182 85
510 122 565 160 M.
598 114 766 156 TVLLI
799 103 1105 152 CICERONIS

154 255 254 295 quos
282 237 428 284 scribis,
461 231 803 279 Themistagoram
824 230 862 262 et
877 217 1125 259 Thessalum,
1155 208 1242 260 quis
1271 218 1353 244 non
1382 213 1486 240 com-

155 312 386 351 moveretur,
420 299 507 351 quis
539 309 619 335 non
655 307 701 332 ex
735 287 874 329 iniuria
911 295 1013 334 quae
1043 277 1115 318 tibi
1147 279 1249 314 esset
1280 271 1383 308 facta
1413 263 1487 303 sibi

155 370 388 425 provideret,
406 364 494 415 quis
516 374 598 400 non
622 358 662 396 in
692 369 738 395 ea
757 367 797 392 re
818 361 976 390 causam
997 352 1116 388 tuam,
1146 335 1364 389 periculum
1384 342 1489 368 com-

158 449 278 476 mune
311 432 373 483 agi
403 423 682 468 arbitraretur?
740 415 898 457 Etenim
928 420 1075 450 nomen
1106 400 1223 453 legati
1257 397 1340 438 eius
1378 390 1489 432 modi

159 516 244 543 esse
265 499 383 539 debet
404 494 513 545 quod
539 503 619 529 non
647 486 768 525 modo
799 482 898 519 inter
925 474 1121 516 sociorum
1147 468 1241 513 iura,
1273 462 1343 502 sed
1372 457 1489 499 etiam
1511 469 1528 501 5

162 568 262 606 inter
283 561 456 602 hostium
479 557 556 595 tela
577 552 776 591 incolume
796 549 978 583 versetur.

92 629 141 666 34
219 632 412 678 Magnum
444 624 521 660 hoc
552 620 869 665 Lampsacenum
902 605 1049 645 crimen
1082 606 1140 640 est
1174 590 1348 635 libidinis
1377 594 1496 635 atque

104 678 146 710 86
166 689 480 745 improbissimae
523 678 774 732 cupiditatis:
805 670 970 722 accipite
1003 677 1111 706 nunc
1154 656 1335 700 avaritiae
1376 661 1498 702 prope

169 760 332 800 modum
363 754 404 792 in
443 762 515 789 suo
546 757 687 797 genere
725 753 807 779 non
844 736 977 775 levius.
1051 726 1230 768 Milesios
1261 730 1402 760 navem
1434 726 1499 764 po—

169 822 306 876 poscit,
338 830 440 869 quae
473 825 564 852 eum
599 804 769 859 praesidi
795 813 914 842 causa
947 795 1145 847 Myndum
1176 787 1500 840 prosequeretur:
1524 794 1562 817 ιο

170 889 224 928 illi
240 885 370 926 statim
386 886 669 931 myoparonem
684 867 881 921 egregium
897 865 948 903 de
964 874 1034 901 sua
1047 860 1171 897 classe
1186 857 1368 892 ornatum
1384 852 1503 893 atque

170 958 364 993 armatum
385 946 589 986 dederunt.
653 939 747 976 Hoc
769 928 964 984 praesidio
992 923 1191 974 Myndum
1211 915 1412 968 profectus
1432 915 1501 947 est.

174 1020 278 1058 Nam
299 1012 395 1064 quid
415 1024 438 1048 a
459 1003 623 1047 Milesiis
644 1004 757 1040 lanae
773 994 930 1048 publice
943 985 1156 1032 abstulerit,
1171 983 1265 1021 item
1281 979 1331 1017 de
1347 979 1507 1023 sumptu

174 1084 214 1122 in
252 1081 480 1121 adventum,
512 1072 562 1110 de
601 1060 851 1106 contumeliis
895 1064 933 1096 et
972 1051 1121 1093 iniuriis
1159 1048 1200 1086 in
1239 1041 1508 1092 magistratum

177 1144 377 1186 Milesium
399 1135 553 1178 tametsi
573 1131 651 1172 dici
680 1140 772 1168 cum
791 1136 880 1163 vere
901 1129 984 1160 tum
1011 1115 1176 1168 graviter
1199 1117 1238 1149 et
1257 1107 1510 1146 vehementer
1533 1116 1570 1150 15

178 1216 317 1263 potest,
336 1214 468 1244 tamen
484 1200 613 1240 dicere
631 1189 936 1246 praetermittam
957 1194 1081 1232 eaque
1101 1175 1236 1217 omnia
1263 1169 1429 1210 testibus
1459 1165 1513 1203 in-

180 1286 286 1326 tegra
306 1267 511 1310 reservabo
531 1279 537 1302 :
568 1261 676 1306 illud,
694 1256 802 1308 quod
830 1263 959 1301 neque
989 1243 1108 1285 taceri
1139 1242 1220 1280 ullo
1241 1236 1363 1276 modo
1384 1242 1513 1280 neque

122 1354 162 1394 87
181 1340 259 1381 dici
293 1349 364 1388 pro
398 1330 586 1382 dignitate
619 1329 759 1375 potest,
787 1314 1022 1368 cognoscite.
1082 1307 1231 1347 Milites
1270 1298 1516 1348 remigesque

184 1405 368 1445 Miletum
399 1395 554 1446 Myndo
586 1389 754 1442 pedibus
788 1380 926 1422 reverti
957 1377 1090 1416 iubet:
1120 1373 1204 1423 ipse
1233 1371 1517 1416 myoparonem

184 1464 490 1522 pulcherrimum
522 1459 573 1497 de
611 1456 752 1494 decern
788 1444 1034 1487 Milesiorum
1067 1436 1233 1477 navibus
1271 1432 1441 1469 electum
1472 1425 1516 1462 L.
1541 1439 1580 1464 20

187 1532 322 1583 Magio
343 1536 382 1568 et
409 1529 452 1565 L.
480 1520 643 1566 Fannio,
676 1516 744 1567 qui
779 1509 921 1562 Myndi
944 1504 1187 1547 habitabant,
1213 1492 1403 1536 vendidit.
1463 1487 1521 1526 Hi

188 1605 277 1637 sunt
298 1592 480 1633 homines
497 1599 596 1638 quos
617 1594 740 1632 nuper
761 1583 919 1617 senatus
938 1573 979 1611 in
997 1567 1172 1608 hostium
1193 1571 1358 1601 numero
1377 1554 1523 1594 haben-

190 1666 262 1703 dos
301 1656 478 1698 censuit:
509 1654 587 1690 hoc
625 1647 680 1686 illi
719 1641 873 1692 navigio
916 1638 967 1676 ad
1007 1631 1136 1673 omnis
1175 1623 1313 1679 populi
1351 1615 1524 1660 Romani

191 1725 314 1767 hostis
336 1733 460 1771 usque
481 1718 531 1756 ab
563 1711 708 1753 Dianio
734 1706 861 1761 [quod
881 1703 921 1741 in
943 1695 1139 1748 Hispania
1159 1689 1234 1743 est]
1264 1689 1315 1728 ad
1335 1685 1524 1733 Sinopam

196 1792 313 1846 [quae
333 1788 374 1826 in
395 1788 525 1824 Ponto
547 1777 621 1830 est]
643 1774 932 1824 navigaverunt.
1549 1764 1563 1786 2
1571 1762 1587 1795 5

251 1857 299 1903 O,
322 1852 363 1893 di
394 1846 645 1889 immortales,
679 1834 951 1878 incredibilem
980 1825 1181 1867 avaritiam
1213 1817 1529 1868 singularemque

198 1917 428 1961 audaciam!
477 1913 631 1950 Navem
659 1913 701 1943 tu
729 1904 779 1942 de
806 1901 928 1938 classe
952 1890 1088 1945 populi
1109 1883 1293 1930 Romani,
1317 1891 1436 1931 quam
1460 1873 1533 1913 tibi

202 1982 359 2024 Milesia
374 1977 510 2018 civitas
524 1981 567 2013 ut
581 1980 619 2011 te
631 1969 931 2021 prosequeretur
944 1956 1129 2001 dedisset,
1145 1962 1261 1991 ausus
1278 1959 1319 1986 es
1334 1939 1535 1983 vendere?

204 2050 244 2089 Si
281 2056 319 2087 te
366 2039 597 2093 magnitudo
642 2029 822 2076 malefici,
863 2026 894 2065 si
932 2021 1140 2062 hominum
1180 2007 1415 2054 existimatio
1453 2015 1536 2042 non

250 2153 270 2182 8
295 2158 385 2181 nunc
410 2145 464 2185 Dp
488 2142 553 2174 aL:
583 2147 664 2169 vero
690 2133 768 2172 GaK
787 2130 835 2173 (D
859 2129 891 2159 in
918 2136 986 2167 mg.
1007 2123 1069 2154 ίαἱ.
1093 2118 1203 2158 vero')
1351 2119 1390 2149 13
1413 2119 1433 2140 a
1459 2105 1536 2137 nK:

210 2206 275 2227 om.
292 2193 356 2224 DZ
367 2191 408 2221 al.
427 2185 590 2227 <milesios
602 2181 653 2222 p).
683 2178 731 2217 Cf.
749 2176 783 2213 ii,
805 2177 820 2211 ξ
834 2173 877 2204 26
946 2170 1044 2200 lanae
1060 2163 1244 2205 publicep:
1268 2157 1345 2188 lane
1361 2151 1494 2194 publice
1505 2147 1540 2178 D

212 2239 256 2269 al.
273 2249 280 2268 ς
306 2246 358 2265 —ae
376 2242 430 2263 -ae
447 2228 536 2268 vulg.
631 2233 666 2262 17
694 2218 798 2251 taceri
815 2226 880 2248 om.
896 2212 955 2255 pq¹
1044 2219 1082 2240 21
1111 2204 1220 2237 Mario
1237 2200 1331 2240 DG¹2
1408 2191 1538 2226 Fannio

213 2281 291 2312 Asc.
310 2276 379 2309 edd.
400 2287 407 2306 ε
432 2272 537 2303 Fabio
554 2268 610 2307 Dp
627 2264 703 2303 rell„
718 2264 849 2304 praeter
862 2259 917 2289 ὸνδ
933 2253 1078 2297 (Rabio)
1205 2256 1247 2286 24
1269 2244 1310 2275 ab
1322 2247 1368 2283 pq
1384 2238 1428 2271 al.
1444 2249 1451 2268 :
1476 2246 1496 2267 a
1511 2243 1538 2264 ε.

216 2325 257 2355 ad
284 2321 346 2352 rell.
400 2315 498 2347 Verba
515 2311 636 2344 seclusa
654 2317 718 2340 om.
738 2305 817 2335 Asc.
831 2314 838 2336 :
863 2308 977 2333 mance
987 2303 1012 2339 p
1027 2303 1134 2334 usqne
1151 2291 1193 2324 ab
1209 2289 1386 2326 dianopam
1405 2289 1491 2321 quae
1508 2277 1541 2307 in

219 2370 324 2407 ponto
341 2366 393 2393 est
410 2369 487 2390 nav.
