1600 2704
130 44 400 84 ACTIONIS
432 45 493 82 IN
524 44 568 84 C.
591 20 835 84 VERREM
865 46 1165 86 SECVNDAE
1196 48 1299 86 ΜΒ.
1324 49 1341 86 1
1385 58 1436 95 ²3
1455 22 1512 86 ⁶5·
1537 18 1548 22 -

103 160 303 201 steterunt,
328 154 450 193 habes
471 166 551 204 quo
572 154 694 193 modo
722 153 873 201 emeris,
897 155 1005 201 haec,
1029 154 1204 205 inquam,
1226 157 1307 195 duo
1334 170 1435 207 quae

101 218 140 256 in
171 218 336 258 aedibus
367 219 444 258 tuis
475 221 557 259 sola
588 219 666 257 iam
699 226 801 266 sunt,
836 232 937 270 quae
972 228 1163 258 sectorem
1194 229 1431 271 exspectant,

100 282 233 322 relicta
252 297 299 322 ac
320 284 507 323 destituta
526 297 550 322 a
569 283 708 323 ceteris
729 283 860 334 signis.

153 351 215 395 At,
240 350 370 396 credo,
394 349 433 387 in
455 349 562 388 hisce
583 349 675 388 solis
692 349 808 388 rebus
830 348 1042 388 indomitas
1059 349 1294 400 cupiditates
1315 357 1432 400 atque
1451 333 1503 415 g?

57 429 75 461 5
97 413 303 453 effrenatas
325 414 520 453 habebat:
551 421 703 453 ceterae
725 413 910 453 libidines
937 414 1020 453 eius
1041 414 1191 454 ratione
1211 414 1343 465 aliqua
1366 424 1432 453 aut

97 480 219 518 modo
243 479 559 518 continebantur.
620 480 754 528 Quam
784 478 917 518 multis
947 479 1065 518 istum
1097 479 1288 530 ingenuis,
1312 492 1431 529 quam

97 543 229 582 multis
251 543 440 583 matribus
462 543 628 583 familias
649 544 690 583 in
710 544 775 583 illa
791 552 913 583 taetra
929 552 1048 594 atque
1068 543 1221 595 impura
1237 544 1431 595 legatione

94 608 173 646 vim
193 608 369 648 attulisse
390 609 650 648 existimatis?
698 610 840 659 Ecquo
870 609 909 647 in
942 608 1092 659 oppido
1124 610 1267 659 pedem
1299 609 1430 659 posuit

93 673 161 711 ubi
200 686 280 712 non
320 675 430 724 plura
470 682 694 725 stuprorum
743 673 1057 724 flagitiorumque
1103 686 1263 712 suorum
1309 687 1428 724 quam
1451 679 1459 684 “

0 736 2 779 l
33 750 72 773 lo
91 739 285 777 adventus
307 739 366 777 sui
383 738 545 789 vestigia
566 738 796 789 reliquerit?
836 739 914 777 Sed
936 751 1008 788 ego
1030 738 1163 777 omnia
1181 751 1282 788 quae
1296 739 1427 789 negari

0 799 1 802 ¹
91 810 276 853 poterunt
297 803 604 854 praetermittam
621 818 631 851 3
659 803 777 842 etiam
799 804 897 841 haec
917 816 1019 853 quae
1039 803 1254 842 certissima
1276 812 1366 842 sunt
1388 813 1426 844 et

26 864 30 867 ’
90 868 304 907 clarissima
325 869 543 919 relinquam
559 883 569 916 ,-
597 881 720 907 unum
741 867 903 918 aliquod
923 869 974 907 de
1000 867 1156 906 nefariis
1183 868 1293 908 istius
1314 871 1425 910 factis

89 933 242 983 eligam,
281 946 360 983 quo
396 933 545 972 facilius
584 934 635 972 ad
666 932 839 972 Siciliam
868 932 1017 982 possim
1055 932 1283 982 aliquando,
1323 947 1424 985 quae

89 997 185 1035 mihi
208 999 284 1036 hoc
305 998 435 1036 oneris
456 998 668 1049 negotique
689 996 888 1047 imposuit,
911 996 1123 1047 pervenire.

30 1073 66 1107 ¹5
142 1062 349 1113 Oppidum
382 1070 441 1102 est
479 1062 519 1101 in
558 1063 825 1112 Hellesponto
864 1063 1139 1111 Lampsacum,
1181 1061 1341 1111 iudices,
1384 1064 1422 1103 in
1442 1071 1482 1111 63

85 1126 220 1177 primis
245 1127 364 1166 Asiae
390 1127 616 1178 provinciae
642 1128 791 1166 clarum
818 1134 857 1166 et
880 1126 1014 1165 nobile
1029 1141 1039 1174 ,·
1080 1126 1260 1166 homines
1290 1136 1421 1167 autem

84 1191 157 1242 ipsi
201 1192 462 1243 Lampsaceni
501 1205 592 1231 cum
638 1204 794 1230 summe
832 1191 872 1229 in
911 1190 1041 1230 omnis
1080 1191 1175 1230 civis
1216 1193 1421 1233 Romanos

84 1256 259 1305 officiosi,
275 1266 359 1297 tum
381 1265 579 1309 praeterea
601 1256 770 1296 maxime
784 1256 909 1296 sedati
930 1264 968 1295 et
985 1255 1117 1306 quieti,
1135 1269 1256 1307 prope
1270 1266 1422 1307 praeter

83 1330 235 1361 ceteros
269 1324 320 1362 ad
359 1335 558 1361 summum
593 1323 836 1361 Graecorum
876 1321 1000 1359 otium
1040 1320 1170 1371 potius
1210 1334 1328 1371 quam
1368 1325 1419 1362 ad

23 1399 64 1423 ’.ὀ
82 1387 203 1425 ullam
225 1387 302 1426 vim
333 1396 400 1427 aut
421 1389 633 1426 tumultum
663 1386 971 1426 adcommodati.
1032 1385 1200 1432 Accidit,
1224 1399 1314 1424 cum
1346 1387 1417 1426 iste

81 1464 103 1490 a
133 1453 206 1492 Cn.
243 1454 450 1492 Dolabella
479 1452 727 1503 efflagitasset
758 1460 800 1490 ut
830 1465 870 1490 se
904 1452 955 1490 ad
987 1464 1117 1501 regern
1151 1451 1415 1491 Nicomedem

81 1531 292 1569 regemque
323 1520 505 1558 Sadalam
527 1518 708 1564 mitteret,
732 1530 904 1567 cumque
931 1516 1003 1555 iter
1026 1518 1103 1555 hoc
1124 1516 1198 1554 sibi
1219 1517 1342 1567 magis
1363 1519 1415 1557 ad

79 1592 286 1633 quaestum
301 1597 417 1623 suum
430 1597 549 1635 quam
564 1584 615 1622 ad
629 1583 681 1622 rei
696 1582 878 1634 publicae
892 1590 1047 1632 tempus
1060 1582 1412 1620 adcommodatum

79 1648 448 1700 depoposcisset,ut
469 1649 536 1687 illo
556 1648 694 1687 itinere
707 1647 857 1686 veniret
874 1649 1138 1697 Lampsacum
1159 1659 1250 1684 curn
1272 1659 1414 1697 magna

20 1727 58 1760 ²5
79 1714 301 1754 calamitate
331 1722 369 1754 et
398 1728 521 1765 prope
551 1713 723 1766 pernicie
754 1711 931 1752 civitatis.
1006 1711 1228 1750 Deducitur
1257 1710 1329 1750 iste
1360 1713 1411 1751 ad

80 1778 294 1818 Ianitorem
327 1781 527 1830 quendam
555 1778 764 1830 hospitem,
792 1777 1037 1827 comitesque
1067 1776 1150 1815 eius
1180 1776 1274 1815 item
1303 1779 1410 1827 apud

76 1852 227 1883 ceteros
247 1844 424 1894 hospites
451 1845 718 1883 conlocantur.
778 1845 832 1881 Vt
859 1855 945 1881 mos
975 1848 1055 1880 erat
1076 1840 1197 1888 istius,
1219 1847 1338 1891 atque
1367 1849 1409 1879 ut

75 1922 167 1947 eum
203 1921 296 1947 suae
335 1908 519 1948 libidines
549 1907 765 1958 flagitiosae
794 1907 923 1946 facere
960 1905 1243 1951 admonebant,
1276 1905 1408 1943 statim

75 1974 277 2025 negotium
300 1974 367 2013 dat
388 1973 462 2012 illis
484 1973 563 2012 suis
580 1972 803 2019 comitibus,
821 1969 1072 2021 nequissimis
1094 1969 1407 2021 turpissimisque

122 2090 135 2110 1
161 2079 266 2111 habes
283 2079 396 2110 dicere
417 2078 553 2116 Lamb.,
572 2077 675 2118 Kays.
794 2077 814 2108 8
839 2086 945 2116 ecquo
961 2075 996 2106 D
1011 2086 1018 2106 ε
1042 2075 1174 2115 hecquo
1187 2081 1211 2116 p
1229 2086 1235 2106 :
1260 2080 1293 2107 et
1309 2086 1376 2116 quo
1392 2078 1409 2106 δ

73 2133 95 2164 9
118 2133 216 2163 quam
241 2134 306 2154 om.
335 2123 367 2154 D
389 2122 433 2154 al.
454 2129 500 2164 p:
524 2126 630 2162 stupr.
660 2122 738 2160 ssag.
761 2130 850 2151 suor.
875 2130 975 2159 quarn
995 2119 1055 2151 del.
1079 2118 1182 2160 KayS.
1279 2129 1318 2150 10
1342 2130 1406 2159 ego

75 2167 262 2207 relinquam
291 2178 332 2207 qr
507 2168 545 2197 16
569 2170 679 2196 autem
705 2163 828 2194 owr:
853 2174 920 2195 om.
939 2168 986 2204 pq
1142 2173 1179 2202 17
1204 2163 1269 2203 ipsi
1287 2174 1352 2194 om.
1372 2162 1408 2193 K

75 2211 299 2251 Lampsaceni
316 2210 383 2242 secl.
399 2210 499 2249 Bake,
516 2209 620 2248 Kays.
695 2218 734 2247 19
757 2205 1009 2239 GraecorumD
1025 2205 1088 2238 rell.
1109 2206 1198 2238 Non.
1215 2217 1222 2236 ε
1249 2217 1314 2237 om.
1322 2207 1380 2247 pq¹
1400 2218 1407 2236 :

73 2255 140 2286 secl.
156 2254 260 2294 Kays.
352 2264 393 2292 24
418 2255 450 2284 in
468 2254 524 2284 illo
538 2253 596 2293 Lg.
611 2262 652 2291 42
668 2251 764 2292 Kays
775 2252 812 2291 (i,
831 2254 846 2289 ξ
870 2252 922 2290 15)
1028 2252 1070 2282 28
1095 2250 1259 2290 flagitiose
1273 2249 1327 2290 Dp
1340 2250 1403 2281 rell.

73 2298 300 2330 admonebant
328 2297 457 2338 Dqfilvr:
492 2296 754 2328 commonebant
779 2294 835 2326 K:
870 2293 1053 2325 monebant
1079 2304 1099 2334 q
