1600 2704
116 107 173 153 46
197 122 255 145 111
559 108 615 146 M.
647 108 815 147 TVLLI
846 107 1155 148 CICERONIS

118 717 169 755 47

109 777 165 800 112

191 225 300 257 tanta
338 219 482 269 praeda
521 219 699 268 quaesita
741 218 821 257 sit?
879 219 1067 268 Iniquum
1098 231 1161 257 me
1200 231 1286 258 esse
1329 218 1523 270 quispiam

190 282 306 330 dicet,
349 282 416 333 qui
451 296 497 322 ex
528 283 625 322 lucri
660 283 931 334 magnitudine
963 282 1230 322 coniecturam
1258 283 1411 333 capiam
1436 283 1525 322 furti

189 356 308 398 atque
330 349 508 398 praedae.
567 348 690 397 Quid,
712 348 743 387 si
765 349 903 396 doceo,
924 348 1083 394 iudices,
1104 361 1171 387 eos
1193 348 1261 398 qui
1290 360 1392 387 cccc
1417 349 1521 387 mod.

189 412 286 451 lucri
307 413 454 451 faciunt
475 413 668 451 damnum
691 413 860 451 facturos
890 412 1019 459 fuisse,
1043 413 1074 451 si
1095 420 1161 451 tua
1190 412 1388 463 iniquitas,
1411 412 1441 451 si
1468 412 1524 450 tui

190 490 237 516 ex
257 479 418 516 cohorte
432 484 726 528 recuperatores
748 490 829 515 non
846 476 1143 523 intercederent,
1162 490 1258 514 num
1280 476 1366 526 quis
1384 476 1524 526 poterit

189 541 230 580 in
247 550 356 580 tanto
383 543 492 580 lucro
514 549 702 592 tantaque
725 541 931 591 iniquitate
948 542 1128 580 dubitare
1149 541 1245 591 quin
1272 549 1430 592 propter
1457 541 1524 578 im-

189 607 427 656 probitatem
467 613 576 643 tuam
616 613 696 643 tam
737 618 899 655 magnos
940 614 1125 656 quaestus
1169 606 1316 652 feceris,
1368 613 1525 655 propter

191 669 504 720 magnitudinem
536 678 721 720 quaestus
753 669 954 720 improbus
986 684 1070 708 esse
1100 670 1296 709 volueris?

246 735 340 783 Quo
353 735 476 774 modo
496 733 611 784 igitur
632 734 708 772 hoc
729 735 934 784 adsequar,
953 734 1114 780 iudices,
1131 742 1173 772 ut
1194 734 1315 773 sciam
1331 743 1523 784 quantum

189 800 285 838 lucri
321 800 468 837 facturn
501 798 571 837 sit?
630 798 726 836 Non
757 811 804 837 ex
835 797 988 849 Aproni
1023 799 1176 846 tabulis,
1201 812 1297 849 quas
1328 811 1402 849 ego
1433 812 1522 837 cum

190 864 464 913 conquirerem
485 876 566 901 non
587 861 730 909 inveni,
754 870 792 901 et
812 876 904 901 cum
925 862 965 901 in
986 862 1045 901 ius
1066 862 1195 913 ipsum
1217 863 1334 902 eduxi
1354 863 1522 913 expressi

190 935 232 966 ut
258 929 453 967 conficere
480 928 633 967 tabulas
662 941 704 967 se
733 936 899 979 negaret.
961 927 1002 968 Si
1031 928 1302 974 mentiebatur,
1327 941 1447 978 quarn
1471 929 1522 967 ob

189 1006 271 1031 rem
305 993 542 1040 removebat,
573 992 604 1031 si
634 994 708 1032 hae
738 994 895 1032 tabulae
927 993 1024 1032 nihil
1051 993 1122 1032 tibi
1149 1001 1258 1032 erant
1287 993 1523 1032 obfuturae?

190 1058 222 1096 si
267 1058 432 1097 omnino
471 1059 597 1095 nullas
633 1059 857 1097 confecerat
892 1058 1048 1105 litteras,
1072 1072 1121 1097 ne
1155 1058 1196 1097 id
1234 1057 1398 1109 quidem
1432 1058 1522 1096 satis

190 1122 383 1172 significat
404 1123 513 1160 illum
544 1135 625 1160 non
646 1135 761 1160 suum
783 1122 984 1172 negotium
1013 1122 1203 1173 gessisse?
1260 1124 1320 1161 Ea
1339 1131 1397 1162 est
1417 1123 1522 1161 enirn

189 1186 288 1225 ratio
322 1188 634 1225 decumanorum
666 1194 709 1224 ut
748 1187 831 1226 sine
869 1187 1046 1238 plurimis
1086 1187 1222 1226 litteris
1260 1188 1403 1226 confici
1442 1202 1522 1227 non

188 1251 340 1301 possit3
370 1251 521 1302 singula
548 1252 654 1290 enim
683 1252 847 1290 nomina
876 1260 1073 1291 aratorum
1093 1260 1132 1291 et
1158 1266 1250 1291 cum
1275 1252 1435 1303 singulis
1460 1267 1521 1303 pa-

189 1319 340 1355 ctiones
351 1318 664 1356 decumanorum
676 1317 814 1356 litteris
825 1316 1009 1367 persequi
1021 1326 1059 1356 et
1071 1319 1266 1356 conficere
1279 1332 1440 1356 necesse
1451 1326 1518 1356 est.

190 1383 329 1432 Iugera
354 1381 516 1432 professi
538 1389 628 1420 sunt
648 1390 818 1420 aratores
840 1396 979 1421 omnes
1007 1381 1171 1432 imperio
1197 1390 1316 1432 atque
1344 1382 1521 1421 instituto

188 1455 282 1485 tuo:
312 1460 393 1485 non
428 1446 569 1497 opinor
603 1460 844 1497 quemquam
877 1447 1007 1486 minus
1039 1461 1124 1487 esse
1159 1449 1378 1498 professum
1403 1461 1521 1497 quam

1546 815 1584 838 10

1545 1139 1582 1172 15

1543 1462 1581 1485 20

188 1519 381 1563 quantum
397 1520 554 1559 arasset,
572 1526 663 1551 cum
685 1520 742 1551 tot
763 1526 908 1560 cruces,
928 1520 986 1551 tot
1002 1512 1204 1563 supplicia,
1219 1521 1277 1551 tot
1293 1526 1340 1551 ex
1360 1514 1520 1551 cohorte
1570 1529 1574 1533 ²

187 1585 479 1628 recuperatores
507 1586 831 1628 proponerentur.
893 1579 941 1616 In
971 1578 1105 1628 iugero
1131 1577 1316 1616 Leontini
1340 1578 1420 1628 agri
1445 1591 1520 1617 me-

187 1642 368 1682 dimnum
390 1644 469 1681 fere
489 1642 605 1681 tritici
622 1643 759 1681 seritur
779 1650 969 1694 perpetua
988 1651 1107 1693 atque
1126 1642 1324 1693 aequabili
1344 1642 1494 1681 satione
1511 1657 1521 1690 ,·

186 1721 276 1757 ager
297 1707 413 1746 efficit
434 1721 525 1746 cum
547 1715 698 1754 octavo,
722 1708 825 1747 bene
846 1716 888 1746 ut
907 1716 1066 1758 agatur3
1096 1721 1230 1746 verum
1253 1715 1294 1745 ut
1321 1720 1459 1745 omnes
1479 1706 1519 1746 di

185 1771 384 1818 adiuvent,
404 1785 494 1810 curn
516 1772 698 1810 decumo.
759 1773 882 1821 Quod
899 1771 930 1810 si
951 1772 1114 1822 quando
1133 1771 1287 1818 accidit,
1311 1778 1395 1810 tum
1417 1772 1460 1809 fit
1477 1778 1519 1809 ut

187 1844 340 1874 tanturn
362 1838 553 1875 decumae
575 1837 623 1875 sit
644 1845 836 1887 quantum
853 1836 1006 1883 severis,
1025 1837 1102 1875 hoc
1123 1844 1180 1875 est
1196 1845 1249 1882 ut,
1273 1844 1370 1886 quot
1390 1836 1520 1887 iugera

105 1915 166 1946 113
188 1901 264 1939 sint
285 1909 378 1948 sata,
401 1900 567 1940 totidem
591 1901 792 1940 medimna
813 1902 1005 1940 decumae
1025 1902 1254 1940 debeantur.
1316 1903 1408 1939 Hoc
1429 1914 1519 1939 cum

188 1966 240 2003 ita
269 1973 382 2012 esset,
414 1966 584 2016 primum
615 1965 713 2004 illud
742 1966 845 2012 dico,
878 1965 1054 2016 pluribus
1085 1965 1245 2004 milibus
1273 1965 1518 2004 medimnum

188 2030 341 2069 venisse
372 2030 560 2069 decumas
592 2030 672 2081 agri
707 2029 891 2069 Leontini
923 2043 1043 2081 quam
1075 2038 1172 2080 quot
1203 2029 1311 2068 milia
1343 2030 1519 2080 iugerum

234 2145 251 2164 2
276 2136 406 2175 capiam
424 2135 470 2166 cO
489 2146 495 2166 :
520 2135 639 2167 faciam
658 2135 723 2167 rell.
862 2135 882 2165 6
906 2134 1154 2174 improbitatem
1176 2134 1222 2166 cO
1239 2146 1245 2167 :
1272 2135 1482 2174 iniquitatem
1495 2139 1518 2174 p

191 2178 254 2209 rell.
411 2189 427 2217 7
454 2183 543 2210 tuam
563 2184 629 2210 tam
646 2178 765 2209 Lamb.
783 2189 788 2208 :
813 2183 903 2209 tuam
923 2178 952 2209 O
969 2189 975 2208 ε
1001 2183 1104 2218 tamp
1122 2178 1188 2209 rell.
1351 2188 1373 2217 9
1392 2179 1521 2209 iudices

189 2231 254 2252 om.
277 2222 307 2252 O
396 2228 556 2261 quantum
575 2222 658 2253 lucri
675 2221 723 2253 cO
741 2232 747 2251 :
772 2221 854 2253 lucri
871 2227 1033 2261 quantum
1046 2226 1071 2261 p
1089 2221 1152 2253 rell.
1274 2232 1310 2252 12
1337 2231 1373 2252 se
1390 2221 1518 2252 tabulas

192 2264 221 2294 O
404 2275 442 2304 19
466 2275 585 2297 omnes
602 2271 753 2297 aratores
779 2265 808 2296 O
993 2274 1030 2295 21
1058 2264 1224 2304 supplicia
1239 2264 1287 2296 cO
1307 2276 1313 2295 :
1340 2265 1463 2296 iudicia
1477 2265 1517 2303 p&

190 2308 231 2337 28
257 2308 402 2338 modium
421 2308 467 2340 cO

1579 2266 1600 2351 ²1

1578 2323 1582 2350 l
