1600 2704
645 94 966 132 PRAEFATIO

145 202 320 241 attribuit
341 203 408 253 qui
429 203 617 242 lectiones
636 212 910 254 excerpserunt
930 212 997 243 aut
1017 205 1315 255 descripserunt.
1368 206 1469 242 Rem

144 268 184 305 in
225 268 348 306 dubio
387 268 614 318 relinquunt
661 270 700 306 in
741 268 916 307 editione
963 268 1168 307 Turicensi
1208 270 1384 307 Baiterus
1433 276 1470 306 et

145 332 332 370 Halmius
362 332 513 383 (1854).
570 334 648 371 Sed
675 334 761 371 luce
789 333 865 371 iam
896 334 1035 371 clarius
1061 340 1221 383 apparet
1250 332 1341 371 ideo
1366 332 1471 371 codi-

142 408 229 434 cem
260 398 532 435 Metellianum
563 411 644 435 non
673 397 792 435 alium
823 398 1050 436 habendum
1082 411 1167 436 esse
1196 410 1314 446 quam
1342 397 1471 434 Fabri-

142 460 303 499 cianum
325 461 417 511 quia
448 461 554 500 idem
585 470 749 511 uterque
777 470 857 500 erat
884 464 950 512 qui
975 462 1094 501 hodie
1119 461 1391 501 Cluniacensis
1412 469 1470 499 est

140 526 412 574 appellandus.
464 525 625 565 Codicis
640 526 858 564 Metelliani
879 518 1058 565 notitiam
1076 528 1243 565 Grutero
1263 527 1466 571 debemus,

140 590 209 638 qui
241 589 280 627 in
306 590 480 628 editione
508 604 577 629 sua
604 589 745 642 (1618)
766 592 954 629 lectiones
982 591 1156 629 exhibuit
1181 604 1278 640 quas
1305 604 1351 629 ex
1383 592 1468 629 Iani

142 653 345 691 Gulielmii
367 655 522 693 schedis
544 655 845 705 transcripserat.
894 655 1010 693 Diem
1028 668 1253 705 supremum
1271 656 1347 693 iam
1363 668 1469 693 anno

145 720 247 768 1584
282 720 502 768 expleverat
529 720 774 766 Gulielmius,
807 733 924 769 quem
951 720 1083 758 iudico
1118 733 1198 757 non
1227 721 1350 758 multo
1380 727 1469 770 post

140 782 365 820 Fabricium
400 783 580 821 codicem
621 784 924 822 Cluniacensem
964 784 1017 822 ita
1054 784 1269 833 inspexisse
1307 792 1349 822 ut
1388 798 1466 822 non

139 847 295 897 longius
316 861 434 897 quam
457 847 496 885 iii
523 848 541 896 ฮพ
562 850 606 885 16
631 861 730 897 opus
760 848 1057 895 continuaverit,
1081 850 1161 886 sive
1191 851 1300 897 quod
1325 849 1468 887 avulsis

138 911 240 950 foliis
262 911 359 950 liber
379 911 455 950 iam
477 912 517 949 in
538 914 645 950 calce
666 912 887 958 deficiebat,
911 912 991 950 sive
1018 913 1125 961 quod
1161 912 1232 962 ipsi
1255 913 1468 952 Gulielmio

139 976 216 1014 iam
238 977 396 1026 patebat
424 990 506 1015 rem
535 984 651 1015 antea
680 990 703 1015 a
731 976 910 1015 Fabricio
937 989 1022 1014 esse
1050 984 1294 1015 transactam.
1355 979 1468 1025 Quae

138 1040 271 1080 omnia
292 1042 383 1079 satis
403 1043 534 1091 ample
556 1043 595 1079 in
616 1043 805 1079 Anecdoto
824 1042 998 1090 exposui,
1019 1055 1082 1091 pp.
1106 1041 1217 1078 xxxix
1238 1054 1322 1091 sqq.

192 1106 348 1156 Quodsi
368 1114 520 1157 praeter
540 1106 789 1145 Verrinarum
814 1116 941 1156 partes
962 1119 1062 1156 quae
1093 1106 1212 1145 hodie
1243 1106 1281 1144 in
1312 1107 1468 1146 Clunia-

137 1171 245 1210 censi
266 1179 474 1221 supersunt
496 1171 540 1209 iis
562 1172 689 1210 solum
707 1171 896 1221 excerptis
917 1178 1019 1209 esset
1040 1170 1289 1209 innitendum
1306 1184 1407 1221 quae
1429 1173 1467 1209 in

138 1236 379 1275 editionibus
404 1237 483 1274 suis
512 1235 777 1274 adhibuerunt
800 1235 1016 1274 Lambinus
1045 1235 1185 1285 (1584)
1205 1243 1243 1274 et
1265 1237 1468 1283 Gruterus,

137 1314 274 1350 parum
305 1307 487 1338 accurata
515 1301 692 1350 profecto
713 1309 814 1339 esset
842 1308 975 1338 nostra
1001 1299 1322 1350 praestantissimi
1352 1300 1467 1339 huius

137 1365 286 1404 codicis
308 1365 455 1404 notitia.
503 1367 581 1404 Sed
603 1373 725 1404 exstat
746 1367 785 1403 in
807 1365 1047 1404 bibliotheca
1073 1366 1335 1404 Laurentiana
1359 1366 1467 1404 testis

137 1430 469 1480 locupletissimus
491 1431 530 1468 in
558 1430 659 1469 libro
686 1431 753 1480 qui
775 1429 1144 1480 Lagomarsinianus
1167 1444 1214 1477 42
1237 1432 1465 1480 appellatur,

136 1503 174 1534 et
209 1508 327 1544 quem
368 1508 413 1532 ex
447 1494 600 1544 optimo
639 1495 813 1544 quodam
852 1494 1063 1544 exemplari
1102 1494 1342 1544 descriptum
1382 1508 1467 1533 esse

137 1567 240 1598 recte
261 1560 438 1609 augurati
460 1566 550 1597 sunt
571 1560 638 1608 qui
659 1572 749 1597 eum
771 1560 1021 1597 contulerunt
1043 1558 1222 1597 editores.
1279 1561 1373 1597 Hoc
1394 1573 1466 1609 ego

136 1625 334 1674 exemplar
367 1623 548 1663 codicem
578 1625 697 1662 fuisse
732 1623 1049 1670 Cluniacensem,
1080 1625 1260 1662 nondum
1291 1623 1465 1662 hiantem

137 1698 174 1728 et
191 1691 450 1734 decurtatum,
469 1688 639 1739 plurima
658 1696 815 1727 secutus
836 1688 946 1738 signa
960 1695 1079 1738 atque
1099 1695 1328 1737 argumenta
1348 1702 1466 1727 ausus

136 1768 223 1792 sum
252 1754 452 1792 affirmare.
513 1753 593 1802 Qui
623 1755 738 1791 huius
770 1753 823 1792 rei
853 1754 1163 1803 experimentum
1200 1755 1326 1792 facere
1361 1754 1462 1800 velit,

137 1819 316 1869 inspiciat
337 1826 490 1857 tantum
521 1819 729 1856 formulam
761 1819 839 1857 CO
865 1831 942 1868 qua
972 1831 1063 1856 usus
1094 1831 1179 1855 sum
1209 1819 1247 1855 in
1277 1826 1464 1868 apparatu

137 1884 272 1922 critico
293 1896 361 1933 per
381 1896 446 1922 eas
468 1883 556 1921 libri
578 1883 742 1922 secundi
763 1891 891 1932 partes
912 1896 1014 1933 quae
1027 1885 1087 1921 vel
1108 1883 1228 1921 hodie
1249 1884 1288 1920 in
1309 1884 1466 1922 Clunia-

136 1950 244 1987 censi
264 1948 338 1999 (C)
355 1955 574 1998 supersunt,
594 1955 636 1986 ut
652 1949 920 1987 demonstrem
942 1961 1060 1997 quam
1077 1955 1256 1986 accurate
1277 1961 1367 1986 cum
1389 1948 1465 1986 hoc

137 2015 275 2053 codice
309 2014 524 2052 concordet
556 2015 625 2062 Lg.
655 2027 703 2060 42
737 2012 845 2063 (O)ยน.
893 2014 1080 2052 Conferat
1107 2012 1224 2051 etiam
1250 2014 1464 2050 Anecdoton

181 2143 191 2158 ยน
216 2142 309 2182 Siglo
329 2142 373 2173 0ยน
391 2143 538 2181 priorem
555 2143 588 2172 in
607 2142 666 2181 Lg.
687 2152 727 2180 42
747 2151 882 2172 manum
905 2141 1103 2181 significavi,
1124 2141 1281 2181 quotiens
1304 2151 1391 2180 opus
1414 2147 1464 2172 est

137 2196 403 2217 commemorare
420 2186 569 2224 priorem
590 2185 794 2224 scripturam
813 2185 866 2215 vel
890 2185 932 2215 ab
954 2185 1027 2224 ipso
1050 2184 1184 2215 librario
1206 2184 1257 2214 vel
1282 2189 1400 2224 postea
1421 2185 1464 2214 ad

137 2239 290 2260 normam
311 2229 469 2259 lectionis
495 2229 650 2267 vulgatae
677 2232 837 2258 mutatam
860 2238 948 2259 esse.
993 2228 1145 2267 Namque
1168 2228 1201 2256 in
1228 2228 1348 2258 ceteris
1372 2227 1465 2258 libris

136 2274 226 2304 inter
253 2273 442 2303 deteriores
467 2272 740 2302 adnumerandus
767 2276 819 2301 est
846 2271 900 2301 hic
929 2271 1060 2308 codex3
1095 2275 1129 2301 et
1159 2270 1215 2309 qui
1247 2270 1351 2301 libros
1384 2270 1464 2301 ii-iii

137 2316 319 2356 exscripsit
334 2316 470 2355 saepius
489 2315 561 2354 ipse
578 2315 665 2345 inter
686 2314 943 2344 Cluniacensem
967 2319 999 2344 et
1021 2318 1150 2344 textum
1167 2313 1268 2353 vulgo
1291 2318 1463 2353 receptum

137 2359 272 2390 videtur
302 2358 487 2389 vacillasse.
551 2357 627 2388 Huc
667 2357 814 2396 pertinet
850 2358 938 2395 quod
975 2357 1009 2387 in
1045 2357 1137 2387 calce
1174 2357 1249 2387 libri
1289 2357 1463 2387 admonuit

768 2411 830 2448 viii
