1600 2704
1502 73 1542 90 7‘

151 88 420 130 ACTIONIs
454 94 515 132 IN
546 95 590 134 c.
614 97 856 140 VERREM
887 105 1188 151 SECVNDAE
1220 116 1323 156 LIB.
1351 120 1368 156 1
1408 130 1452 157 12
1472 92 1543 167 δῖ

121 196 215 235 mihi
230 200 357 248 turpia
372 200 480 240 dictu
494 202 742 254 videbuntur,
762 223 891 261 neque
912 216 1039 255 solum
1056 219 1152 267 quid
1165 221 1282 262 istum
1298 228 1447 277 audire,

118 273 251 299 verum
281 262 398 302 etiam
433 265 529 315 quid
572 282 635 307 me
678 272 817 311 deceat
860 276 990 317 dicere
1019 282 1290 327 considerabo.
1349 293 1445 341 Vos,

115 337 272 374 quaeso,
289 328 380 367 date
401 330 477 368 hoc
498 339 536 370 et
551 336 758 375 concedite
779 341 920 388 pudori
938 356 1027 382 meo
1043 354 1085 384 ut
1104 348 1276 399 aliquam
1292 364 1442 403 partem

111 389 162 427 de
182 388 292 429 istius
323 391 569 443 impudentia
595 399 755 440 reticere
780 405 939 453 possim.
999 410 1131 450 Omne
1160 413 1256 455 illud
1286 425 1441 470 tempus
1463 439 1503 470 33

72 466 89 497 5
110 455 219 502 quod
242 455 314 494 fuit
346 465 559 509 antequam
591 462 663 502 iste
697 467 747 504 ad
775 469 1020 519 magistratus
1048 488 1210 527 remque
1238 483 1438 531 publicam

105 518 280 568 accessit,
314 522 458 562 habeat
488 539 556 576 per
581 541 643 567 me
668 532 840 571 solutum
867 548 913 574 ac
940 537 1116 579 liberum.

105 585 306 624 nocturnis
341 587 424 627 eius
469 591 794 635 bacchationibus
825 613 871 638 ac
901 602 1063 652 vigiliis;
1103 608 1304 660 lenonum,
1336 616 1435 655 alea-

101 653 241 696 torum,
270 653 549 700 perductorum
589 661 694 698 nulla
726 664 874 702 mentio
904 667 997 715 fiat3
1037 671 1196 721 damna,
1222 676 1429 728 dedecora,

98 724 200 760 quae
238 728 297 753 res
335 718 454 767 patris
492 721 585 769 eius,
617 733 724 763 aetas
767 727 887 777 ipsius
919 734 1087 782 pertulit,
1120 746 1430 793 praetereantur:

41 791 77 812 ιο
97 776 266 817 lucretur
298 780 444 822 indicia
464 787 603 825 veteris
633 789 842 840 infamiae3
871 796 1040 844 patiatur
1065 800 1148 839 eius
1175 803 1253 843 vita
1279 808 1427 859 reliqua

95 852 158 878 me
178 842 280 882 hanc
301 853 450 886 tantam
472 849 659 891 iacturam
689 855 896 896 criminum
926 862 1062 901 facere.
1122 867 1319 915 Quaestor
1348 874 1420 913 Cn.
1447 892 1486 924 34

94 905 248 955 Papirio
269 912 421 949 consuli
448 914 551 953 fuisti
582 917 726 957 abhinc
755 934 880 961 annos
909 930 1235 974 quattuordecim.
1296 937 1355 975 Ex
1375 952 1422 977 ea

88 968 154 1008 die
173 973 224 1010 ad
246 974 348 1013 hanc
374 977 480 1016 diem
499 992 600 1029 quae
624 983 748 1022 fecisti
770 985 809 1023 in
830 986 1018 1028 iudicium
1041 1006 1141 1033 voco
1160 1011 1166 1033 ι
1196 997 1291 1037 hora
1312 1004 1419 1042 nulla

87 1046 210 1074 vacua
242 1050 266 1075 a
292 1040 404 1087 furto,
438 1046 592 1091 scelere,
629 1049 868 1098 crudelitate,
901 1054 1047 1104 flagitio
1078 1060 1299 1108 reperietur.
1362 1068 1416 1105 Hi

26 1110 62 1144 15
84 1107 176 1138 sunt
205 1102 298 1140 anni
333 1109 557 1158 consumpti
593 1111 632 1148 in
663 1122 871 1162 quaestura
898 1125 935 1155 et
960 1120 1153 1169 legatione
1174 1126 1347 1168 Asiatica
1376 1139 1414 1170 et

81 1172 260 1213 praetura
280 1169 429 1209 urbana
459 1181 496 1210 et
529 1183 707 1223 praetura
739 1179 930 1220 Siciliensi
946 1198 954 1230 ;
996 1198 1115 1234 quare
1144 1189 1243 1229 haec
1272 1196 1410 1235 eadem

79 1228 150 1267 erit
180 1233 461 1284 quadripertita
491 1238 715 1280 distributio
747 1244 865 1283 totius
894 1250 1155 1291 accusationis
1185 1268 1307 1296 meae.

130 1294 327 1342 Quaestor
364 1313 411 1338 ex
449 1312 607 1343 senatus
646 1310 829 1347 consulto
870 1313 1111 1361 provinciam
1152 1320 1310 1360 sortitus
1341 1337 1470 1374 es:13

74 1357 213 1409 obtigit
234 1361 304 1400 tibi
333 1368 560 1415 consularis,
594 1378 635 1408 ut
670 1385 759 1410 cum
793 1378 955 1415 consule
983 1380 1056 1418 Cn.
1087 1382 1271 1424 Carbone
1300 1401 1405 1427 esses

14 1436 54 1459 20
73 1435 240 1475 eamque
259 1429 500 1477 provinciam
522 1435 730 1476 obtineres.
792 1441 884 1479 Erat
912 1450 994 1481 tum
1023 1445 1216 1487 dissensio
1245 1451 1400 1501 civium,

70 1487 121 1527 de
141 1502 219 1539 qua
238 1492 335 1532 nihil
356 1508 442 1534 sum
456 1498 630 1539 dicturus
652 1503 746 1551 quid
773 1506 915 1545 sentire
942 1509 1149 1550 debueris:
1179 1526 1302 1554 unum
1324 1518 1400 1557 hoc

67 1553 169 1601 dico,
198 1556 237 1595 in
271 1558 354 1599 eius
380 1563 488 1602 modi
530 1572 706 1617 tempore
745 1584 791 1607 ac
821 1580 923 1610 sorte
953 1582 1122 1615 statuere
1146 1586 1184 1617 te
1213 1581 1398 1623 debuisse

65 1626 193 1659 utrum
215 1625 351 1663 malles
381 1629 523 1669 sentire
543 1639 662 1682 atque
684 1634 906 1675 defendere.
968 1640 1100 1680 Carbo
1118 1644 1285 1691 graviter
1303 1648 1397 1687 fere-

62 1680 129 1721 bat
167 1685 241 1725 sibi
279 1699 527 1739 quaestorem
562 1697 748 1748 obtigisse
781 1701 983 1740 hominem
1019 1704 1202 1756 singulari
1244 1711 1393 1750 luxuria

3 1758 41 1792 25
59 1755 178 1798 atque
191 1750 345 1801 inertia;
368 1771 502 1798 verum
519 1768 651 1801 tamen
668 1766 832 1804 ornabat
851 1780 941 1805 eum
957 1768 1157 1809 beneficiis
1173 1774 1390 1826 officiisque

57 1814 252 1856 omnibus.
312 1821 376 1860 Ne
405 1823 551 1864 diutius
582 1835 748 1876 teneam,
779 1832 946 1880 pecunia
969 1834 1165 1884 attributa,
1185 1850 1388 1881 numerata

55 1885 136 1916 est:
167 1883 362 1929 profectus
397 1895 455 1926 est
495 1900 678 1939 quaestor
720 1894 759 1932 in
804 1897 1073 1945 provinciam:
1114 1902 1220 1940 venit
1253 1918 1385 1956 exspe-

52 1949 180 1982 ctatus
205 1945 245 1984 in
273 1949 442 1989 Galliam
477 1955 529 1993 ad
560 1957 770 1996 exercitum
799 1963 1045 2000 consularem
1075 1977 1165 2002 cum
1199 1970 1379 2016 pecunia.

50 2007 174 2046 Simul
205 2023 252 2049 ac
283 2013 454 2062 primum
482 2018 517 2056 ei
544 2021 701 2060 occasio
721 2022 802 2061 visa
828 2029 1183 2077 est‚—cognoscite
1209 2031 1380 2073 hominis

0 2083 31 2114 30
49 2071 284 2124 principium
309 2079 604 2129 magistratuum
648 2088 909 2135 gerendorum
941 2098 979 2128 et
1013 2092 1065 2130 rei
1100 2094 1283 2143 publicae
1314 2100 1379 2138 ad—

1194 544 1359 587 Sileatur
1387 551 1437 591 de

92 2186 105 2206 1
131 2178 221 2210 dictu
238 2183 347 2221 turpia
363 2195 425 2223 qr:
449 2187 540 2218 dictu
557 2198 623 2220 om.
642 2190 660 2219 b
759 2191 779 2221 8
799 2193 1037 2231 perductorum
1058 2196 1184 2238 DWpr:
1207 2200 1374 2238 perlecto-

45 2229 116 2250 rum
133 2232 153 2261 q
168 2234 174 2252 :
199 2226 404 2263 perditorum
424 2228 453 2258 L
614 2243 653 2264 10
677 2234 823 2273 patietur
846 2237 925 2267 coni.
943 2236 1083 2270 Schuetz
1099 2251 1106 2270 ε
1130 2242 1255 2280 patitur
1273 2242 1377 2275 Orelli

47 2272 84 2292 12
100 2270 170 2295 cos.
186 2266 307 2308 Dal.p
323 2281 330 2299 ε
355 2273 483 2304 consuli
501 2273 553 2313 62,
575 2278 715 2308 consule
738 2277 799 2317 διὸ
892 2290 929 2319 17
955 2282 1203 2322 quadripertita
1220 2285 1255 2316 D
1271 2287 1313 2318 al.
1325 2293 1369 2328 p:

41 2307 280 2348 quadripartita
296 2311 385 2346 Zal.
528 2328 570 2357 :25
595 2320 737 2351 ornabat
756 2322 837 2361 prb:
863 2323 1047 2356 honorabat
1062 2325 1128 2357 ΒΨ
1272 2341 1312 2369 27
1339 2332 1369 2362 in

40 2349 179 2381 Galliam
197 2362 296 2394 exsp.
314 2356 351 2386 ὸδ
