1600 2704
54 122 102 160 19
120 123 164 159 47
427 103 431 105 ’
489 103 547 141 Μ.
578 98 747 138 TVLLI
778 89 1085 135 CICERONIS

125 235 280 274 semper
309 219 437 259 visum
469 222 550 255 erat
580 215 686 252 bona
719 207 857 260 privati
890 201 1027 256 populi
1059 197 1221 238 nomine
1253 208 1323 247 per
1352 205 1454 232 surn-

126 301 231 328 mam
252 284 433 324 iniuriam
453 286 596 330 erepta,
618 287 753 315 verum
774 272 893 311 etiam
913 267 986 319 ipsi
1010 265 1065 304 illi
1091 269 1271 302 auetores
1290 255 1454 297 iniuriae

126 362 165 394 et
194 367 241 391 ex
268 350 400 400 aliqua
427 344 617 397 particula
645 339 741 379 socii
771 336 939 388 praedae
967 345 1013 370 ac
1037 329 1261 380 rapinarum
1287 325 1456 362 clamare

127 422 342 469 coeperunt
374 411 449 451 sibi
484 417 528 449 ut
561 408 723 446 haberet
756 400 1026 442 hereditatem.
1085 396 1239 432 Tantus
1272 389 1314 427 in
1351 385 1459 426 curia
1594 381 1600 386 “

54 464 108 556 {cg
128 487 276 524 clamor
306 482 431 518 factus
462 482 520 514 est
551 480 594 511 ut
625 470 794 522 populus
828 468 1089 505 concurreret.
1148 459 1229 496 Res
1262 454 1314 493 ab
1350 450 1459 490 omni
1480 459 1498 491 5
1593 388 1600 540 1

130 552 329 588 conventu
362 539 520 591 cognita
551 535 726 575 celeriter
757 531 819 570 isti
849 531 1014 569 domum
1048 522 1260 562 nuntiatur.
1321 518 1460 555 Homo
1595 541 1600 583 Ι

131 610 313 651 inimicus
342 606 388 644 iis
417 603 485 654 qui
513 601 751 642 recitassent,
783 593 907 634 hostis
937 589 1122 630 omnibus
1156 584 1224 635 qui
1254 582 1463 622 acclamas·
1595 586 1600 636 2

133 683 229 722 sent,
252 671 392 712 exarsit
412 665 614 707 iracundia
633 676 678 701 ac
705 660 911 700 stomacho
930 671 940 704 3
966 666 1102 693 verum
1122 659 1256 689 tamen
1279 645 1352 685 fuit
1378 652 1464 682 tum
1595 638 1600 664 ἶ

134 741 193 780 sui
219 735 429 778 dissimilis.
490 729 627 770 Nostis
648 741 691 766 os
712 724 895 769 hominis,
917 719 1041 759 nostis
1069 714 1277 755 audaciam
1292 726 1302 759 3
1330 718 1464 748 tamen

136 816 220 845 turn
254 812 409 841 rumore
437 794 574 848 populi
605 801 643 831 et
671 793 842 830 clamore
869 794 908 825 et
939 783 1147 823 manifesto
1176 781 1280 817 furto
1309 773 1466 826 grandis
1487 784 1526 807 10

136 868 328 922 pecuniae
366 862 614 915 perturbatus
648 864 716 896 est.
786 852 866 891 Vbi
900 864 942 890 se
980 847 1146 897 collegit,
1183 849 1299 882 vocat
1336 841 1388 878 ad
1426 851 1467 876 se
1596 871 1600 891 ¹

138 938 428 986 Syracusanos3
474 927 542 977 qui
581 936 662 962 non
706 925 840 971 posset
877 928 1020 965 negare
1057 912 1108 950 ab
1145 909 1220 948 illis
1258 904 1468 958 pecuniam

138 1002 286 1044 datam,
316 1008 399 1034 non
432 988 624 1042 quaesivit
661 985 798 1037 procul
832 980 1026 1025 alicunde,
1062 977 1207 1027 (neque
1241 972 1347 1011 enirn
1385 981 1470 1019 pro-

141 1062 279 1113 baret),
313 1061 383 1099 sed
414 1056 647 1108 proximum,
679 1062 806 1101 paene
837 1049 1003 1086 alterum
1036 1043 1171 1086 filium,
1206 1050 1325 1088 quem
1364 1034 1471 1072 illam

142 1127 351 1180 pecuniam
371 1123 518 1162 diceret
538 1116 745 1157 abstulisse
762 1128 772 1161 3
802 1109 975 1150 ostendit
992 1122 1032 1146 se
1049 1107 1213 1145 reddere
1230 1108 1469 1141 coacturum.
1495 1110 1530 1142 15

143 1193 224 1243 Qui
244 1198 502 1242 posteaquam
523 1184 564 1223 id
584 1180 744 1226 audivit,
766 1176 903 1216 habuit
928 1182 966 1212 et
993 1169 1193 1221 dignitatis
1213 1175 1251 1206 et
1271 1164 1409 1205 aetatis
1436 1170 1473 1201 et

144 1255 359 1297 nobilitatis
380 1264 473 1291 suae
493 1248 685 1287 rationem
704 1259 714 1292 3
743 1243 862 1282 verba
883 1239 990 1290 apud
1011 1242 1192 1276 senatum
1213 1231 1316 1280 fecit,
1339 1227 1475 1268 docuit

144 1325 196 1362 ad
225 1335 267 1360 se
293 1318 390 1358 nihil
410 1314 604 1366 pertinere
621 1326 631 1359 3
659 1311 710 1349 de
730 1309 816 1354 isto,
839 1306 880 1344 id
908 1303 1016 1354 quod
1044 1312 1182 1339 omnes
1203 1295 1402 1339 videbant,
1426 1304 1476 1329 ne

146 1389 210 1426 ille
248 1384 410 1435 quidem
442 1380 609 1418 obscure
646 1377 800 1413 locutus
839 1378 908 1409 est.
978 1369 1118 1416 Itaque
1156 1362 1211 1401 illi
1245 1356 1477 1410 Syracusani

148 1459 317 1491 statuam
348 1453 486 1498 postea
515 1446 743 1485 statuerunt,
770 1445 809 1476 et
840 1436 882 1482 is,
915 1442 959 1473 ut
987 1431 1158 1482 primurn
1192 1425 1331 1478 potuit,
1359 1423 1477 1461 istum
1498 1436 1539 1458 20
1597 1437 1600 1448 =

85 1534 128 1566 49
147 1515 302 1565 reliquit
334 1515 384 1551 de
418 1508 698 1561 provinciaque
731 1500 913 1542 decessit.
986 1499 1037 1535 Et
1068 1504 1202 1534 tamen
1239 1490 1350 1530 aiunt
1387 1499 1478 1526 eum
1597 1502 1600 1534 ἰ

149 1581 260 1633 queri
280 1580 404 1618 solere
425 1588 507 1613 non
530 1582 748 1621 numquam
776 1580 817 1606 se
841 1565 1028 1604 miserum
1058 1560 1167 1611 quod
1194 1569 1275 1595 non
1296 1553 1386 1600 suis,
1411 1551 1481 1590 sed

151 1659 311 1686 suorum
340 1641 512 1693 peccatis
540 1645 579 1676 et
609 1635 838 1676 criminibus
867 1637 1075 1682 prematur.
1134 1621 1369 1664 Triennium
1397 1630 1483 1669 pro-

152 1712 322 1751 vinciam
349 1704 580 1751 obtinuisti3
607 1715 736 1753 gener,
759 1702 884 1738 lectus
912 1698 1157 1738 adulescens,
1180 1700 1305 1728 unum
1334 1695 1484 1723 annum

154 1787 286 1817 tecum
317 1775 413 1820 fuit3
455 1771 621 1814 sodales,
653 1766 723 1805 viri
757 1767 886 1810 fortes,
917 1760 1034 1811 legati
1063 1758 1120 1797 tui
1148 1754 1276 1806 primo
1309 1762 1416 1789 anno
1446 1755 1486 1786 te
1507 1759 1545 1790 25
1598 1776 1600 1796 :

155 1843 395 1891 reliquerunt
413 1852 423 1885 3
469 1847 570 1873 unus
608 1835 757 1882 legatus
798 1831 840 1867 P.
874 1826 1026 1865 Tadius
1071 1822 1139 1873 qui
1186 1826 1267 1858 erat
1314 1814 1487 1863 reliquus
1598 1803 1600 1822 ÷

157 1921 239 1946 non
277 1905 331 1943 ita
364 1911 496 1941 tecum
534 1899 703 1937 multum
742 1894 814 1933 fuit
832 1908 842 1942 3
873 1891 941 1942 qui
971 1890 1002 1929 si
1041 1898 1196 1937 semper
1229 1894 1309 1922 una
1339 1879 1486 1922 fuisset,

206 2020 217 2039 r
244 2009 331 2039 bona
350 2003 471 2046 privati
490 2001 636 2041 (privata
654 1999 687 2039 k)
705 1996 795 2030 codd.
814 2008 820 2027 z
846 1997 978 2036 privata
993 1994 1081 2024 bona
1101 1986 1210 2021 Oedd.
1231 1996 1239 2017 ε
1265 1981 1387 2024 privati
1403 1980 1491 2011 bona

160 2053 260 2084 Klotz
393 2059 412 2079 2
437 2047 483 2077 illi
500 2046 565 2084 ipsi
585 2043 615 2075 O
736 2043 757 2072 6
781 2041 844 2071 iste
870 2043 975 2070 mutet
999 2038 1134 2068 domum
1152 2031 1208 2070 cO,
1229 2027 1316 2060 unde
1331 2024 1494 2066 ingeniose

162 2095 313 2127 Herelius
331 2092 385 2123 isti
404 2090 514 2122 Mucio
690 2096 730 2116 10
755 2093 890 2115 rumore
909 2092 985 2122 pop.
1004 2085 1038 2111 et
1055 2078 1235 2114 clamorep
1247 2071 1310 2102 rell.
1329 2080 1336 2100 :
1361 2075 1494 2099 rumore

163 2138 343 2179 populique
359 2136 505 2166 clamore
523 2132 563 2162 k:
589 2139 724 2161 rumore
741 2133 774 2159 et
792 2127 938 2158 clamore
956 2122 1070 2164 populi
1090 2120 1133 2152 Ο1
1210 2114 1389 2147 manifesto
1406 2111 1495 2141 furto

167 2182 284 2221 (forte)
305 2179 335 2209 O
350 2191 356 2209 :
381 2179 455 2208 furt.
478 2185 564 2207 man.
580 2179 605 2214 p
617 2173 681 2204 rell.
778 2181 815 2202 12
840 2170 894 2209 qui
912 2179 979 2200 non
996 2169 1113 2208 posset
1131 2161 1190 2193 εΟ1
1206 2172 1213 2191 :
1238 2158 1316 2198 quia
1334 2155 1405 2195 <qui
1423 2151 1493 2194 qu)
1598 2188 1600 2194 Α

168 2235 233 2257 non
251 2226 393 2263 possunt
411 2221 452 2250 uk
595 2219 633 2248 16
657 2221 691 2246 et
706 2215 765 2246 εΟ1
782 2226 789 2246 :
814 2225 879 2245 om.
903 2212 968 2244 rell.
1086 2208 1125 2238 18
1149 2215 1192 2235 ne
1211 2202 1253 2233 0¹
1269 2213 1277 2231 ε
1301 2208 1411 2238 neque
1428 2194 1493 2227 rell.
1596 2197 1600 2234 1

169 2279 210 2299 20
235 2272 270 2297 ut
288 2265 368 2296 cOl:
392 2264 447 2294 ubi
465 2262 530 2293 rell.
699 2269 741 2288 22
766 2268 833 2288 non
853 2257 969 2295 inique
990 2264 1027 2284 se
1047 2251 1077 2282 O
1195 2257 1235 2285 23
1259 2251 1396 2275 suorum
1413 2238 1472 2272 cO¹
1490 2247 1497 2267 τ
1597 2239 1600 2270 ξ

169 2311 327 2342 comitum
348 2307 411 2337 rell.
541 2310 575 2335 et
597 2304 691 2334 crim.
720 2300 806 2332 codd.
831 2304 960 2340 praeter
975 2298 1005 2329 O
1031 2287 1321 2335 (criminibusque)
1459 2291 1497 2319 24
1597 2295 1600 2319 q

171 2355 298 2385 electus
316 2350 402 2382 codd.
556 2358 595 2386 27
621 2352 731 2376 tecum
750 2344 891 2374 multum
909 2343 951 2373 πλε
968 2354 975 2372 :
999 2340 1139 2371 multum
1157 2341 1268 2366 tecum
1287 2329 1316 2362 O
1333 2328 1378 2360 ed.
1397 2326 1497 2357 Rom.
1596 2336 1600 2368 ε’

173 2408 239 2429 una
255 2395 363 2428 codd:
390 2399 500 2424 tecum
521 2401 588 2421 una
607 2389 647 2419 Οι
665 2401 671 2419 :
697 2399 763 2418 una
779 2393 890 2418 tecum
908 2396 986 2417 corr.
1005 2395 1048 2414 m.
1069 2393 1082 2414 1
1597 2388 1600 2400 ε

1596 2411 1600 2431 ι
