1600 2704
156 166 216 203 37
562 155 618 192 M.
650 155 817 193 TVLLI
849 155 1156 194 CICERONIS

162 277 178 311 7
196 264 436 303 auferebant.
497 265 612 303 Haec
632 263 766 304 omnia
785 277 886 314 quae
906 263 986 303 dixi
1013 263 1133 314 signa,
1157 262 1317 310 iudices,
1339 262 1391 300 ab
1415 261 1523 301 Heio

196 343 219 369 e
248 329 415 369 sacrario
434 331 574 369 Verres
603 329 791 378 abstulit3
821 331 984 377 nullum,
1008 331 1181 379 inquam,
1203 329 1345 367 horum
1369 327 1524 378 reliquit

195 408 326 445 neque
354 394 462 434 aliud
491 396 614 433 ullum
646 402 778 433 tamen
799 402 951 444 praeter
971 408 1094 432 unum
1126 400 1306 444 pervetus
1335 392 1524 443 ligneum,

197 462 351 498 Bonam
383 461 608 506 Fortunam,
631 467 673 498 ut
704 459 844 510 opinor
861 474 871 507 ,-
901 473 988 498 eam
1013 459 1086 497 iste
1116 459 1260 497 habere
1290 457 1400 496 domi
1429 470 1523 496 suae

195 525 331 563 noluit.
1541 537 1561 571 5

150 599 177 636 4
251 591 328 627 Pro
347 590 467 628 deum
489 587 776 638 hominumque
793 589 913 627 fidem
933 592 940 626 ἕ
971 588 1067 638 quid
1089 589 1165 627 hoc
1186 589 1275 627 est?
1303 600 1405 637 quae
1425 587 1523 625 haec

195 667 313 693 causa
341 661 410 699 est,
443 665 544 702 quae
574 652 647 690 ista
675 652 954 702 impudentia?
1012 654 1126 701 Quae
1155 652 1246 691 dico
1275 652 1396 702 signa,
1418 658 1523 690 ante-

194 731 313 769 quam
344 718 415 756 abs
445 725 484 755 te
513 717 667 755 sublata
697 725 798 764 sunt,
832 719 1060 756 Messanam
1089 730 1180 756 cum
1209 716 1374 766 imperio
1404 728 1523 754 nemo

194 782 301 821 venit
328 782 425 832 quin
458 781 599 820 viserit.
659 783 737 820 Tot
773 789 981 832 praetores,
1013 789 1071 821 tot
1102 783 1284 820 consules
1318 781 1358 819 in
1393 780 1523 820 Sicilia

195 861 285 886 cum
307 847 346 885 in
367 860 465 897 pace
485 854 569 885 tum
590 846 708 885 etiam
737 846 777 884 in
802 847 906 885 bello
926 848 1094 893 fuerunt,
1117 854 1175 885 tot
1195 846 1377 885 homines
1397 845 1522 884 cuius·
1543 861 1583 885 10

195 926 272 963 que
302 911 549 951 modi—non
578 913 718 961 loquor
748 912 798 950 de
827 911 996 962 integris,
1020 911 1311 958 innocentibus,
1333 910 1522 961 religiosis

195 985 306 1015 —tot
335 976 481 1027 cupidi,
513 984 570 1015 tot
600 976 781 1026 improbi,
810 983 868 1015 tot
896 977 1078 1023 audaces,
1101 989 1269 1026 quorum
1299 989 1418 1015 nemo
1448 975 1522 1014 sibi

194 1050 274 1081 tam
295 1043 520 1088 vehemens,
542 1049 622 1079 tarn
644 1048 796 1091 potens,
819 1049 900 1079 tam
929 1041 1074 1080 nobilis
1095 1041 1200 1080 visus
1222 1048 1280 1079 est
1300 1040 1367 1091 qui
1388 1054 1435 1079 ex
1455 1040 1522 1079 illo

194 1105 362 1145 sacrario
378 1105 591 1155 quicquam
612 1118 774 1155 poscere
795 1113 862 1144 aut
883 1107 1019 1144 tollere
1039 1114 1106 1144 aut
1126 1105 1316 1156 attingere
1335 1106 1521 1144 auderet:

193 1172 334 1209 Verres
364 1171 472 1220 quod
503 1169 652 1219 ubique
686 1169 756 1208 erit
787 1170 1094 1220 pulcherrimum
1124 1172 1302 1209 auferet?
1331 1169 1427 1208 nihil
1457 1171 1520 1208 ha-
1542 1184 1580 1217 15

194 1236 285 1274 bere
306 1235 491 1285 cuiquam
521 1242 720 1284 praeterea
748 1234 910 1273 licebit?
939 1243 995 1274 tot
1023 1237 1167 1274 domus
1193 1234 1521 1285 locupletissimas

191 1299 302 1339 istius
327 1301 470 1339 domus
492 1313 570 1338 una
589 1299 747 1350 capiet?
805 1300 961 1338 Idcirco
982 1314 1100 1339 nemo
1130 1299 1374 1350 superiorum
1395 1299 1521 1350 attigit

191 1373 233 1404 ut
267 1365 332 1403 hic
363 1366 547 1404 tolleret?
585 1364 676 1404 ideo
711 1366 754 1405 C.
791 1365 981 1404 Claudius
1018 1366 1187 1403 Pulcher
1221 1364 1368 1403 rettulit
1398 1373 1441 1403 ut
1474 1365 1517 1404 C.

191 1431 331 1468 Verres
360 1437 493 1480 posset
506 1430 687 1468 auferre?
716 1431 769 1467 At
783 1442 863 1468 non
879 1429 1101 1479 requirebat
1117 1429 1180 1467 ille
1195 1428 1354 1479 Cupido
1367 1429 1520 1468 lenonis

188 1495 355 1534 domum
393 1508 439 1533 ac
478 1493 737 1532 meretriciam
777 1494 1051 1544 disciplinam;
1095 1494 1207 1533 facile
1247 1493 1314 1533 illo
1353 1494 1520 1533 sacrario
1541 1510 1580 1532 20

188 1559 314 1610 patrio
352 1558 653 1607 continebatur3
697 1558 806 1598 Heio
840 1572 882 1598 se
915 1572 938 1597 a
969 1558 1182 1598 maioribus
1221 1559 1400 1598 relictum
1435 1573 1520 1598 esse

187 1624 337 1663 sciebat
375 1624 415 1662 in
449 1623 667 1663 hereditate
701 1637 912 1671 sacrorum,
949 1637 1029 1662 non
1064 1624 1278 1674 quaerebat
1308 1623 1520 1663 meretricis

188 1690 387 1727 heredem.

147 1755 168 1790 8
243 1755 322 1792 Sed
343 1753 439 1804 quid
460 1767 533 1804 ego
554 1761 635 1792 tam
655 1755 909 1793 vehementer
932 1753 1128 1793 invehor?
1157 1755 1278 1793 verbo
1298 1767 1379 1793 uno
1399 1755 1519 1804 repel-

188 1820 255 1857 lar.
316 1818 453 1865 ‘Emi‚'
483 1818 621 1869 inquit.
682 1819 735 1858 Di
764 1819 1015 1866 immortales,
1048 1821 1286 1870 praeclaram
1324 1819 1517 1857 defensio·
1539 1832 1600 1865 ²51

188 1897 279 1922 nem
298 1887 303 1922 !
362 1885 626 1923 Mercatorem
643 1884 681 1922 in
699 1885 942 1935 provinciam
960 1899 1049 1923 cum
1065 1884 1230 1935 imperio
1249 1897 1294 1923 ac
1315 1884 1518 1923 securibus
1599 1932 1600 1935 Ἴ

188 1948 378 1996 misimus,
400 1949 534 1988 onmia
563 1949 630 2000 qui
661 1949 782 2001 signa,
811 1951 964 1989 tabulas
995 1950 1132 2000 pictas,
1153 1963 1271 1989 omne
1299 1957 1516 2000 argentum,
1595 1944 1600 1995 {f

187 2028 341 2062 aurum,
361 2015 471 2062 ebur,
491 2028 668 2065 gemmas
690 2023 898 2062 coemeret,
924 2014 1021 2053 nihil
1049 2014 1233 2065 cuiquam
1255 2014 1491 2065 relinqueret
1511 2017 1517 2052 !
1594 2002 1600 2022 ÷

191 2081 305 2118 Haec
321 2078 428 2118 enim
449 2079 545 2118 mihi
565 2081 616 2119 ad
639 2080 773 2119 omnia
795 2079 974 2120 defensio
989 2079 1165 2130 patefieri
1181 2078 1345 2126 videtur,
1363 2079 1515 2118 emisse.

234 2194 254 2214 2
277 2195 296 2215 e
313 2183 396 2216 RS:
419 2185 461 2216 de
483 2185 548 2225 Vpfi
566 2185 613 2225 (ii,
633 2185 665 2224 ii,
687 2188 703 2223 ξ
721 2186 777 2224 24ἴ
921 2185 941 2214 8
964 2194 1064 2215 nemo
1081 2184 1270 2215 Messanam
1291 2183 1357 2223 Vp5
1498 2193 1519 2221 9

191 2227 306 2258 viserit
322 2228 409 2259 Bait.
430 2240 438 2259 ε
462 2229 583 2259 viderit
599 2228 691 2261 codd.
838 2237 876 2259 10
900 2228 1060 2266 cuiusque
1072 2232 1096 2266 p
1111 2238 1119 2257 :
1142 2227 1276 2258 cuiusce
1292 2225 1376 2257 RS:
1405 2227 1518 2257 eiusce

191 2272 257 2301 sive
281 2271 419 2302 huiusce
437 2272 502 2303 rell.
606 2274 645 2302 16
669 2272 821 2311 cuiquam
847 2276 1024 2310 praeterea
1045 2270 1152 2301 VRrr:
1183 2275 1290 2310 praet.
1315 2268 1398 2308 cuiq.
1424 2268 1518 2300 5va

196 2324 230 2352 17
256 2314 350 2344 istius
375 2315 496 2345 domus
524 2315 556 2345 V
575 2314 758 2353 (Zielinski,
781 2320 814 2354 p.
839 2316 938 2355 1963:
970 2315 1090 2344 domus
1114 2313 1209 2344 istius
1233 2312 1359 2352 RSDp‚
1384 2311 1518 2342 Nonius

192 2367 232 2396 24
257 2357 321 2387 iam
339 2368 405 2388 uno
417 2359 458 2396 ῥδ
475 2361 503 2387 et
519 2359 571 2396 (ut
584 2358 724 2397 videtur)
747 2358 779 2387 V
897 2366 938 2396 25
962 2358 995 2388 di
1012 2357 1055 2396 R,
1075 2357 1120 2387 dii
1137 2356 1166 2387 S
1182 2368 1187 2387 :
1213 2367 1233 2387 o
1250 2356 1282 2387 di
1294 2361 1328 2396 p.
1369 2355 1400 2385 Ο
1417 2360 1518 2394 supra

191 2400 313 2430 lineam
337 2400 430 2430 habet
445 2400 493 2430 R2
512 2401 603 2440 (ilem
623 2406 725 2441 supra
742 2411 806 2432 voc.
826 2400 954 2432 iudices
979 2403 995 2438 ξ
1013 2402 1034 2431 6
1053 2405 1175 2440 supra3
1203 2402 1239 2437 ἓξ
1260 2409 1310 2439 10,
1330 2409 1372 2438 30
1387 2398 1491 2438 infra)
1508 2407 1517 2428 ε

191 2444 225 2474 in
247 2443 279 2473 V
289 2447 336 2474 est
352 2444 510 2474 incertum

1581 2435 1586 2455 δ
