1600 2704
93 90 144 135 65
167 97 227 138 158
532 93 587 129 M.
621 91 787 129 TVLLI
819 91 1124 130 CICERONIS

164 201 294 240 Sicilia
321 203 502 241 suerunt:
532 215 659 252 ecquo
679 203 730 241 de
753 201 915 240 homine
941 202 1018 239 hoc
1037 211 1228 252 umquam
1256 201 1489 240 audivistis?

165 269 323 306 Novum
363 275 432 314 est,
473 267 634 314 iudices,
675 267 714 304 in
758 266 898 305 Siculis
936 265 1096 316 quidem
1141 274 1179 305 et
1222 266 1263 304 in
1303 267 1489 306 omnibus

165 332 325 370 Graecis
363 332 527 371 monstri
566 332 703 370 simile.
776 333 870 369 Non
907 332 1107 370 crederem
1150 332 1227 370 hoc
1264 333 1316 370 de
1353 331 1489 370 statuis

165 396 237 435 nisi
277 396 437 435 iacentis
477 399 726 446 revulsasque
764 395 960 442 vidissem,
995 404 1199 446 propterea
1237 397 1346 445 quod
1383 397 1490 446 apud

165 461 293 499 omnis
315 462 487 499 Graecos
508 461 571 499 hic
591 474 677 499 mos
698 468 765 506 est,
789 468 831 498 ut
852 461 1041 499 honorem
1063 460 1290 498 hominibus
1311 460 1489 498 habitum
1509 473 1526 504 5

166 525 203 563 in
244 525 511 564 monumentis
555 524 637 562 eius
681 524 790 563 modi
828 538 909 563 non
949 526 1055 562 nulla
1099 524 1286 574 religione
1324 526 1490 564 deorum

84 603 145 635 159
166 589 383 628 consecrari
431 588 675 627 arbitrentur.
748 590 888 638 Itaque
929 588 1092 635 Rhodii,
1139 589 1206 638 qui
1253 603 1376 639 prope
1420 589 1491 627 soli

169 657 313 694 bellum
334 654 431 693 illud
452 654 629 704 superius
653 666 744 692 cum
767 654 997 692 Mithridate
1018 668 1106 704 rege
1126 655 1325 703 gesserint,
1349 654 1492 692 omnis-

166 733 242 768 que
263 719 345 757 eius
366 718 500 768 copias
527 717 839 767 acerrimumque
860 718 1051 767 impetum
1076 718 1285 757 moenibus
1313 718 1492 756 litoribus

165 783 434 833 classibusque
473 783 552 821 suis
587 782 822 832 exceperint,
857 790 1000 829 tamen,
1034 795 1123 820 cum
1163 782 1198 821 ei
1233 782 1312 832 regi
1345 782 1493 821 inimici
1515 795 1553 816 10

166 856 316 899 praeter
336 856 487 886 ceteros
507 855 648 894 essent,
672 854 839 885 statuam
861 846 955 893 eius,
978 860 1079 896 quae
1099 854 1179 885 erat
1199 848 1306 896 apud
1326 847 1433 897 ipsos
1453 847 1492 884 in

165 912 420 952 celeberrimo
450 911 556 950 urbis
586 913 686 958 loco,
708 924 759 950 ne
786 919 870 949 tum
901 911 1061 961 quidem
1083 911 1123 949 in
1150 911 1243 962 ipsis
1268 912 1374 951 urbis
1398 912 1494 962 peri-

165 977 262 1015 culis
289 977 509 1026 attigerunt.
570 978 629 1013 Ac
656 975 815 1013 forsitan
835 975 897 1013 vix
917 975 1127 1014 convenire
1146 975 1351 1023 videretur,
1375 989 1493 1026 quern

167 1042 294 1092 ipsum
327 1041 530 1079 hominem
570 1047 758 1089 cuperent
796 1047 977 1087 evertere,
1014 1039 1097 1078 eius
1136 1040 1302 1090 effigiem
1341 1041 1495 1079 simula-
1557 1087 1562 1090 ῃ

166 1119 356 1156 crumque
373 1119 524 1145 servare
539 1119 548 1152 3
577 1106 646 1144 sed
668 1113 800 1143 tamen
817 1104 1012 1150 videbam,
1030 1106 1137 1155 apud
1153 1119 1221 1144 eos
1241 1119 1333 1143 cum
1353 1118 1492 1151 essem,
1518 1122 1553 1154 15

166 1178 204 1209 et
233 1170 460 1219 religionem
488 1183 572 1208 esse
602 1170 801 1219 quandam
830 1168 869 1206 in
901 1169 960 1207 his
988 1170 1102 1207 rebus
1132 1184 1154 1208 a
1184 1170 1396 1208 maioribus
1426 1179 1496 1208 tra-

167 1236 300 1281 ditam,
351 1243 388 1274 et
436 1237 512 1273 hoc
557 1234 756 1284 disputari,
799 1247 890 1272 cum
935 1243 1061 1272 statua
1109 1248 1149 1272 se
1189 1235 1272 1273 eius
1311 1235 1496 1273 habuisse

167 1300 353 1351 temporis
395 1299 586 1339 rationem
628 1313 707 1349 quo
754 1299 883 1349 posita
921 1307 1034 1344 esset,
1073 1312 1164 1337 cum
1207 1300 1368 1338 homine
1413 1300 1495 1338 eius

84 1371 142 1408 66
167 1380 247 1416 quo
294 1373 442 1415 gereret
490 1366 638 1403 bellum
685 1372 803 1414 atque
847 1364 969 1403 hostis
1010 1372 1123 1403 esset.
1181 1364 1335 1403 Videtis
1382 1365 1497 1415 igitur

167 1429 498 1469 consuetudinem
548 1428 858 1479 religionemque
907 1430 1160 1476 Graecorum,
1210 1443 1311 1479 quae
1359 1442 1496 1468 monu-
1517 1445 1556 1466 20

169 1505 300 1535 menta
323 1495 495 1534 hostium
523 1495 563 1533 in
589 1495 695 1533 bello
722 1494 809 1544 ipso
834 1496 957 1533 soleat
985 1496 1208 1542 defendere,
1232 1508 1318 1533 eam
1342 1508 1496 1533 summa

167 1562 204 1599 in
227 1574 323 1612 pace
344 1560 532 1611 praetoris
553 1559 689 1610 populi
708 1560 879 1598 Romani
896 1560 1031 1598 statuis
1052 1560 1247 1610 praesidio
1264 1573 1344 1598 non
1365 1560 1495 1598 fuisse.

89 1631 147 1662 160
168 1626 505 1673 'l‘auromenitani,
553 1638 719 1675 quorum
769 1632 826 1663 est
874 1625 1008 1663 civitas
1056 1626 1265 1672 foederata,
1316 1625 1496 1663 homines

169 1691 411 1740 quietissimi,
435 1690 502 1740 qui
524 1690 692 1728 maxime
713 1691 763 1728 ab
785 1689 933 1727 iniuriis
955 1697 1176 1728 nostrorum
1198 1689 1495 1738 magistratuum

169 1755 305 1793 remoti
337 1762 573 1793 consuerant
602 1768 686 1792 esse
711 1753 905 1803 praesidio
926 1753 1203 1800 foederis,—-hi
1232 1761 1364 1791 tamen
1386 1753 1496 1791 istius
1518 1768 1554 1799 ²5

169 1828 339 1859 evertere
360 1828 528 1858 statuam
549 1832 630 1857 non
651 1818 879 1857 dubitarunt
894 1833 902 1865 ;
934 1832 1011 1868 qua
1031 1818 1185 1856 abiecta
1212 1817 1338 1856 basim
1364 1826 1496 1856 tamen

169 1886 206 1923 in
236 1887 318 1924 foro
347 1898 504 1923 manere
525 1885 742 1931 voluerunt,
766 1886 874 1934 quod
902 1884 1054 1933 gravius
1075 1884 1115 1921 in
1142 1883 1258 1921 istum
1280 1884 1363 1922 fore
1390 1892 1497 1933 puta-

170 1952 263 1988 bant
285 1950 314 1988 si
337 1950 480 1988 scirent
501 1949 682 1988 homines
707 1956 874 1987 statuam
896 1949 979 1987 eius
999 1962 1021 1987 a
1042 1948 1388 1987 Tauromenitanis
1413 1960 1498 1987 esse

169 2015 362 2053 deiectam
397 2028 517 2064 quam
555 2014 587 2052 si
627 2015 775 2052 nullam
805 2027 993 2063 umquam
1027 2013 1196 2063 positam
1227 2026 1311 2052 esse
1340 2013 1496 2051 arbitra-

216 2129 228 2148 1
255 2119 429 2149 audivistis
448 2117 517 2149 CO¹
535 2130 542 2149 ε
566 2118 742 2156 audiimus‚
763 2118 989 2158 audivimusp
1006 2117 1072 2149 rell.
1195 2127 1211 2155 7
1238 2117 1295 2155 qui
1315 2116 1395 2146 CO:
1421 2126 1494 2147 cum
1596 2116 1600 2158 1

166 2167 187 2201 p
206 2162 248 2193 al.
340 2163 359 2192 8
384 2162 552 2200 gesserint
571 2162 598 2191 C
613 2161 677 2193 rell.
693 2165 823 2201 praeter
839 2160 870 2191 Ο
888 2162 1097 2200 gesserunt]
1192 2171 1231 2190 10
1256 2160 1452 2199 exceperint
1472 2159 1500 2189 C
1595 2160 1600 2200 ἰ

171 2205 236 2236 rell.
255 2216 260 2234 :
283 2211 491 2243 exceperunt
510 2204 643 2244 Zumpt,
665 2204 735 2236 edd.
894 2215 928 2234 11
956 2205 1040 2235 istos
1059 2203 1127 2234 CO¹
1270 2213 1307 2241 13
1332 2203 1384 2234 Ac
1403 2202 1472 2233 CO1
1490 2213 1495 2231 :
1594 2213 1598 2245 ς

170 2259 236 2278 om.
258 2249 321 2278 rell.
441 2259 475 2286 17
502 2248 663 2295 disputari
683 2247 754 2279 CO¹
772 2260 779 2278 :
804 2253 910 2288 ›arep
929 2247 994 2280 rell.
1070 2247 1140 2276 eius
1159 2245 1237 2277 CO:
1263 2257 1331 2277 non
1344 2252 1389 2286 p:
1415 2255 1495 2276 vero
1595 2255 1597 2271 τ

171 2326 188 2353 Ι)
206 2325 269 2356 rell.
384 2335 424 2354 22
449 2327 566 2365 ptores
583 2300 653 2364 μιν.
669 2325 713 2364 pb
729 2325 772 2356 al.
790 2337 796 2357 :
824 2325 860 2355 P.
877 2325 918 2355 R.
939 2324 985 2355 C:
1010 2334 1088 2363 pop.
1103 2324 1201 2354 Rom.
1220 2323 1250 2353 O
1353 2333 1393 2361 25
1419 2332 1495 2352 con·
1593 2312 1596 2356 i

172 2374 307 2399 snex-ant
327 2368 406 2398 CO:
435 2372 587 2398 -everant
600 2374 624 2408 p
641 2368 705 2400 rell.
841 2370 881 2398 26
906 2369 1097 2398 dubitarunt
1118 2367 1205 2408 Cpb:
1233 2373 1389 2397 -averunt
1409 2365 1473 2396 rell.
