1600 2704
92 127 360 166 ACTIONIS
381 128 443 166 IN
464 128 509 167 C.
532 128 774 165 VERREM
797 126 1098 165 SECVNDAE
1122 127 1223 164 LIB.
1249 127 1307 163 IV
1367 135 1420 171 42

89 239 166 276 hoc
186 240 293 288 apud
313 251 382 278 vos
403 238 608 289 Zosippus,
632 246 669 276 et
689 235 892 284 Ismenias,
922 236 1104 274 homines
1125 235 1359 275 nobilissimi
1382 243 1419 274 et

87 302 285 353 principes
305 303 596 353 Tyndaritanae
617 301 794 340 civitatis.

143 367 283 416 Quid?
339 367 552 417 Agrigento
582 380 716 405 nonne
754 365 931 404 eiusdem
972 367 1013 403 P.
1048 364 1243 415 Scipionis
1282 377 1420 402 monu-

86 440 276 479 mentum,
299 432 453 482 signum
488 431 684 482 Apollinis
713 429 1032 481 pulcherrimum,
1060 429 1172 468 cuius
1201 429 1242 467 in
1272 430 1419 467 femore

45 507 65 537 5
85 494 221 535 litteris
241 496 401 534 minutis
421 496 615 547 argenteis
635 509 782 535 nomen
805 494 984 545 Myronis
1005 502 1086 533 erat
1106 494 1349 544 inscriptum,
1374 506 1420 531 ex

84 561 295 611 Aesculapi
333 561 624 611 religiosissimo
671 562 764 599 fano
811 559 1031 598 sustulisti?
1087 561 1208 609 Quod
1243 558 1417 609 quidem,

83 625 244 672 iudices,
278 638 368 664 cum
396 625 469 664 iste
495 628 595 664 clam
624 625 791 672 fecisset,
822 638 913 663 cum
943 625 995 662 ad
1022 637 1137 663 suum
1168 625 1295 662 scelus
1323 623 1419 661 illud

83 691 309 740 furtumque
352 691 543 729 nefarium
582 692 777 741 quosdam
816 689 998 728 homines
1050 689 1253 740 improbos
1296 689 1418 727 duces

82 762 200 804 atque
239 754 437 794 adiutores
473 755 729 801 adhibuisset,
761 756 1015 793 vehementer
1049 762 1250 793 commota
1282 753 1418 792 civitas

26 833 64 854 10
83 826 150 856 est.
217 821 310 858 Vno
339 820 445 858 enim
476 827 652 869 tempore
683 818 928 869 Agrigentini
959 818 1197 857 beneficium
1229 817 1416 864 Africani,

82 883 311 933 religionem
352 884 622 931 domesticam,
665 892 941 922 ornamentum
982 882 1100 930 urbis,
1136 882 1327 921 indicium
1367 881 1418 919 vi·

81 948 240 996 ctoriae,
254 948 524 988 testimonium
542 948 739 987 societatis
756 948 1017 998 requirebant.
1066 948 1206 997 Itaque
1223 947 1273 985 ab
1286 946 1332 985 iis
1349 946 1417 996 qui

80 1013 275 1064 principes
303 1014 342 1052 in
367 1027 414 1053 ea
441 1013 597 1052 civitate
624 1022 733 1052 erant
756 1012 993 1063 praecipitur
1019 1019 1057 1050 et
1078 1010 1281 1061 negotium
1302 1012 1418 1049 datur

80 1079 354 1128 quaestoribus
375 1087 413 1118 et
439 1078 633 1117 aedilibus
663 1086 705 1116 ut
735 1085 856 1116 noctu
880 1076 1029 1127 vigilias
1055 1083 1215 1125 agerent
1235 1076 1286 1113 ad
1307 1074 1416 1113 aedis

22 1156 59 1187 15
80 1157 217 1183 sacras.
281 1144 439 1183 Etenim
460 1144 532 1183 iste
546 1142 924 1193 Agrigenti—credo
947 1147 1104 1191 propter
1118 1139 1415 1178 multitudinem

78 1208 232 1247 illorum
268 1209 474 1247 hominurn
506 1217 624 1258 atque
659 1207 852 1252 virtutem,
883 1214 921 1245 et
953 1206 1062 1256 quod
1091 1205 1196 1243 cives
1227 1203 1415 1251 Romani,

76 1273 145 1311 viri
185 1275 302 1312 fortes
350 1282 468 1322 atque
503 1271 669 1318 honesti,
711 1270 894 1322 permulti
941 1270 981 1308 in
1020 1270 1087 1308 illo
1126 1269 1276 1320 oppido
1324 1282 1415 1307 con-

76 1338 323 1377 iunctissimo
347 1338 482 1377 animo
509 1351 599 1376 cum
630 1336 724 1387 ipsis
751 1335 1016 1386 Agrigentinis
1043 1335 1179 1373 vivunt
1199 1347 1246 1372 ac
1267 1333 1414 1384 negoti-

76 1411 327 1442 antur—non
353 1404 525 1443 audebat
556 1404 686 1453 palam
713 1413 875 1452 poscere
899 1408 966 1439 aut
990 1401 1126 1439 tollere
1156 1412 1258 1448 quae
1288 1400 1414 1449 place-

19 1483 59 1506 πο
78 1469 183 1508 bant.
258 1469 443 1508 Herculis
464 1470 656 1518 templum
679 1475 737 1506 est
757 1467 864 1517 apud
885 1465 1163 1516 Agrigentinos
1185 1477 1265 1502 non
1296 1465 1413 1513 longe

76 1547 98 1572 a
131 1535 226 1581 foro,
250 1546 343 1572 sane
364 1541 544 1572 sanctum
569 1533 676 1583 apud
705 1531 793 1570 illos
821 1538 859 1569 et
888 1529 1123 1580 religiosum.
1185 1528 1247 1567 Ibi
1278 1537 1336 1566 est
1366 1541 1412 1566 ex

75 1611 164 1637 aere
198 1598 448 1637 simulacrum
486 1597 606 1648 ipsius
641 1596 836 1643 Herculis,
872 1608 952 1645 quo
985 1607 1066 1633 non
1099 1594 1212 1632 facile
1247 1593 1411 1632 dixerim

73 1662 288 1713 quicquam
318 1676 382 1701 me
410 1662 555 1701 vidisse
584 1659 998 1712 pulchrius—tametsi
1029 1673 1109 1698 non
1139 1668 1220 1697 tam
1242 1661 1410 1697 multum

74 1727 114 1765 in
135 1727 217 1766 istis
244 1728 360 1766 rebus
388 1726 573 1777 intellego
594 1739 713 1776 quam
736 1727 860 1764 multa
880 1724 1143 1774 vidi—usque
1164 1736 1223 1771 eo,
1246 1723 1412 1771 iudices,

16 1807 55 1839 25
75 1800 117 1830 ut
144 1791 284 1830 rictum
305 1791 388 1830 eius
408 1804 454 1830 ac
475 1799 653 1829 mentum
674 1792 793 1841 paulo
814 1790 862 1828 sit
881 1789 1061 1836 attritius,
1084 1790 1194 1839 quod
1223 1788 1262 1826 in
1290 1788 1411 1838 preci—

74 1856 148 1894 bus
180 1864 218 1895 et
241 1855 566 1907 gratulationibus
594 1868 675 1894 non
705 1856 833 1893 solum
863 1854 904 1893 id
930 1853 1104 1893 venerari
1125 1867 1260 1892 verum
1291 1853 1409 1892 etiam

73 1920 241 1958 osculari
258 1922 395 1959 solent.
455 1921 520 1958 Ad
541 1921 617 1958 hoc
638 1921 842 1969 templum,
865 1932 957 1957 curn
978 1926 1080 1957 esset
1100 1917 1173 1956 iste
1193 1917 1410 1967 Agrigenti,

74 1985 176 2023 duce
203 1984 457 2023 Timarchide
478 1991 638 2034 repente
659 1990 776 2022 nocte
797 1983 1035 2034 intempesta
1056 1994 1256 2021 servorum
1287 1995 1410 2021 arma-

74 2056 204 2088 torum
235 2049 277 2087 fit
310 2061 524 2087 concursus
557 2055 676 2098 atque
714 2047 895 2098 impetus.
967 2048 1128 2087 Clamor
1166 2060 1189 2085 a
1226 2046 1408 2097 vigilibus

16 2127 57 2158 30
74 2114 233 2164 fanique
265 2113 496 2152 custodibus
530 2113 702 2161 tollitur;
749 2112 816 2163 qui
855 2112 982 2162 primo
1016 2125 1108 2151 cum
1143 2111 1334 2151 obsistere
1361 2125 1408 2151 ac

75 2180 286 2218 defendere
336 2186 579 2225 conarentur,
622 2178 723 2216 male
771 2177 931 2216 mulcati
980 2176 1098 2216 clavis
1144 2190 1190 2216 ac
1238 2176 1407 2215 fustibus

117 2291 138 2321 3
164 2292 230 2313 non
245 2293 265 2321 q
397 2292 419 2321 9
443 2286 640 2313 commotast
659 2282 778 2312 civitas
794 2279 953 2312 Zielinski
1086 2289 1126 2320 13
1151 2281 1359 2321 praecipitur
1374 2285 1407 2311 et

75 2325 142 2355 secl.
163 2324 287 2356 Rinkes
422 2336 459 2364 17
485 2330 585 2365 atque
606 2326 657 2366 (ac
677 2326 707 2366 δ)
727 2325 856 2356 strenui
876 2328 909 2355 et
928 2324 1061 2356 honesti
1077 2325 1117 2354 πδ
1249 2334 1292 2355 20
1317 2324 1406 2363 apud

75 2367 191 2409 Agrig.
213 2369 321 2400 abesse
339 2368 435 2399 malit
445 2369 572 2408 Jacoby

1257 2411 1318 2443 223*

1465 48 1485 59 A.

1441 138 1480 171 92

1437 343 1489 380 43

1440 401 1481 434 93

1433 1475 1476 1507 94

1468 53 1552 83 „52
