1600 2704
80 136 130 173 23
152 140 190 172 55
520 119 575 156 M.
607 115 775 154 TVLLI
807 109 1114 153 CICERONIS

94 241 132 283 56
153 247 250 274 rum.
310 231 513 284 Epicrates
533 227 715 268 homines
735 223 867 265 multis
887 220 1015 262 verbis
1035 221 1085 258 ab
1107 232 1148 257 se
1174 218 1277 256 male
1295 221 1481 264 acceptos

154 299 340 346 dimittit3
368 298 534 337 redeunt
553 293 608 332 illi
629 291 756 342 Regio
777 292 996 339 Syracusas,
1019 283 1129 335 queri
1156 295 1247 321 cum
1274 279 1416 326 multis,
1439 286 1482 316 ut

155 368 208 413 fit,
231 363 424 414 incipiunt
453 374 495 399 se
525 360 596 398 HS
628 368 742 395 LXXX
771 366 979 393 nummum
1008 352 1147 388 frustra
1174 346 1343 386 dedisse.
1402 345 1483 381 Res

156 427 397 481 percrebruit
426 433 465 465 et
494 424 534 463 in
561 436 628 462 ore
656 428 775 470 atque
805 429 984 457 sermone
1014 413 1193 454 omniurn
1223 409 1355 459 coepit
1385 420 1482 446 esse.

155 498 297 534 Verres
321 494 434 531 refert
454 490 560 528 illam
581 500 693 526 suam
722 487 1003 534 Syracusanam
1022 494 1032 528 3
1059 479 1113 517 ait
1137 491 1179 516 se
1207 477 1307 514 velle
1333 474 1385 512 de
1411 471 1485 510 illis

159 561 230 598 HS
270 568 385 596 Lxxx
416 564 680 604 cognoscere3
725 550 893 588 advocat
931 546 1087 583 multos.
1164 540 1315 579 Dicunt
1353 535 1486 576 Bidini

157 624 341 662 Volcatio
368 634 409 659 se
436 617 593 658 dedisse
611 630 621 663 3
651 615 748 652 illud
768 625 849 650 non
869 612 1032 656 addunt,
1056 608 1188 646 ‘iussu
1209 604 1343 643 istius!
1395 601 1488 638 Vol-

159 688 304 727 catium
325 691 452 731 vocat,
492 680 701 732 pecuniam
728 676 857 717 referri
886 676 1062 725 imperat.
1119 669 1324 710 Volcatius
1353 666 1488 705 animo

159 752 397 803 aequissimo
431 758 616 786 nummos
645 745 781 788 adfert,
811 740 879 791 qui
912 739 1010 778 nihil
1038 737 1245 783 amitteret,
1271 731 1402 771 reddit
1435 730 1489 768 in-

100 833 139 867 57
161 814 430 868 spectantibus
460 810 616 849 multis:
647 807 780 846 Bidini
809 817 994 843 nummos
1023 803 1214 841 auferunt.
1274 797 1391 836 Dicet
1425 794 1491 833 ali-

161 883 259 934 quis,
285 879 418 929 ‘Quid
438 890 529 927 ergo
550 875 590 913 in
610 875 687 912 hoc
706 874 870 910 Verrem
891 866 1155 919 reprehendis,
1178 864 1246 915 qui
1266 876 1349 901 non
1369 861 1491 899 modo

161 950 246 999 ipse
279 947 339 984 fur
370 956 452 982 non
481 948 550 987 est,
573 940 643 978 sed
672 950 723 976 ne
751 936 871 975 alium
902 933 1061 984 quidem
1094 942 1231 981 passus
1265 934 1324 967 est
1353 925 1491 964 esse?⁷

163 1010 368 1052 Attendite
387 1024 396 1056 3
426 1007 504 1046 iam
532 1002 765 1053 intellegetis
794 1003 897 1039 hanc
922 996 1146 1049 pecuniam,
1165 1007 1267 1044 quae
1287 992 1349 1030 via
1369 990 1492 1029 modo

162 1078 245 1116 visa
265 1083 323 1115 est
343 1073 445 1113 exire
465 1071 516 1110 ab
536 1070 623 1116 isto,
646 1069 788 1106 eodem
810 1064 948 1104 semita
974 1061 1186 1101 revertisse.
1246 1056 1356 1106 Quid
1385 1054 1493 1093 enim

164 1140 302 1182 debuit
331 1144 485 1189 praetor
515 1136 652 1179 facere,
685 1144 777 1170 cum
810 1128 976 1168 consilio
1008 1140 1048 1165 re
1078 1123 1235 1174 cognita
1263 1134 1355 1161 cum
1389 1131 1494 1158 com-

164 1207 327 1258 perisset
366 1214 481 1241 suum
521 1197 708 1237 comitem
747 1195 838 1234 iuris
873 1191 1020 1232 decreti
1061 1188 1181 1228 iudici
1214 1182 1494 1234 corrumpendi

164 1280 430 1318 causa,—qua
450 1266 490 1303 in
512 1277 551 1302 re
573 1263 692 1312 ipsius
714 1258 901 1311 praetoris
930 1263 1046 1306 caput
1077 1251 1391 1299 existimatioque
1410 1261 1495 1298 age-

166 1330 546 1383 retur,—-pecuniam
579 1327 788 1376 accepisse,
808 1323 973 1362 Bidinos
1002 1327 1135 1358 autern
1165 1314 1375 1368 pecuniam
1404 1326 1495 1350 con-

164 1411 221 1439 tra
251 1396 440 1449 praetoris
472 1396 617 1432 famam
651 1403 697 1429 ac
728 1392 902 1428 fortunas
932 1385 1118 1425 dedisse?
1155 1395 1237 1421 non
1267 1387 1305 1418 et
1334 1379 1374 1417 in
1404 1391 1496 1416 eum

165 1465 232 1516 qui
252 1464 468 1513 accepisset
489 1455 827 1497 animadvertisset
849 1460 886 1491 et
907 1451 947 1490 in
969 1463 1036 1489 eos
1057 1448 1125 1498 qui
1145 1445 1348 1486 dedissent
1363 1445 1381 1481 ?
1419 1444 1493 1487 Tu,

166 1530 233 1581 qui
254 1528 474 1568 institueras
494 1523 535 1561 in
571 1534 639 1560 eos
668 1519 977 1558 animadvertere
1002 1513 1069 1564 qui
1099 1522 1304 1563 perperam
1333 1506 1498 1546 iudicas-

167 1592 432 1643 sent‚—quod
462 1602 579 1640 saepe
608 1600 677 1638 per
706 1580 1011 1633 imprudentiam
1044 1577 1230 1623 fit‚—hos
1260 1571 1402 1623 pateris
1432 1571 1500 1608 im-

169 1674 274 1711 pune
302 1658 504 1698 discedere
533 1653 600 1703 qui
630 1652 683 1690 ob
713 1657 825 1687 tuum
855 1648 1070 1689 decretum,
1094 1641 1146 1680 ob
1176 1648 1288 1678 tuum
1310 1634 1500 1675 iudicium

100 1717 152 1753 ²4
172 1723 381 1775 pecuniam
409 1728 477 1759 aut
507 1718 681 1758 dandam
711 1720 777 1751 aut
804 1710 1076 1760 accipiendam
1106 1703 1320 1755 putarant?
1361 1701 1398 1737 V
1402 1700 1502 1738 olca-

113 1768 152 1806 58
173 1790 249 1828 tius
269 1789 374 1826 idem
395 1785 502 1835 apud
523 1791 561 1821 te
582 1787 719 1831 postea
739 1776 820 1823 fuit,
844 1787 965 1824 eques
983 1775 1202 1816 Romanus,
1217 1773 1324 1805 tanta
1339 1769 1502 1813 accepta

173 1850 412 1904 ignominia3
441 1861 534 1886 nam
564 1845 660 1895 quid
689 1850 748 1881 est
777 1839 926 1890 turpius
955 1838 1138 1886 ingenuo,
1171 1831 1268 1882 quid
1299 1829 1430 1868 minus
1463 1826 1504 1865 li-

172 1920 267 1957 bero
287 1916 450 1965 dignum
474 1923 593 1961 quam
619 1910 658 1946 in
685 1912 884 1945 conventu
910 1901 1081 1940 maximo
1111 1898 1197 1947 cogi
1224 1909 1248 1933 a
1277 1892 1504 1943 magistratu

172 1985 317 2021 furtum
349 1978 546 2018 reddere?
590 1973 659 2024 qui
692 1971 723 2010 si
755 1984 803 2009 eo
837 1967 972 2007 animo
1012 1972 1114 2004 esset
1148 1974 1228 2012 quo
1263 1972 1345 1998 non
1383 1957 1505 1996 modo

173 2059 292 2097 eques
326 2046 543 2088 Romanus,
580 2039 650 2077 sed
686 2034 812 2086 quivis
847 2033 945 2071 liber
977 2030 1097 2069 debet
1129 2039 1225 2073 esse,
1261 2023 1435 2074 aspicere
1467 2028 1505 2058 te

221 2159 234 2178 1
262 2148 347 2178 male
364 2156 432 2176 acc.
454 2144 495 2175 ab
514 2152 551 2173 se
572 2140 687 2181 Vsort.
710 2141 785 2169 recte
973 2145 992 2164 2
1017 2131 1153 2163 dimittit
1174 2127 1268 2160 1701:
1294 2125 1419 2157 dimisit
1437 2123 1504 2154 rell.

175 2203 195 2231 3
219 2202 255 2222 se
277 2191 323 2220 V:
348 2199 424 2220 sese
444 2187 507 2218 rell.
598 2194 617 2223 5
643 2192 713 2213 rem
732 2181 837 2211 refert
850 2178 999 2209 Kahntio
1015 2180 1098 2207 auct.
1118 2172 1204 2204 [οι-α’.
1225 2183 1232 2202 :
1255 2170 1347 2201 illam
1364 2168 1505 2199 fabulam

178 2235 289 2266 Mucll.
388 2234 408 2262 8
433 2232 577 2269 imperat
594 2226 681 2257 codd.
704 2222 875 2265 praeterO
893 2220 1012 2260 (iubet)
1118 2227 1156 2255 13
1180 2224 1265 2254 quae
1285 2213 1335 2244 O:
1359 2222 1424 2251 qua
1441 2208 1505 2240 rell.

182 2289 218 2317 14
243 2277 363 2308 eodem
388 2274 521 2314 scripsi:
552 2271 670 2301 eadem
697 2266 785 2298 codd.
799 2269 929 2306 praeter
952 2264 993 2295 Οι
1021 2258 1299 2302 <eam=eandem
1315 2258 1354 2286 ΖΝ.
1403 2254 1450 2294 Cf.
1472 2252 1508 2290 ii,

181 2326 195 2358 ξ
215 2331 274 2359 50:
303 2320 350 2350 Cl.
369 2319 448 2348 Rev.
467 2327 525 2353 xx,
543 2315 607 2352 256
769 2319 806 2348 15
832 2319 868 2339 re
887 2308 1020 2347 cognita
1033 2311 1057 2346 p
1075 2303 1139 2335 rell.
1153 2305 1283 2342 praeter
1298 2299 1339 2329 0¹
1359 2297 1510 2337 (cognita

180 2363 293 2399 causa)
409 2362 447 2390 18
471 2358 645 2398 pecuniam
663 2365 728 2385 0111.
749 2355 765 2383 δ
876 2362 918 2381 20
943 2347 1236 2381 animadvertisset
1253 2342 1310 2374 cO¹
1328 2353 1335 2372 z
1362 2341 1509 2372 animum

181 2407 363 2439 advertisse
378 2404 442 2444 qu
598 2409 639 2437 23
666 2398 707 2428 ob
723 2402 816 2428 tuum
836 2396 1006 2425 decretum
1024 2403 1089 2423 om.
1111 2390 1141 2421 Ο
1157 2400 1164 2419 ;
1188 2386 1245 2418 sed
1258 2387 1296 2426 cf.
1317 2388 1331 2423 ᾗ
1351 2386 1392 2414 26
1407 2387 1510 2423 snpra

183 2463 222 2490 24
249 2450 407 2490 putabant
428 2447 457 2477 O

1512 806 1549 828 10

1517 1130 1553 1162 ¹5

1518 1452 1559 1474 20

1524 1774 1560 1807 25
