1600 2704
372 127 434 165 IN
466 128 510 168 c.
543 131 785 173 VERREM
815 138 991 180 ACTIO
1018 144 1207 186 PRIMA
1406 164 1451 202 15
1470 169 1512 202 43

117 231 193 269 hoc
222 232 333 271 vobis
364 234 550 277 divinitus
580 241 717 280 datum
752 257 836 284 esse
871 255 913 285 ut
947 250 1051 297 odio,
1084 253 1241 303 invidia,
1275 258 1445 310 infamia,

115 294 357 344 turpitudine
396 307 523 340 totum
563 305 742 345 ordinem
789 309 971 351 liberetis.
1050 317 1170 357 Nulla
1213 320 1252 358 in
1292 322 1446 365 iudiciis

112 359 305 408 severitas,
329 364 435 403 nulla
463 367 607 418 religio,
631 373 739 410 nulla
763 374 936 426 denique
963 378 1038 417 iam
1067 382 1338 426 existimantur
1358 403 1444 430 esse

109 422 263 464 iudicia.
325 428 466 479 Itaque
495 444 517 470 a
546 437 695 484 populo
726 439 913 480 Romano
943 448 1245 498 contemnimur,
1277 453 1442 504 despici-

70 500 218 537 5mur3
259 492 364 540 gravi
399 494 664 549 diuturnaque
697 500 774 540 iam
814 506 1021 555 flagramus
1060 510 1231 553 infamia.

105 552 209 591 enim
231 556 350 594 ullam
371 558 486 598 aliam
509 562 562 600 ob
582 576 740 604 causam
766 571 935 618 populus
958 573 1164 616 Romanus
1185 579 1435 624 tribuniciam

101 624 337 665 potestatem
372 629 482 662 tanto
517 627 649 667 studio
688 631 912 683 requisivit3
952 649 1070 686 quam
1106 654 1196 681 cuni
1232 648 1432 697 poscebat,

99 682 220 721 verbo
257 683 363 724 illam
402 701 565 737 poscere
599 693 815 745 videbatur,
853 713 894 738 re
924 715 1013 741 vera
1047 705 1192 747 iudicia
1230 714 1430 761 poscebat.

99 745 241 796 Neque
276 750 352 789 hoc
388 753 438 801 Q.
470 755 667 806 Catulum,
706 761 907 803 hominem
944 768 1276 819 sapientissimum
1311 786 1430 829 atque

41 821 79 843 10
94 812 393 864 amplissimum,
430 820 538 870 fugit,
575 824 641 873 qui
677 826 750 865 Cn.
790 829 992 880 Pompeio,
1029 834 1111 874 viro
1145 839 1357 882 fortissimo
1390 852 1428 883 et

94 876 320 927 clarissimo,
344 883 394 921 de
420 883 627 926 tribunicia
654 899 848 939 potestate
876 897 1066 938 referente
1091 914 1180 940 curn
1212 915 1314 945 esset
1343 922 1428 947 sen-

92 942 255 982 tentiam
277 955 444 997 rogatuS‚
469 951 545 990 hoc
566 952 678 993 initio
699 964 757 995 est
778 971 932 999 summa
953 975 1043 1002 cum
1064 969 1297 1010 auctoritate
1318 987 1421 1024 usus,

89 1013 218 1054 patres
239 1013 483 1062 conscriptos
507 1015 651 1056 iudicia
673 1022 774 1060 male
795 1030 832 1060 et
853 1025 1044 1074 flagitiose
1065 1032 1186 1078 tueri3
1219 1038 1361 1084 quodsi
1383 1040 1421 1078 in

88 1070 204 1110 rebus
233 1072 455 1116 iudicandis
485 1081 621 1130 populi
652 1084 825 1124 Romani
855 1088 1133 1133 existimationi
1168 1099 1260 1137 satis
1294 1102 1420 1144 facere

27 1143 64 1176 15
85 1135 311 1186 voluissent,
353 1154 433 1180 non
473 1150 583 1183 tanto
622 1159 741 1197 opere
784 1152 965 1192 homines
1009 1157 1128 1199 fuisse
1167 1162 1416 1208 tribuniciam

82 1206 317 1247 potestatem
340 1205 639 1249 desideraturos.
692 1213 783 1263 Ipse
804 1217 977 1268 denique
994 1222 1069 1261 Cn.
1088 1225 1302 1277 Pompeius
1323 1246 1413 1272 cum
1434 1253 1475 1285 45

79 1263 249 1311 primum
271 1269 497 1310 contionem
519 1275 570 1312 ad
592 1276 729 1315 urbem
752 1284 889 1320 consul
911 1275 1137 1336 designatus
1159 1292 1307 1342 habuit,
1331 1298 1409 1346 ubi,

78 1326 118 1366 id
145 1333 253 1379 quod
285 1335 452 1376 maxime
482 1343 696 1390 exspectari
727 1344 943 1397 videbatur,
977 1355 1151 1394 ostendit
1180 1371 1222 1397 se
1253 1361 1411 1402 tribuni-

77 1391 177 1432 ciam
206 1405 442 1446 potestatem
474 1405 755 1458 restituturum,
776 1412 901 1452 factus
931 1424 989 1454 est
1016 1417 1055 1456 in
1083 1434 1131 1459 eo
1158 1425 1340 1475 strepitus
1371 1438 1409 1468 et

10 1471 57 1494 Ἰπο
73 1466 180 1507 grata
195 1463 392 1504 contionis
407 1468 727 1512 admurmuratio
767 1476 881 1515 Idem
898 1478 937 1517 in
955 1483 1094 1522 eadem
1112 1488 1298 1529 contione
1315 1505 1405 1532 cum

71 1521 231 1564 dixisset
254 1531 462 1579 populatas
483 1543 719 1587 vexatasque
740 1552 825 1580 esse
849 1544 1082 1595 provincias,
1106 1549 1251 1591 iudicia
1270 1564 1403 1596 autem

69 1588 196 1638 turpia
223 1604 270 1631 ac
299 1595 491 1645 flagitiosa
520 1600 601 1638 fieri
616 1615 626 1648 3
665 1602 698 1641 ei
730 1604 783 1643 rei
814 1619 855 1645 se
886 1610 1092 1658 providere
1121 1628 1167 1653 ac
1197 1622 1402 1662 consulere

66 1653 189 1702 velle‚·
227 1664 310 1696 tum
341 1673 433 1700 vero
462 1676 543 1702 non
574 1667 747 1717 strepitu,
780 1673 850 1710 sed
881 1675 1053 1716 maximo
1087 1681 1259 1722 clamore
1288 1698 1398 1726 suam

64 1721 234 1767 populus
275 1724 480 1766 Romanus
520 1729 753 1780 significavit
786 1738 1041 1780 voluntatem.
1106 1746 1226 1787 Nunc
1263 1759 1434 1823 autem4

6 1794 43 1825 25
64 1781 244 1825 homines
265 1787 305 1826 in
326 1792 495 1840 speculis
520 1803 635 1844 sunt3
665 1799 875 1840 observant
894 1816 1012 1854 quem
1040 1809 1090 1847 ad
1118 1813 1282 1852 modum
1310 1828 1395 1856 sese

61 1859 162 1887 unus
196 1852 364 1903 quisque
402 1866 579 1898 nostrum
617 1871 724 1912 gerat
763 1864 802 1903 in
841 1868 1047 1911 retinenda
1082 1875 1268 1926 religione
1302 1893 1394 1920 con-

59 1915 338 1967 servandisque
359 1921 520 1970 legibus.
571 1925 720 1966 Vident
735 1931 867 1971 adhuc
886 1943 976 1982 post
998 1937 1123 1987 legem
1141 1941 1389 1984 tribuniciam

1296 518 1439 570 Neque
1458 537 1502 568 44

1418 1723 1465 1761 16

1438 1781 1458 1815 6

1231 2022 1242 2055 5
1280 2013 1388 2059 quod

1277 2077 1386 2124 quod

1271 2151 1383 2188 gruni

54 2043 209 2082 tametsi
258 2059 339 2085 non
388 2053 692 2103 reprehendunt,
739 2066 871 2099 tamen
919 2077 1063 2116 magno
1112 2082 1230 2119 opere

0 2114 34 2145 30
53 2105 214 2147 laudent
234 2123 314 2149 non
337 2113 485 2153 habent
502 2131 512 2164 3
543 2120 651 2158 nulla
678 2128 735 2160 est
764 2123 869 2163 enim
897 2127 980 2167 laus
1008 2130 1062 2169 ibi
1084 2145 1168 2173 esse
1189 2135 1269 2176 inte

94 2218 114 2248 3
137 2212 262 2243 veritas
279 2216 357 2246 coni.
375 2215 494 2250 Halm.
515 2230 521 2249 z
545 2221 581 2260 cf.
602 2224 638 2259 ἐξ
657 2231 688 2261 3,
708 2233 746 2262 5¹
769 2236 776 2255 :
799 2235 820 2255 v
840 2229 855 2264 ξ
878 2237 937 2267 130
1092 2244 1131 2265 10
1155 2236 1234 2270 sort.
1252 2245 1285 2270 et
1302 2241 1381 2274 clar.

50 2249 155 2284 ow:
180 2255 258 2287 clar.
289 2264 322 2289 et
351 2259 426 2291 sort.
448 2273 470 2291 π
587 2274 628 2295 22
652 2276 690 2297 ac
717 2266 794 2307 pr
816 2270 858 2300 al.
879 2282 887 2301 ε
911 2278 1010 2312 atque
1040 2275 1139 2316 G2K:
1164 2286 1198 2312 et
1215 2284 1249 2312 νδ
1338 2288 1381 2316 26

49 2301 198 2328 nostrum
217 2297 304 2330 ΒΨπ
320 2313 326 2332 :
350 2308 501 2336 vestrum
518 2305 605 2338 Jord.
740 2312 782 2341 28
799 2318 877 2352 post
891 2322 1083 2350 senatorem
1107 2322 1183 2355 add.
1204 2324 1377 2359 hominem

47 2336 214 2381 Frt‘tzsclze,
233 2342 321 2376 Iord.
342 2345 465 2387 Kays.:
486 2359 590 2382 unum
608 2351 782 2385 hominem
800 2356 854 2387 vel
871 2362 937 2389 ten.
957 2359 1034 2393 Asc.
