1600 2704
61 126 328 166 ACTIONIS
359 125 421 163 IN
451 125 496 165 C.
519 125 763 162 VERREM
793 124 1093 163 SECVNDAE
1124 125 1227 161 LIB.
1253 125 1311 162 IV
1361 132 1388 171 4

61 234 247 281 Primum,
270 233 302 272 si
328 233 368 272 id
393 233 502 284 quod
522 232 579 271 vis
607 232 677 271 tibi
699 245 773 283 ego
799 233 1030 278 concedam,
1053 239 1095 270 ut
1120 231 1271 279 emeris,
1294 245 1387 282 quo—

58 299 163 339 niam
194 298 234 336 in
269 305 354 337 toto
388 299 465 337 hoc
497 311 640 348 genere
673 299 747 336 hac
785 310 866 336 una
896 296 1127 336 defensione
1159 309 1298 334 usurus
1332 309 1384 343 es,

57 377 204 415 quaero
232 363 344 402 cuius
375 363 483 402 modi
511 370 553 401 tu
583 362 728 401 iudicia
758 364 912 400 Romae
941 361 1089 411 putaris
1123 374 1218 407 esse,
1251 360 1282 399 si
1317 360 1386 399 tibi

57 430 133 467 hoc
162 441 404 479 quemquam
433 440 714 467 concessurum
743 427 899 477 putasti,
923 434 961 465 te
990 426 1029 464 in
1061 433 1241 476 praetura
1268 432 1387 475 atque

19 509 36 541 5
57 493 223 543 imperio
261 500 319 531 tot
357 505 418 531 res
457 501 537 531 tam
576 492 778 543 pretiosas,
815 491 945 530 omnis
984 491 1158 541 denique
1192 503 1252 529 res
1286 503 1387 540 quae

56 557 220 596 alicuius
240 557 339 607 preti
359 556 514 604 fuerint,
537 564 619 595 tota
639 570 686 595 ex
706 556 908 607 provincia
929 556 1153 595 coemisse?

110 622 254 661 Videte
285 622 476 661 maiorum
508 621 762 672 diligentiam,
795 621 862 671 qui
893 621 1088 660 nihildum
1123 620 1241 658 etiam
1277 619 1387 658 istius

57 688 164 726 modi
186 687 497 738 suspicabantur,
519 700 654 726 verum
686 694 819 726 tamen
843 700 889 725 ea
913 700 1015 736 quae
1042 686 1169 735 parvis
1200 685 1238 723 in
1270 685 1386 723 rebus

55 752 235 791 accidere
273 759 454 802 poterant
484 751 755 802 providebant.
816 751 1028 790 Neminem
1060 750 1127 800 qui
1158 764 1248 788 cum
1280 757 1386 800 pote-

0 834 36 856 10
56 824 154 856 state
174 825 241 855 aut
262 817 457 867 legatione
478 816 517 854 in
538 816 781 867 provinciam
802 824 904 855 esset
925 817 1123 865 profectus
1150 824 1228 854 tam
1255 828 1387 853 amen-

55 889 134 921 tem
156 883 238 920 fore
258 889 494 932 putaverunt
521 889 563 919 ut
588 888 735 920 emeret
760 888 977 931 argentum,
1005 880 1172 919 dabatur
1201 880 1306 918 enim
1334 881 1385 918 de

54 946 216 998 publico
236 962 243 991 ;
272 953 315 985 ut
334 953 496 994 vestem,
519 947 780 997 praebebatur
808 945 914 985 enim
936 945 1112 995 legibus;
1142 944 1383 994 mancipium

55 1019 251 1063 putarunt,
275 1024 356 1062 quo
382 1019 421 1050 et
447 1024 586 1050 omnes
608 1011 753 1049 utimur
773 1018 812 1050 et
836 1023 916 1048 non
938 1010 1146 1060 praebetur
1166 1024 1187 1047 a
1208 1011 1357 1059 populo
1377 1025 1383 1046 :

55 1083 266 1115 sanxerunt
296 1089 346 1114 ne
372 1075 460 1125 quis
490 1084 636 1114 emeret
663 1075 737 1113 nisi
759 1075 798 1113 in
820 1074 1016 1113 demortui
1044 1075 1186 1111 locum.
1247 1074 1286 1112 Si
1317 1074 1382 1123 qui

0 1155 34 1188 ¹5
57 1142 211 1179 Romae
231 1148 334 1179 esset
353 1141 613 1179 demortuus?
641 1140 774 1186 immo,
797 1139 829 1177 si
851 1139 938 1189 quis
963 1138 1110 1177 ibidem
1129 1153 1137 1185 ;
1167 1152 1246 1177 non
1277 1139 1381 1178 enim

53 1213 91 1245 te
121 1205 310 1245 instruere
336 1206 501 1244 domum
521 1213 629 1244 tuam
651 1206 858 1244 voluerunt
878 1204 917 1242 in
938 1203 1149 1254 provincia,
1172 1205 1242 1243 sed
1273 1204 1380 1242 illum

51 1284 167 1309 usum
197 1270 421 1321 provinciae
450 1271 642 1320 supplere.
703 1271 817 1319 Quae
848 1269 919 1307 fuit
949 1282 1066 1307 causa
1092 1282 1161 1307 cur
1188 1277 1266 1307 tam
1299 1269 1382 1308 dili-

51 1343 188 1387 genter
230 1349 302 1374 nos
350 1335 390 1373 in
433 1335 644 1386 provinciis
687 1335 738 1374 ab
781 1334 1051 1385 emptionibus
1099 1336 1382 1373 removerent?

53 1401 179 1447 Haec,
203 1399 365 1447 iudices,
399 1401 508 1450 quod
533 1400 726 1450 putabant
758 1399 1002 1449 ereptionem
1036 1411 1132 1445 esse,
1166 1412 1246 1437 non
1277 1412 1383 1449 emp-

0 1464 214 1510 notionem,
241 1478 332 1503 cum
366 1464 562 1503 venditori
595 1478 667 1503 suo
701 1464 888 1502 arbitratu
918 1464 1089 1502 vendere
1124 1477 1205 1501 non
1236 1463 1378 1502 liceret.

54 1529 102 1567 In
132 1528 342 1579 provinciis
372 1528 662 1579 intellegebant,
686 1528 718 1566 si
742 1528 773 1566 is
803 1528 869 1578 qui
898 1535 999 1566 esset
1026 1541 1116 1566 cum
1143 1528 1308 1578 imperio
1336 1541 1381 1566 ac

53 1601 246 1644 potestate
267 1594 376 1644 quod
403 1595 510 1644 apud
539 1606 740 1643 quemque
767 1601 869 1631 esset
897 1606 1026 1631 emere
1047 1594 1174 1639 vellet,
1199 1592 1319 1643 idque
1346 1592 1380 1631 ei

52 1658 195 1706 liceret,
218 1659 300 1697 fore
324 1658 378 1696 uti
407 1659 516 1708 quod
543 1658 711 1708 quisque
736 1659 861 1703 vellet,
895 1657 974 1695 sive
1003 1664 1104 1695 esset
1134 1658 1271 1696 venale
1301 1657 1382 1695 sive

52 1737 131 1762 non
153 1731 266 1771 esset,
289 1723 425 1773 quanti
446 1724 562 1762 vellet
581 1724 760 1761 auferret.

0 1805 34 1838 25
108 1787 224 1827 Dicet
254 1787 418 1838 aliquis:
461 1788 577 1826 ‘Noli
609 1788 684 1826 isto
719 1789 842 1827 modo
870 1801 984 1838 agere
1016 1800 1105 1826 cum
1135 1789 1267 1833 Verre,
1302 1788 1380 1826 noli

52 1852 134 1891 eius
164 1854 267 1891 facta
295 1854 347 1892 ad
376 1853 562 1903 antiquae
594 1853 790 1903 religionis
822 1853 1013 1891 rationem
1037 1851 1263 1902 exquirere:
1293 1866 1383 1891 con-

52 1920 150 1957 cede
173 1926 216 1956 ut
246 1918 409 1968 impune
429 1918 577 1965 emerit,
601 1919 724 1958 modo
745 1926 788 1956 ut
808 1919 914 1957 bona
942 1918 1093 1956 ratione
1114 1917 1262 1964 emerit,
1286 1917 1382 1955 nihil

53 1997 122 2034 pro
160 1990 365 2033 potestate,
406 1983 503 2021 nihil
541 1984 592 2022 ab
631 1983 764 2029 invito,
799 1982 896 2021 nihil
936 1996 1004 2033 per
1043 1982 1248 2020 iniuriam.'
1319 1982 1383 2021 Sic

51 2061 188 2098 agam:
218 2047 260 2094 si,
284 2049 393 2098 quod
417 2049 554 2087 venale
583 2047 721 2086 habuit
753 2048 893 2094 Heius,
916 2047 956 2086 id
986 2047 1121 2097 quanti
1149 2046 1383 2086 aestimabat

0 2127 35 2159 30
51 2113 149 2152 tanti
169 2112 362 2161 vendidit,
382 2113 523 2152 desino
544 2126 730 2162 quaerere
751 2126 819 2151 cur
840 2112 991 2150 emeris.

93 2218 115 2247 6
137 2215 272 2248 fuerunt
289 2216 354 2247 Rs
454 2219 474 2248 8
498 2218 610 2258 pravis
627 2217 834 2257 temporibus
851 2217 1014 2255 Schwabe,
1032 2216 1204 2248 Eberhard
1217 2216 1283 2259 (cl.
1300 2216 1381 2249 Rev.

52 2259 142 2291 xviii.
160 2261 239 2301 210)
377 2262 416 2291 16
440 2260 548 2301 ipsum
567 2271 660 2292 usum
678 2261 768 2292 Nolzl
907 2271 947 2300 27
973 2261 1073 2292 modo
1090 2265 1126 2291 ut
1142 2260 1208 2292 56:
1235 2261 1337 2292 modo
1349 2266 1384 2292 ut

53 2303 87 2333 in
103 2302 178 2343 Rp:
202 2304 303 2334 modo
320 2303 452 2343 Meusel,
471 2304 562 2335 Nolzl
670 2315 711 2344 29
734 2305 762 2336 si
778 2305 868 2345 quod
886 2304 1004 2335 venale
1022 2304 1135 2335 habuit
1152 2304 1224 2335 eius
1241 2304 1382 2345 (Heius)

53 2345 86 2377 id
102 2347 216 2386 quanti
241 2346 325 2378 RS:
349 2348 376 2378 si
395 2349 475 2387 quid
496 2349 598 2388 (quod
610 2348 649 2389 p)
669 2359 745 2380 ven.
768 2348 843 2379 hab.
866 2347 975 2379 Heius
999 2348 1026 2378 si
1052 2348 1084 2378 id
1109 2349 1224 2387 quanti
1237 2353 1272 2388 p,
1292 2348 1381 2388 vulg.

53 2400 95 2429 30
119 2400 176 2420 cur
192 2390 280 2421 codd.
297 2402 304 2420 ε
330 2391 445 2422 iurene
462 2391 590 2431 Eberlz„
610 2402 676 2431 quo
694 2393 764 2422 iure
782 2390 892 2431 Meyer

1407 130 1426 160 8

1406 657 1425 686 9

1404 1287 1442 1308 10
