1600 2704
75 85 343 129 ACTIONIS
366 91 427 130 IN
449 93 492 133 C.
517 96 758 137 VERREM
781 101 1080 145 SECVNDAE
1103 109 1205 149 LIB.
1231 112 1297 151 III
1349 124 1402 163 45
1424 89 1487 155 10t3

72 194 150 234 fere
170 197 314 238 finibus
334 203 603 251 possessiones
625 208 783 257 habent,
806 211 924 251 etiam
952 222 1168 257 ceterarum
1198 221 1399 264 civitatum

69 260 216 299 damna
235 275 280 301 ac
301 265 537 308 detrimenta
557 282 774 312 senserunt.
1447 326 1476 364 6

122 325 281 374 Verum,
305 328 360 367 uti
381 330 471 380 dixi,
496 334 593 373 ratio
614 345 718 376 certa
739 347 797 378 est
817 342 1080 384 Aetnensium
1102 356 1140 386 et
1167 350 1336 399 publicis
1361 362 1399 393 et
1416 336 1483 427 209

65 389 224 439 privatis
244 392 379 433 litteris
400 398 639 449 consignata.
700 405 819 444 Meae
839 407 1065 459 diligentiae
1085 426 1252 463 pensum
1275 419 1398 469 magis

26 469 43 500 5
64 454 104 492 in
130 456 328 497 Leontino
347 473 440 510 agro
460 471 518 502 est
539 465 774 516 exigendum
790 481 950 523 propter
970 476 1072 516 hanc
1093 491 1263 529 causam,
1288 486 1397 533 quod

63 518 136 569 ipsi
169 522 354 562 Leontini
384 527 543 576 publice
581 544 662 570 non
702 546 797 574 sane
832 550 895 577 me
934 542 1102 580 multum
1137 545 1396 598 adiuverunt,-

61 597 190 634 neque
228 588 334 627 enim
373 605 441 631 eos
472 593 546 633 isto
577 606 755 646 praetore
789 602 864 641 hae
890 605 1201 649 decumanorum
1231 611 1394 655 iniuriae

59 649 263 699 laeserunt,
286 654 417 703 potius
438 658 567 708 etiam,
590 660 751 712 iudices,
774 665 1018 708 adiuverunt.
1063 673 1209 714 Mirum
1231 677 1393 719 fortasse

58 714 134 752 hoc
154 716 266 755 vobis
286 727 353 758 aut
374 720 604 765 incredibile
625 727 813 779 videatur,
830 731 870 771 in
892 735 1009 774 tantis
1025 747 1221 779 aratorum
1243 742 1391 783 incom-

0 789 38 811 10
57 779 186 819 modis
219 782 447 835 Leontinos,
485 789 551 839 qui
590 791 787 844 principes
826 797 880 836 rei
919 800 1195 844 frumentariae
1233 808 1386 857 fuerint,

55 845 222 894 expertis
260 847 605 893 incommodorum
652 865 771 908 atque
819 860 1045 904 iniuriarum
1085 869 1214 909 fuisse.
1294 875 1387 913 Hoc

53 921 194 950 causae
224 920 292 960 est,
325 914 486 965 iudices,
519 922 627 969 quod
657 922 696 960 in
730 937 824 974 agro
856 928 1053 970 Leontino
1084 943 1235 982 praeter
1266 951 1384 977 unam

54 974 296 1016 Mnasistrati
326 980 513 1021 familiam
543 986 698 1034 glebam
731 989 1015 1032 Leontinorum
1046 998 1222 1046 possidet
1252 1015 1381 1041 nemo.

52 1038 192 1089 Itaque
217 1043 471 1094 Mnasistrati,
494 1049 666 1089 hominis
694 1053 960 1096 honestissimi
988 1068 1106 1110 atque
1136 1064 1275 1113 optimi
1300 1067 1380 1115 viri,

0 1116 28 1148 [5
49 1104 331 1156 testimonium,
366 1108 526 1160 iudices,
558 1116 749 1156 audistis:
789 1127 940 1160 ceteros
974 1124 1204 1176 Leontinos,
1238 1131 1382 1180 quibus

47 1180 128 1206 non
160 1172 281 1210 modo
300 1175 499 1224 Apronius
521 1177 559 1216 in
581 1180 680 1230 agris
711 1184 781 1222 sed
803 1198 853 1224 ne
876 1194 1089 1238 tempestas
1111 1193 1273 1242 quidem
1303 1200 1381 1237 ulla

46 1245 187 1274 nocere
208 1238 347 1286 potuit,
371 1250 596 1291 exspectare
617 1246 739 1287 nolite
760 1263 766 1286 :
797 1251 944 1290 etenim
970 1267 1050 1293 non
1082 1259 1205 1297 modo
1232 1260 1380 1301 incom-

45 1299 152 1338 modi
174 1300 271 1340 nihil
292 1314 491 1354 ceperunt,
516 1310 586 1348 sed
607 1310 724 1350 etiarn
747 1313 786 1352 in
808 1317 1047 1366 Apronianis
1070 1321 1144 1362 illis
1165 1325 1310 1375 rapinis
1338 1328 1376 1367 in

43 1373 209 1412 quaestu
231 1376 321 1406 sunt
342 1373 663 1426 compendioque
684 1380 834 1419 versati.

3 1442 24 1464 0
97 1429 357 1482 Quapropter,
382 1437 569 1485 quoniam
601 1442 796 1483 Leontina
826 1446 962 1487 civitas
993 1463 1056 1490 me
1084 1461 1203 1504 atque
1233 1458 1375 1508 legatio
1400 1473 1461 1496 110

40 1502 198 1544 propter
229 1509 316 1536 eam
351 1512 469 1549 quam
502 1503 580 1543 dixi
613 1519 771 1548 causam
803 1512 957 1561 defecit,
991 1516 1170 1558 mihimet
1201 1520 1375 1563 ineunda

39 1558 136 1597 ratio
163 1567 201 1599 et
231 1561 293 1601 via
322 1566 556 1615 reperiunda
584 1578 641 1610 est
670 1586 748 1623 qua
779 1577 830 1614 ad
859 1580 1011 1628 Aproni
1043 1592 1262 1634 quaestum,
1292 1589 1373 1629 sive

36 1623 138 1662 adeo
165 1637 242 1674 qua
262 1628 312 1666 ad
338 1628 447 1670 istius
469 1631 668 1683 ingentem
691 1637 986 1693 immanemque
1010 1650 1196 1696 praedam
1222 1654 1370 1702 possim

36 1690 246 1737 pervenire.
307 1694 400 1744 Agri
434 1697 617 1738 Leontini
650 1703 844 1745 decumae
880 1708 994 1748 tertio
1025 1725 1131 1752 anno
1164 1717 1369 1758 venierunt

0 1752 149 1799 5tritici
183 1756 429 1798 medimnum
462 1773 609 1813 xxxvi,
645 1768 721 1807 hoc
757 1779 815 1809 est
849 1772 963 1812 tritici
996 1778 1100 1816 mod.
1132 1791 1181 1819 cc
1223 1791 1261 1820 et
1295 1796 1366 1822 xvi

34 1817 202 1858 milibus.
264 1823 423 1874 Magno,
455 1826 615 1877 iudices,
654 1845 827 1884 magn03
865 1851 996 1888 neque
1031 1842 1136 1882 enim
1172 1846 1248 1885 hoc
1281 1861 1367 1898 pos·

32 1893 119 1921 sum
158 1898 310 1936 negare.
371 1890 512 1941 Itaque
550 1908 712 1937 necesse
747 1908 805 1938 est
836 1911 903 1941 aut
939 1906 1129 1946 damnum
1164 1920 1231 1949 aut
1262 1922 1365 1953 certe

30 1959 111 1985 non
136 1962 323 2000 magnum
358 1955 510 1995 lucrum
542 1960 681 2001 fecisse
715 1964 958 2007 decumanos
974 1985 984 2017 ,·
1022 1973 1099 2011 hoc
1125 1975 1229 2014 enim
1266 1980 1365 2018 solet

29 2023 101 2050 usu
123 2014 255 2054 venire
276 2016 320 2056 iis
342 2019 409 2068 qui
438 2034 583 2071 magno
603 2027 864 2069 redemerunt.
922 2034 1042 2083 Quid,
1066 2037 1096 2075 si
1127 2042 1296 2081 ostendo
1323 2044 1362 2082 in
1387 2061 1443 2084 111

0 2076 101 2115 >hac
131 2091 210 2117 una
239 2083 441 2131 emptione
468 2087 562 2125 lucri
596 2089 676 2128 fieri
710 2092 824 2132 tritici
862 2099 968 2136 mod.
999 2102 1055 2139 c?
1086 2103 1192 2152 quid,
1223 2106 1252 2144 si
1281 2111 1362 2147 cc?

27 2141 132 2190 quid,
157 2143 187 2182 si
209 2147 314 2185 ccc?
343 2148 452 2198 quid,
470 2151 499 2189 si
521 2164 622 2193 cccc
644 2155 781 2197 milia?
809 2161 1042 2205 dubitabitis
1065 2168 1181 2207 etiarn
1204 2172 1265 2210 cui
1288 2173 1360 2212 ista

69 2254 88 2283 3
113 2247 159 2278 uti
177 2248 249 2280 cO:
273 2256 308 2281 ut
322 2256 345 2291 p
362 2253 427 2285 rell.
597 2260 618 2289 6
643 2260 778 2293 multum
798 2273 853 2295 me
872 2265 902 2296 Ο
1071 2281 1087 2310 7
1114 2273 1176 2304 hec
1197 2274 1248 2306 O:
1274 2277 1357 2310 haec

26 2285 164 2320 Mueller
308 2304 344 2334 15
367 2298 508 2329 audistis
526 2300 574 2331 cO
590 2312 596 2331 :
621 2304 803 2346 audietisp
822 2308 885 2339 rell.
1034 2324 1076 2345 20
1100 2316 1203 2350 leont.
1221 2320 1282 2352 civ.
1302 2332 1356 2352 me

24 2341 46 2359 π
62 2331 105 2363 al.
124 2344 131 2362 :
164 2345 216 2365 me
233 2336 334 2370 leont.
355 2340 415 2372 civ.
437 2341 479 2380 O,
500 2347 537 2374 ut
551 2344 687 2386 videtur,
706 2348 777 2379 cdd.
922 2363 963 2393 24
988 2365 1135 2390 veneunt
1155 2361 1185 2392 O
1314 2366 1356 2396 28

24 2373 227 2409 decumanos
247 2380 277 2411 O
295 2392 300 2411 :
325 2393 392 2412 -um
408 2389 432 2422 p
449 2386 515 2417 rell.
622 2399 658 2428 31
686 2393 774 2433 quid,
794 2394 821 2425 si
839 2405 898 2427 ccc
914 2398 961 2429 cO
979 2411 984 2428 :
1009 2411 1075 2433 om.
1095 2404 1162 2435 rell.
