1600 2704
97 143 125 181 9
151 138 189 169 28
515 118 574 156 M.
604 111 773 153 TVLLI
803 100 1110 148 CICERONIS

149 237 353 279 inimicum
385 244 471 272 esse
496 227 610 274 dicis,
629 236 714 263 sese
744 229 877 259 tamen
900 224 939 254 te
959 220 1091 252 actore
1111 209 1163 248 ad
1182 204 1373 246 iudicium
1394 215 1475 241 non

149 304 364 344 adfuturos.
424 298 558 346 Quare
586 295 730 339 negent
759 299 806 324 ex
835 295 899 321 me
933 291 1014 318 non
1042 273 1203 314 audies:
1237 273 1310 309 hos
1344 275 1478 319 patere

150 370 192 408 id
212 363 399 417 suspicari
420 360 528 412 quod
549 367 709 396 necesse
729 358 796 390 est.
858 345 920 385 Illi
940 342 1114 394 quidem,
1128 345 1172 377 ut
1192 343 1250 376 est
1269 333 1478 374 hominum

151 445 275 485 genus
295 428 411 480 nimis
430 432 590 465 acutum
611 427 649 459 et
669 413 941 466 suspiciosum,
957 420 1038 446 non
1058 412 1096 443 te
1116 416 1163 442 ex
1182 398 1314 440 Sicilia
1332 397 1478 436 litteras

153 500 193 538 in
231 499 394 536 Verrem
433 493 639 540 deportare
675 483 775 521 velle
813 475 1055 517 arbitrantur,
1092 469 1174 514 sed,
1207 464 1316 515 quod
1350 462 1476 500 isdem
1494 471 1513 504 5

153 563 290 604 litteris
310 560 412 599 illius
433 562 612 608 praetura
631 557 669 589 et
689 556 757 586 tua
777 548 985 595 quaestura
1014 533 1243 583 consignata
1269 528 1328 575 sit,
1349 538 1479 576 aspor-

156 639 237 669 tare
257 635 295 666 te
314 625 414 664 velle
434 635 481 660 ex
501 616 632 658 Sicilia
650 614 796 652 litteras
819 605 1075 657 suspicantur.

101 709 138 741 29
215 690 372 730 Deinde
418 690 686 724 accusatorem
734 677 891 714 firmum
930 677 1146 715 verumque
1184 673 1269 701 esse
1317 661 1481 708 oportet.

160 761 263 798 Eum
284 767 358 805 ego
377 751 409 790 si
429 758 467 789 te
487 755 623 798 putem
643 753 786 791 cupere
816 749 911 781 esse,
934 732 1047 772 facile
1076 728 1261 776 intellego
1290 735 1375 762 esse
1404 731 1486 758 non

159 834 285 875 posse.
344 818 431 856 Nec
461 826 507 852 ea
535 810 636 855 dico,
660 818 761 856 quae
790 801 822 841 si
850 799 980 839 dicam
1015 804 1147 834 tamen
1178 791 1374 829 infirmare
1405 795 1487 822 non
1508 795 1549 818 10

160 885 297 939 possis,
320 890 370 929 te,
392 886 604 927 antequam
626 874 675 911 de
696 866 827 909 Sicilia
848 859 1071 905 decesseris,
1095 857 1135 895 in
1156 853 1318 906 gratiam
1342 848 1489 889 redisse

162 964 253 992 cum
272 951 422 993 Verre3
451 946 724 982 Potamonem,
747 931 916 973 scribam
945 935 983 967 et
1018 923 1249 963 familiarem
1281 925 1406 962 tuum,
1437 925 1491 950 re-

163 1023 317 1056 tentum
348 1023 433 1050 esse
461 1021 485 1046 a
503 1008 625 1044 Verre
654 1002 695 1040 in
729 995 940 1050 provincia,
965 1003 1056 1030 cum
1085 996 1128 1026 tu
1163 983 1402 1027 decederes3
1432 978 1489 1015 M.

165 1078 395 1123 Caecilium,
423 1075 579 1112 fratrem
609 1077 732 1113 tuum,
760 1060 1016 1102 lectissimum
1051 1062 1170 1104 atque
1201 1044 1493 1089 ornatissimum

165 1147 472 1188 adulescentem,
505 1149 585 1175 non
617 1132 738 1171 modo
776 1139 857 1166 non
895 1124 1033 1163 adesse
1071 1128 1200 1166 neque
1238 1120 1370 1151 tecum
1408 1115 1494 1146 tuas
1517 1117 1554 1150 15

168 1209 327 1252 iniurias
347 1202 540 1257 persequi,
563 1199 632 1238 sed
653 1208 738 1236 esse
758 1205 849 1232 cum
869 1191 992 1227 Verre
1018 1192 1057 1224 et
1086 1194 1177 1221 curn
1197 1179 1264 1217 illo
1285 1171 1498 1214 familiaris-

169 1277 267 1317 sime
296 1280 415 1322 atque
444 1263 679 1307 amicissime
708 1258 848 1297 vivere.
908 1255 1008 1292 Sunt
1037 1255 1075 1288 et
1103 1248 1202 1285 haec
1232 1249 1270 1281 et
1296 1238 1372 1279 alia
1399 1237 1441 1275 in
1460 1243 1500 1274 te

170 1341 257 1382 falsi
276 1332 513 1378 accusatoris
535 1331 643 1379 signa
663 1323 867 1376 permulta,
891 1317 1035 1368 quibus
1065 1324 1138 1362 ego
1158 1320 1264 1347 nunc
1284 1317 1366 1343 non
1386 1308 1474 1340 utor
1493 1313 1500 1339 :

173 1409 251 1447 hoc
280 1403 382 1449 dico,
404 1408 454 1446 te,
477 1396 509 1436 si
535 1392 704 1433 maxime
733 1386 880 1438 cupias,
902 1390 1035 1421 tamen
1068 1387 1204 1415 verum
1233 1374 1501 1410 accusatorem

117 1494 156 1527 30
176 1484 261 1512 esse
281 1481 362 1508 non
382 1476 509 1517 posse.
551 1458 682 1497 Video
702 1453 808 1494 enim
829 1447 1022 1501 permulta
1042 1455 1127 1482 esse
1147 1436 1311 1478 crimina
1333 1442 1503 1483 quorum
1525 1441 1563 1464 20

177 1536 248 1577 tibi
277 1532 445 1574 societas
473 1539 564 1566 cum
584 1525 706 1561 Verre
735 1517 818 1557 eius
848 1512 958 1553 modi
987 1516 1045 1549 est
1074 1514 1117 1546 ut
1145 1517 1192 1543 ea
1219 1502 1260 1540 in
1279 1495 1505 1538 accusando

111 1616 158 1645 10
177 1601 367 1650 attingere
396 1607 478 1634 non
507 1590 664 1630 audeas.
724 1580 910 1632 Queritur
940 1574 1071 1616 Sicilia
1096 1578 1179 1610 tota
1199 1568 1244 1608 C.
1266 1566 1430 1603 Verrem
1455 1558 1506 1597 ab

179 1665 408 1709 aratoribus,
430 1671 521 1698 cum
551 1657 792 1694 frumentum
822 1644 896 1685 sibi
925 1643 966 1681 in
1000 1640 1140 1679 cellam
1169 1627 1447 1683 imperavisset,
1470 1630 1508 1662 et

181 1745 273 1771 cum
305 1733 407 1767 esset
439 1720 555 1762 tritici
586 1715 741 1757 modius
773 1713 845 1751 HS
876 1721 918 1756 11,
951 1719 1021 1757 pro
1051 1705 1248 1742 frumento
1282 1695 1322 1733 in
1354 1688 1509 1730 modios

183 1796 357 1846 singulos
388 1788 597 1829 duodenos
636 1777 833 1820 sestertios
873 1771 1057 1822 exegisse.
1118 1767 1311 1814 Magnum
1349 1755 1509 1799 crimen,
1532 1763 1570 1796 ²5

153 1863 322 1911 ⁷ingens
367 1851 546 1907 pecunia,
579 1850 724 1887 furtum
762 1840 984 1892 impudens,
1024 1830 1164 1872 iniuria
1206 1839 1289 1865 non
1326 1818 1513 1860 ferenda!

188 1929 273 1976 Ego
303 1925 382 1962 hoc
414 1932 496 1958 uno
527 1913 689 1955 crimine
723 1910 833 1948 illurn
863 1903 1129 1944 condemnem
1158 1902 1320 1932 necesse
1348 1892 1430 1926 est:
1459 1890 1516 1929 tu,

129 2006 165 2039 31
190 1988 349 2035 Caecili,
386 1984 483 2036 quid
515 1979 666 2020 facies?
706 1982 837 2014 utrum
870 1971 948 2008 hoc
979 1971 1133 2004 tantum
1167 1957 1315 1997 crimen
1352 1955 1517 2002 praeter-

938 2032 1031 2071 idne
1069 2024 1178 2066 alteri
1216 2016 1369 2060 crimini
1406 2011 1519 2053 dabis

193 2055 322 2095 mittes
353 2065 404 2090 an
442 2045 620 2087 obicies?
667 2041 707 2081 Si
745 2036 904 2081 obicies,

1052 2091 1154 2131 incia
1182 2096 1225 2126 tu
1253 2085 1337 2135 ipse
1366 2076 1520 2118 fecisti?
1540 2085 1579 2116 30

192 2119 303 2171 quod
335 2116 478 2155 eodem
508 2119 685 2160 tempore
713 2105 754 2143 in
784 2102 924 2141 eadem
953 2108 1048 2147 prov

192 2181 358 2224 audebis
378 2179 432 2217 ita
451 2187 634 2216 accusare
654 2173 819 2210 alterum
840 2173 882 2203 ut
903 2175 983 2212 quo
1003 2169 1132 2197 minus
1153 2160 1235 2192 tute
1256 2146 1522 2187 condemnere

194 2258 373 2289 recusare
393 2256 474 2282 non
494 2239 650 2292 possis?
698 2235 766 2274 Sin
793 2225 1086 2282 praetermittes,
1110 2216 1235 2270 qualis
1265 2212 1335 2252 erit
1364 2218 1431 2248 tua
1451 2207 1524 2245 ista

716 2341 736 2371 5
759 2327 864 2369 quod]
886 2334 962 2357 cum
979 2323 1012 2352 νδ
1125 2328 1146 2356 9
1169 2325 1235 2346 non
1253 2322 1329 2344 esse
1347 2319 1450 2351 posse
1460 2307 1523 2338 ΒΨ

241 2361 260 2388 4
284 2345 384 2378 nimis
400 2352 467 2375 om.
486 2336 597 2378 G2LJ<

925 2365 996 2407 (sed
1010 2372 1084 2396 cum
1100 2360 1205 2401 signis
1229 2357 1366 2395 transp.)
1385 2353 1428 2391 D,
1449 2353 1525 2382 item

199 2404 240 2435 32
266 2384 509 2431 praetermittis
524 2380 559 2411 D
576 2391 596 2410 π
612 2378 655 2410 al.
770 2375 834 2404 ista
849 2376 908 2401 tua

203 2436 280 2476 ΕΖΚ
296 2434 337 2465 nl.
360 2433 392 2472 (ξ
413 2440 431 2460 2
448 2426 565 2468 supra)
