1600 2704
1511 43 1544 86 εἴ

377 65 438 104 ΙΝ
468 67 512 106 C.
545 70 787 113 VERREM
816 79 991 121 ACTIO
1022 85 1205 126 PRIMA
1412 106 1453 144 17
1472 114 1517 146 50

115 166 279 208 hercule
298 170 394 210 mihi
414 173 520 224 prius
540 190 660 227 quam
681 181 759 220 vim
779 191 1190 245 perseverantiamque
1216 200 1267 238 ad
1295 200 1449 244 illorum

119 229 408 281 improbitatem
431 245 747 291 persequendam
768 249 1003 292 defuturam.

170 296 316 336 Verum
343 303 452 350 quod
482 317 555 354 ego
585 307 784 350 laboribus
812 315 995 363 periculis
1025 320 1320 379 inimicitiisque
1348 334 1445 372 meis
1464 349 1502 379 51

116 365 197 398 tum
226 374 318 402 cum
347 367 565 409 admissum
596 372 667 412 erit
693 376 868 419 dedecus
896 394 1029 423 severe
1056 400 1120 426 me
1147 403 1443 440 persecuturum

76 436 94 467 5
112 434 198 462 esse
226 427 425 478 polliceor,
458 432 499 472 id
534 448 583 475 ne
611 439 766 479 accidat
796 450 837 482 tu
868 452 935 484 tua
964 453 1206 502 auctoritate,

1239 469 1439 511 sapientia,

110 486 320 538 diligentia,
353 495 420 534 Μ’.
455 499 628 549 Glabrio,
661 513 774 554 potes
808 511 1024 559 providere.
1083 519 1247 572 Suscipe
1280 537 1439 565 causam

108 550 341 596 iudiciorum
361 573 368 580 ·

357 589 368 606 ,
411 564 566 614 suscipe
600 580 759 610 causam
795 577 1020 627 severitatis,
1058 582 1297 635 integritatis,
1332 590 1437 639 fidei,

106 616 325 670 religionis,-
363 626 518 678 suscipe
547 644 706 674 causam
738 648 908 688 senatus,
939 651 980 682 ut
1009 645 1040 684 is
1070 648 1146 687 hoc
1176 650 1322 692 iudicio
1350 667 1436 704 pro-

106 680 218 721 batus
251 698 342 726 cum
374 695 524 742 populo
557 698 742 740 Romano
772 712 809 743 et
840 706 879 744 in
912 710 1028 750 laude
1058 721 1095 751 et
1125 714 1164 752 in
1198 718 1319 766 gratia
1348 734 1433 760 esse

46 761 85 784 ιο
102 756 235 795 possit.
294 753 445 804 Cogita,
478 772 558 809 quo
593 763 681 803 loco
711 767 772 814 sis,
805 771 902 820 quid
931 775 1024 814 dare
1053 781 1202 829 populo
1233 783 1429 832 Romano,

100 811 197 859 quid
216 816 381 858 reddere
402 822 614 866 maioribus
640 830 715 869 tuis
736 833 883 875 debeas
900 852 910 885 ,·
943 839 1003 878 fac
1031 841 1101 880 tibi
1129 852 1314 894 paternae
1335 851 1429 901 legis

96 875 248 918 Aciliae
277 883 407 924 veniat
437 887 476 927 in
507 901 692 942 mentem,
720 909 798 947 qua
827 901 911 951 lege
941 908 1110 955 populus
1141 910 1347 952 Romanus
1376 916 1427 954 de

95 944 272 990 pecuniis
302 955 530 999 repetundis
560 959 719 1008 optimis
746 962 900 1004 iudiciis
927 970 1261 1025 severissimisque
1291 977 1426 1018 iudici-

95 1005 167 1044 bus
201 1022 293 1050 usus
325 1022 393 1054 est.
454 1019 720 1064 Circumstant
754 1034 791 1067 te
823 1043 1001 1072 summae
1029 1039 1291 1088 auctoritates,
1321 1056 1422 1094 quae
1442 1062 1483 1093 52

36 1082 70 1114 15
91 1077 129 1109 te
158 1073 336 1116 oblivisci
371 1082 496 1122 laudis
527 1087 769 1131 domesticae
805 1107 885 1133 non
913 1097 1052 1147 sinant,
1084 1115 1186 1153 quae
1216 1113 1254 1145 te
1284 1121 1308 1145 n

88 1135 253 1188 diesque
291 1155 572 1189 commoneant
611 1154 865 1197 fortissimum
907 1161 931 1199 ti

86 1201 229 1243 simum
276 1221 392 1249 avum

1311 1118 1419 1149 octcs

937 1162 975 1201 bi
1015 1173 1177 1215 patrem,
1218 1172 1419 1222 sapientis-

398 1243 409 1259 ,
455 1216 727 1264 gravissimum
778 1237 957 1266 socerum
1002 1230 1130 1270 fuisse.
1205 1236 1338 1285 Quare
1386 1241 1417 1278 si

85 1267 309 1312 Glabrionis
335 1277 454 1325 patris
478 1280 556 1320 vim
577 1292 615 1322 et
635 1286 892 1330 acrimoniam
912 1294 1061 1344 ceperis
1081 1298 1133 1336 ad
1154 1299 1414 1342 resistendum

83 1330 310 1376 hominibus
344 1343 628 1395 audacissimis,
663 1350 694 1389 si
733 1353 793 1391 avi
828 1355 1040 1399 Scaevolae
1078 1364 1328 1412 prudentiam
1361 1371 1412 1408 ad

22 1408 64 1432 20
80 1398 376 1449 prospiciendas
405 1407 567 1450 insidias
587 1426 690 1464 quae
719 1424 809 1457 tuae
839 1427 956 1471 atque
986 1425 1126 1465 horum
1154 1429 1281 1469 famae
1307 1445 1413 1472 com<

79 1471 272 1513 parantur,
308 1469 340 1507 si
375 1474 499 1512 soceri
534 1477 669 1518 Scauri
704 1486 980 1535 constantiam,
1014 1497 1057 1528 ut
1088 1504 1138 1531 ne
1169 1494 1256 1543 quis
1291 1504 1328 1535 te
1359 1499 1410 1538 de

77 1538 166 1566 vera
191 1537 231 1568 et
258 1542 363 1573 certa
393 1539 517 1587 possit
543 1546 738 1585 sententia
765 1550 987 1599 demovere,
1010 1554 1208 1607 intelleget
1237 1564 1407 1611 populus

75 1591 281 1636 Romanus
329 1599 579 1653 integerrimo
626 1618 746 1661 atque
794 1615 1072 1659 honestissimo
1119 1631 1297 1672 praetore
1341 1629 1406 1666 de-

73 1655 255 1710 lectoque
275 1665 441 1707 consilio
472 1674 631 1713 nocenti
662 1689 728 1715 reo
760 1681 1072 1730 magnitudinem
1099 1689 1292 1736 pecuniae
1316 1694 1403 1742 plus

12 1729 50 1764 25
71 1719 256 1764 habuisse
307 1734 498 1772 momenti
545 1738 596 1776 ad
648 1742 915 1793 suspicionem
961 1760 1003 1786 cr

1005 1748 1134 1790 iminis
1182 1766 1301 1804 quam
1349 1760 1399 1797 ad

68 1785 267 1828 rationem
288 1794 433 1835 salutis.

120 1851 223 1891 Mihi
243 1864 393 1898 certum
414 1871 473 1900 est
493 1877 573 1904 non
595 1871 841 1912 committere
868 1882 911 1914 ut
937 1876 978 1915 in
1005 1879 1079 1918 hac
1099 1893 1217 1920 causa
1240 1893 1394 1933 praetor
1414 1861 1460 1962 ἒξ

63 1914 178 1954 nobis
199 1920 488 1975 consiliumque
509 1939 690 1972 mutetur.
751 1937 843 1976 Non
870 1941 994 1989 patiar
1013 1957 1094 1982 rem
1116 1944 1155 1983 in
1176 1946 1216 1985 id
1238 1956 1392 2000 tempus

60 1979 206 2019 adduci
242 1990 284 2022 ut
313 1998 412 2037 quos
446 1993 577 2033 adhuc
612 1998 710 2036 servi
741 2001 1036 2053 designatorum
1070 2012 1278 2050 consulum
1310 2028 1391 2054 non

0 2053 42 2087 30
59 2055 277 2096 moverunt,
314 2064 405 2092 CUm
440 2069 508 2095 eOS
542 2072 646 2100 nOVO
680 2068 861 2116 exemplo
900 2070 1103 2111 uanerSOS
1136 2087 1386 2127 arCeSSeI‘ent,

57 2120 124 2148 eos
163 2118 246 2150 tum
287 2115 442 2158 lictores
482 2127 690 2165 consulum
727 2139 897 2179 vocent,·
945 2143 986 2174 ut
1026 2137 1207 2179 homines
1242 2143 1383 2192 miseri,

97 2221 114 2249 7
139 2215 290 2249 veritatis
307 2222 387 2253 com'.
407 2222 522 2256 Baiter
535 2226 567 2264 (ξ
595 2239 654 2268 43:
681 2231 703 2261 ii
723 2235 738 2270 5
757 2234 792 2272 4)

51 2255 107 2292 qui
134 2257 181 2288 sis
207 2270 274 2299 quo
300 2262 375 2295 loco
402 2267 450 2298 sis
477 2268 548 2301 edd.
570 2277 649 2311 post
670 2274 881 2317 Naugerium

49 2295 132 2330 Dw:
159 2302 231 2334 dies
245 2312 430 2348 noctesque
441 2313 485 2351 pb

47 2346 129 2373 auct.
148 2343 276 2388 Madv„
296 2360 352 2390 ego
369 2352 471 2385 delevi

970 2250 1008 2271 10
1031 2252 1098 2281 quo
1115 2243 1191 2275 loco
1208 2247 1255 2277 sis
1273 2247 1359 2279 codd.
1375 2263 1383 2280 .-

1031 2295 1068 2325 15
1094 2293 1212 2319 noctes
1240 2291 1381 2331 diesque

612 2326 654 2354 29
679 2324 713 2349 ut
730 2319 835 2364 Siculi
854 2333 938 2364 quos
955 2326 1043 2360 codd.
1063 2340 1069 2359 :
1094 2329 1199 2363 Siculi
1217 2334 1285 2365 secl.
1305 2335 1372 2366 edd.
