1600 2704
51 111 318 151 ACTIONrs
341 113 402 151 IN
423 112 469 152 c.
490 112 733 150 VERREM
755 112 1054 152 SECVNDAE
1076 114 1179 151 ΜΒ.
1205 115 1270 151 111
1330 124 1376 161 19
1397 121 1437 160 48
1485 84 1495 101 ²
1521 94 1526 99 ’
1558 97 1561 102 ’

48 222 221 260 fortunas
251 222 507 260 decumarum
540 221 702 261 nomine
734 220 917 271 eriperes,
948 222 989 259 in
1019 230 1219 272 posterum
1251 225 1378 262 fructu

47 286 114 325 illo
157 287 451 336 commodoque
490 286 543 325 rei
585 285 861 325 frumentariae
907 288 1099 336 populum
1150 289 1377 326 Romanum

47 350 227 402 privareS,
249 350 405 398 deinde,
429 351 461 389 si
482 364 600 401 quam
629 357 779 401 partem
800 358 891 389 tuae
912 352 1081 400 praedae
1102 353 1153 390 ad
1183 365 1378 390 summam

46 416 301 453 decumarum
323 415 555 462 addidisses,
580 415 682 454 bene
704 416 754 454 de
778 429 818 454 re
840 415 1010 465 publica,
1035 416 1137 454 bene
1159 417 1209 454 de
1230 417 1378 466 populo

10 494 27 526 5
47 481 233 518 Romano
253 479 413 518 meritus
435 479 619 518 viderere.

99 547 231 594 Atque
269 543 432 594 perinde
478 545 619 594 loquor
658 544 770 594 quasi
808 544 848 582 in
887 557 935 583 eo
974 544 1022 582 sit
1070 544 1255 594 iniquitas
1294 544 1377 583 eius

46 609 380 659 reprehendenda,
399 609 508 658 quod
530 616 688 660 propter
703 609 848 660 gloriae
870 608 1139 659 cupiditatem,
1161 617 1203 648 ut
1223 609 1376 659 aliquos

46 687 199 712 summa
239 673 424 712 frumenti
469 674 681 713 decumani
720 674 904 722 vinceret,
944 674 1187 713 acerbiorem
1235 676 1373 724 legem,

44 737 200 776 duriora
232 737 361 777 edicta
395 737 681 788 interposuerit,
716 738 894 777 omnium
935 739 1180 788 superiorum
1212 739 1436 781 auctori-49

5 809 163 841 otatem
194 802 417 853 repudiarit.
480 805 630 853 Magno
660 811 702 842 tu
730 805 919 842 decumas
954 803 1177 842 vendidisti.
1237 803 1376 852 Quid?

42 866 72 905 si
121 867 249 905 doceo
291 875 329 906 te
371 881 451 906 non
495 867 625 906 minus
665 869 831 907 domum
878 875 985 906 tuam
1026 868 1210 906 avertisse
1254 881 1373 918 quam

42 933 213 970 Romam
246 931 396 970 misisse
426 933 683 971 decumarum
713 931 886 979 nomine,
916 932 1012 982 quid
1040 933 1158 971 habet
1185 934 1373 982 populare

40 996 164 1035 oratio
207 1003 284 1043 tua,
326 1010 417 1035 cum
464 1011 509 1036 ex
554 996 754 1047 provincia
802 996 938 1046 populi
984 997 1156 1035 Romani
1203 1010 1370 1046 aequam

40 1068 189 1111 partem
233 1069 274 1099 tu
319 1061 389 1100 tibi
431 1061 642 1111 sumpseris
681 1075 727 1100 ac
766 1062 915 1111 populo
965 1063 1151 1099 Romano
1192 1061 1372 1100 miseris?

2 1142 18 1174 5
40 1125 182 1174 Quid?
211 1126 242 1164 si
268 1127 422 1166 duabus
445 1126 619 1177 partibus
641 1128 769 1165 doceo
792 1133 830 1164 te
847 1125 1015 1176 amplius
1036 1125 1220 1164 frumenti
1242 1126 1371 1164 abstu-

39 1190 128 1229 lisse
167 1205 285 1241 quam
333 1193 483 1242 populo
527 1194 713 1230 Romano
752 1191 914 1237 misisse,
957 1199 1142 1230 tamenne
1185 1199 1369 1241 putamus

37 1263 246 1306 patronum
274 1264 384 1295 tuum
424 1256 464 1294 in
502 1258 578 1295 hoc
608 1256 770 1295 crimine
805 1255 1038 1294 cerviculam
1064 1255 1296 1294 iactaturum
1332 1265 1368 1295 et

37 1322 185 1371 populo
209 1335 250 1360 se
276 1335 322 1360 ac
347 1334 516 1360 coronae
545 1323 759 1360 daturum?
816 1322 929 1358 Haec
951 1334 1020 1358 vos
1050 1328 1176 1367 antea,
1204 1321 1365 1368 iudices,

37 1386 214 1435 audistis,
241 1401 376 1426 verum
404 1388 566 1426 fortasse
596 1386 649 1425 ita
675 1385 840 1425 audistis
867 1395 909 1424 ut
936 1394 1138 1424 auctorem
1169 1399 1366 1425 rumorem

0 1451 234 1490 ohaberetis
281 1465 584 1502 sermonemque
627 1450 818 1490 omnium.
878 1450 1117 1501 Cognoscite
1164 1464 1270 1489 nunc
1314 1451 1367 1489 in-

36 1517 321 1557 numerabilem
360 1518 569 1568 pecuniam
605 1516 859 1555 frumentario
897 1516 1059 1555 nomine
1098 1524 1286 1566 ereptam,
1325 1526 1365 1554 ut

35 1581 150 1621 simul
182 1582 287 1621 illam
319 1596 480 1633 quoque
511 1582 594 1621 eius
625 1596 763 1622 vocem
794 1581 1014 1631 improbam
1046 1581 1267 1632 agnoscatis
1298 1582 1364 1632 qui

35 1660 75 1685 se
114 1661 194 1686 uno
232 1655 398 1698 quaestu
437 1649 693 1686 decumarum
734 1646 867 1685 omnia
902 1660 971 1684 sua
1012 1647 1182 1697 pericula
1217 1648 1365 1686 redem-

34 1719 191 1762 pturum
222 1726 306 1751 esse
335 1712 503 1751 dicebat.

0 1786 14 1818 5
88 1777 324 1817 Audivimus
355 1779 430 1817 hoc
460 1778 538 1817 iam
565 1778 645 1827 diu,
668 1778 842 1817 iudices:
875 1790 976 1827 nego
1006 1789 1247 1827 quemquam
1278 1790 1363 1822 esse

33 1849 203 1880 vestrum
225 1842 321 1892 quin
349 1856 466 1893 saepe
485 1843 652 1882 audierit
677 1842 806 1881 socios
829 1841 938 1880 istius
962 1841 1079 1880 fuisse
1105 1843 1359 1880 decumanos.

32 1906 142 1944 Nihil
172 1907 279 1946 aliud
308 1907 472 1946 arbitror
502 1909 599 1946 falso
629 1907 668 1945 in
698 1907 817 1945 istum
848 1920 932 1945 esse
962 1906 1112 1945 dictum
1143 1907 1194 1944 ab
1225 1906 1270 1943 iis
1295 1905 1361 1955 qui

31 1973 132 2009 male
171 1972 221 2010 de
260 1971 336 2010 isto
374 1971 640 2018 existimarint,
678 1971 752 2009 nisi
784 1972 870 2009 hoc.
931 1972 1035 2009 Nam
1069 1970 1163 2009 socii
1196 1970 1361 2019 putandi

30 2044 120 2074 sunt
159 2049 259 2086 quos
297 2036 399 2074 inter
436 2049 496 2074 res
541 2035 832 2075 communicata
873 2043 953 2073 est:
999 2048 1071 2084 ego
1111 2048 1192 2073 rem
1237 2042 1360 2073 totam

1385 1823 1425 1853 50

73 2150 92 2169 2
117 2140 213 2170 frum.
235 2140 283 2170 rei
304 2139 334 2170 Ο
423 2149 493 2170 rem
511 2139 679 2179 publicam
699 2139 850 2179 privares
870 2137 910 2177 O,
930 2137 973 2168 al.
993 2138 1027 2168 iu
1046 2148 1113 2178 mg.
1135 2137 1254 2168 Lamb.
1280 2139 1359 2176 1584

29 2192 49 2220 4
66 2182 153 2214 bene
171 2184 213 2214 de
232 2193 267 2214 re
285 2182 362 2223 pub.
381 2182 428 2213 cO
445 2194 451 2213 :
476 2194 541 2214 ont.
559 2188 584 2223 p
602 2182 668 2214 rell.
760 2183 780 2212 6
803 2181 918 2221 Atque
935 2181 984 2212 cO
1000 2192 1006 2211 z
1031 2186 1132 2220 atque
1149 2181 1234 2212 haec
1246 2185 1271 2221 p
1291 2182 1356 2212 rell.

32 2235 70 2265 13
92 2227 202 2257 oratio
221 2225 252 2256 O
270 2227 301 2266 (ξ
320 2229 363 2264 48
378 2228 497 2266 supra)
516 2237 523 2256 :
548 2227 632 2257 ratio
644 2232 670 2267 p
688 2225 751 2256 rell.
937 2235 974 2264 14
998 2234 1036 2255 ac
1056 2224 1086 2255 O
1103 2237 1110 2256 :
1133 2230 1235 2264 atque
1247 2230 1273 2265 p
1291 2224 1356 2256 rell.

33 2269 70 2299 18
94 2279 132 2300 ac
149 2280 295 2300 coronae
312 2269 379 2301 cO:
405 2270 447 2300 ad
465 2279 625 2300 eoronam
643 2270 709 2300 rell.
800 2273 879 2299 ante
895 2281 917 2299 π
1037 2278 1078 2299 20
1101 2269 1250 2300 omnium
1268 2268 1356 2299 codd.

30 2312 138 2352 (prob.
158 2312 234 2345 Zz'el.
247 2318 281 2354 p.
306 2314 379 2352 195)
397 2324 404 2344 τ
427 2313 597 2344 hominum
614 2313 662 2344 ed.
684 2312 761 2345 Asc.
784 2322 876 2352 1511,
897 2311 1040 2343 Mueller
1142 2322 1183 2352 25
1208 2316 1355 2343 vestrum

28 2365 101 2386 esse
120 2355 150 2385 O
282 2358 323 2387 28
347 2356 583 2387 existimarunt
602 2356 632 2386 Ο
