<?xml version="1.0" encoding="UTF-8"?>
<!DOCTYPE html PUBLIC "-//W3C//DTD XHTML 1.0 Transitional//EN"
    "http://www.w3.org/TR/xhtml1/DTD/xhtml1-transitional.dtd">
<html xmlns="http://www.w3.org/1999/xhtml" xml:lang="en" lang="en">
 <head>
  <title>
</title>
<meta http-equiv="Content-Type" content="text/html;charset=utf-8" />
  <meta name='ocr-system' content='tesseract 3.04.00' />
  <meta name='ocr-capabilities' content='ocr_page ocr_carea ocr_par ocr_line ocrx_word'/>
</head>
<body>
  <div class='ocr_page' id='page_1' title='image "./orationesrecogno02ciceuoft/orationesrecogno02ciceuoft_0420.png"; bbox 0 0 1600 2704; ppageno 0'>
   <div class='ocr_carea' id='block_1_1' title="bbox 99 89 1135 141">
    <p class='ocr_par' dir='ltr' id='par_1_1' title="bbox 99 89 1135 141">
     <span class='ocr_line' id='line_1_1' title="bbox 99 89 1135 141; baseline -0.005 -9"><span class='ocrx_word' id='word_1_1' title='bbox 99 95 236 141; x_wconf 88' lang='lat'>48107</span> <span class='ocrx_word' id='word_1_2' title='bbox 539 93 597 131; x_wconf 90' lang='lat' dir='ltr'><strong>M.</strong></span> <span class='ocrx_word' id='word_1_3' title='bbox 629 91 798 130; x_wconf 90' lang='lat' dir='ltr'>TVLLI</span> <span class='ocrx_word' id='word_1_4' title='bbox 829 89 1135 130; x_wconf 84' lang='lat' dir='ltr'>CICERONIS</span> 
     </span>
    </p>
   </div>
   <div class='ocr_carea' id='block_1_2' title="bbox 95 987 153 1025">
    <p class='ocr_par' dir='ltr' id='par_1_2' title="bbox 95 987 153 1025">
     <span class='ocr_line' id='line_1_2' title="bbox 95 987 153 1025; baseline 0 0"><span class='ocrx_word' id='word_1_5' title='bbox 95 987 153 1025; x_wconf 86' lang='lat'><strong>49</strong></span> 
     </span>
    </p>
   </div>
   <div class='ocr_carea' id='block_1_3' title="bbox 173 197 1501 446">
    <p class='ocr_par' dir='ltr' id='par_1_3' title="bbox 173 197 1501 446">
     <span class='ocr_line' id='line_1_3' title="bbox 173 197 1501 254; baseline -0.007 -10"><span class='ocrx_word' id='word_1_6' title='bbox 173 205 264 245; x_wconf 92' lang='lat' dir='ltr'><strong>dico</strong></span> <span class='ocrx_word' id='word_1_7' title='bbox 283 211 391 254; x_wconf 80' lang='lat' dir='ltr'><strong>gesta</strong></span> <span class='ocrx_word' id='word_1_8' title='bbox 412 215 497 241; x_wconf 89' lang='lat' dir='ltr'><strong>esse</strong></span> <span class='ocrx_word' id='word_1_9' title='bbox 518 208 795 247; x_wconf 80' lang='lat' dir='ltr'>memorantur,</span> <span class='ocrx_word' id='word_1_10' title='bbox 819 207 876 238; x_wconf 91' lang='lat' dir='ltr'><strong>est</strong></span> <span class='ocrx_word' id='word_1_11' title='bbox 897 201 985 237; x_wconf 92' lang='lat' dir='ltr'><strong>loco</strong></span> <span class='ocrx_word' id='word_1_12' title='bbox 1007 199 1230 248; x_wconf 77' lang='lat' dir='ltr'><strong>perexcelso</strong></span> <span class='ocrx_word' id='word_1_13' title='bbox 1250 204 1367 248; x_wconf 88' lang='lat' dir='ltr'><strong>atque</strong></span> <span class='ocrx_word' id='word_1_14' title='bbox 1381 197 1501 244; x_wconf 87' lang='lat' dir='ltr'><strong>edito,</strong></span> 
     </span>
     <span class='ocr_line' id='line_1_4' title="bbox 173 263 1501 320; baseline -0.006 -12"><span class='ocrx_word' id='word_1_15' title='bbox 173 282 252 320; x_wconf 91' lang='lat' dir='ltr'><strong>quo</strong></span> <span class='ocrx_word' id='word_1_16' title='bbox 274 270 313 306; x_wconf 90' lang='lat' dir='ltr'><strong>in</strong></span> <span class='ocrx_word' id='word_1_17' title='bbox 334 280 490 307; x_wconf 88' lang='lat' dir='ltr'><strong>summo</strong></span> <span class='ocrx_word' id='word_1_18' title='bbox 511 274 569 305; x_wconf 89' lang='lat' dir='ltr'><strong>est</strong></span> <span class='ocrx_word' id='word_1_19' title='bbox 590 272 757 315; x_wconf 86' lang='lat' dir='ltr'><strong>aequata</strong></span> <span class='ocrx_word' id='word_1_20' title='bbox 786 264 864 314; x_wconf 88' lang='lat' dir='ltr'><strong>agri</strong></span> <span class='ocrx_word' id='word_1_21' title='bbox 891 263 1071 314; x_wconf 83' lang='lat' dir='ltr'><strong>planities</strong></span> <span class='ocrx_word' id='word_1_22' title='bbox 1092 270 1130 302; x_wconf 91' lang='lat' dir='ltr'><strong>et</strong></span> <span class='ocrx_word' id='word_1_23' title='bbox 1150 276 1276 313; x_wconf 87' lang='lat' dir='ltr'><strong>aquae</strong></span> <span class='ocrx_word' id='word_1_24' title='bbox 1295 276 1501 314; x_wconf 82' lang='lat' dir='ltr'><strong>perennes,</strong></span> 
     </span>
     <span class='ocr_line' id='line_1_5' title="bbox 173 327 1501 378; baseline -0.006 -6"><span class='ocrx_word' id='word_1_25' title='bbox 173 341 255 373; x_wconf 88' lang='lat' dir='ltr'><strong>tota</strong></span> <span class='ocrx_word' id='word_1_26' title='bbox 270 346 362 371; x_wconf 86' lang='lat' dir='ltr'><strong>vero</strong></span> <span class='ocrx_word' id='word_1_27' title='bbox 382 332 432 370; x_wconf 88' lang='lat' dir='ltr'><strong>ab</strong></span> <span class='ocrx_word' id='word_1_28' title='bbox 453 330 563 370; x_wconf 91' lang='lat' dir='ltr'><strong>omni</strong></span> <span class='ocrx_word' id='word_1_29' title='bbox 582 331 692 369; x_wconf 85' lang='lat' dir='ltr'><strong>aditu</strong></span> <span class='ocrx_word' id='word_1_30' title='bbox 714 328 943 368; x_wconf 88' lang='lat' dir='ltr'><strong>circumcisa</strong></span> <span class='ocrx_word' id='word_1_31' title='bbox 960 336 1079 378; x_wconf 89' lang='lat' dir='ltr'><strong>atque</strong></span> <span class='ocrx_word' id='word_1_32' title='bbox 1099 327 1247 367; x_wconf 89' lang='lat' dir='ltr'><strong>directa</strong></span> <span class='ocrx_word' id='word_1_33' title='bbox 1268 335 1325 366; x_wconf 91' lang='lat' dir='ltr'><strong>est</strong></span> <span class='ocrx_word' id='word_1_34' title='bbox 1344 342 1353 374; x_wconf 74' lang='lat'>3</span> <span class='ocrx_word' id='word_1_35' title='bbox 1382 340 1501 377; x_wconf 87' lang='lat' dir='ltr'><strong>quam</strong></span> 
     </span>
     <span class='ocr_line' id='line_1_6' title="bbox 173 391 1501 446; baseline -0.005 -9"><span class='ocrx_word' id='word_1_36' title='bbox 173 400 275 437; x_wconf 90' lang='lat' dir='ltr'><strong>circa</strong></span> <span class='ocrx_word' id='word_1_37' title='bbox 295 399 402 436; x_wconf 88' lang='lat' dir='ltr'><strong>lacus</strong></span> <span class='ocrx_word' id='word_1_38' title='bbox 423 395 580 446; x_wconf 89' lang='lat' dir='ltr'><strong>lucique</strong></span> <span class='ocrx_word' id='word_1_39' title='bbox 602 402 692 433; x_wconf 90' lang='lat' dir='ltr'><strong>sunt</strong></span> <span class='ocrx_word' id='word_1_40' title='bbox 714 394 869 445; x_wconf 86' lang='lat' dir='ltr'><strong>plurimi</strong></span> <span class='ocrx_word' id='word_1_41' title='bbox 890 401 1008 443; x_wconf 89' lang='lat' dir='ltr'><strong>atque</strong></span> <span class='ocrx_word' id='word_1_42' title='bbox 1029 392 1229 432; x_wconf 79' lang='lat' dir='ltr'><strong>laetissimi</strong></span> <span class='ocrx_word' id='word_1_43' title='bbox 1250 394 1364 431; x_wconf 90' lang='lat' dir='ltr'><strong>fiores</strong></span> <span class='ocrx_word' id='word_1_44' title='bbox 1391 391 1501 431; x_wconf 88' lang='lat' dir='ltr'><strong>omni</strong></span> 
     </span>
    </p>
   </div>
   <div class='ocr_carea' id='block_1_4' title="bbox 174 456 1588 512">
    <p class='ocr_par' dir='ltr' id='par_1_4' title="bbox 174 456 1588 512">
     <span class='ocr_line' id='line_1_7' title="bbox 174 456 1588 512; baseline -0.006 -11"><span class='ocrx_word' id='word_1_45' title='bbox 174 469 350 512; x_wconf 82' lang='lat' dir='ltr'><strong>tempore</strong></span> <span class='ocrx_word' id='word_1_46' title='bbox 370 461 475 506; x_wconf 89' lang='lat' dir='ltr'><strong>anni,</strong></span> <span class='ocrx_word' id='word_1_47' title='bbox 499 462 609 498; x_wconf 86' lang='lat' dir='ltr'><strong>locus</strong></span> <span class='ocrx_word' id='word_1_48' title='bbox 630 467 672 497; x_wconf 91' lang='lat' dir='ltr'><strong>ut</strong></span> <span class='ocrx_word' id='word_1_49' title='bbox 694 460 775 508; x_wconf 92' lang='lat' dir='ltr'><strong>ipse</strong></span> <span class='ocrx_word' id='word_1_50' title='bbox 797 465 949 508; x_wconf 91' lang='lat' dir='ltr'><strong>raptum</strong></span> <span class='ocrx_word' id='word_1_51' title='bbox 971 457 1080 495; x_wconf 85' lang='lat' dir='ltr'><strong>illum</strong></span> <span class='ocrx_word' id='word_1_52' title='bbox 1101 456 1272 506; x_wconf 82' lang='lat' dir='ltr'><strong>virginis,</strong></span> <span class='ocrx_word' id='word_1_53' title='bbox 1286 470 1405 506; x_wconf 90' lang='lat' dir='ltr'><strong>quem</strong></span> <span class='ocrx_word' id='word_1_54' title='bbox 1422 456 1499 494; x_wconf 89' lang='lat' dir='ltr'><strong>iam</strong></span> <span class='ocrx_word' id='word_1_55' title='bbox 1523 468 1538 499; x_wconf 84' lang='lat'>5</span> <span class='ocrx_word' id='word_1_56' title='bbox 1587 480 1588 485; x_wconf 60' lang='lat'>=</span> 
     </span>
    </p>
   </div>
   <div class='ocr_carea' id='block_1_5' title="bbox 173 521 1565 1414">
    <p class='ocr_par' dir='ltr' id='par_1_5' title="bbox 173 521 1565 1414">
     <span class='ocr_line' id='line_1_8' title="bbox 173 521 1502 576; baseline -0.005 -11"><span class='ocrx_word' id='word_1_57' title='bbox 173 540 195 565; x_wconf 85' lang='lat' dir='ltr'><strong>a</strong></span> <span class='ocrx_word' id='word_1_58' title='bbox 225 525 356 576; x_wconf 88' lang='lat' dir='ltr'><strong>pueris</strong></span> <span class='ocrx_word' id='word_1_59' title='bbox 382 525 621 574; x_wconf 86' lang='lat' dir='ltr'><strong>accepimus,</strong></span> <span class='ocrx_word' id='word_1_60' title='bbox 644 523 842 561; x_wconf 87' lang='lat' dir='ltr'><strong>declarare</strong></span> <span class='ocrx_word' id='word_1_61' title='bbox 865 521 1052 560; x_wconf 87' lang='lat' dir='ltr'><strong>videatur.</strong></span> <span class='ocrx_word' id='word_1_62' title='bbox 1115 521 1272 560; x_wconf 87' lang='lat' dir='ltr'><strong>Etenim</strong></span> <span class='ocrx_word' id='word_1_63' title='bbox 1302 534 1423 571; x_wconf 88' lang='lat' dir='ltr'><strong>prope</strong></span> <span class='ocrx_word' id='word_1_64' title='bbox 1444 527 1502 559; x_wconf 87' lang='lat' dir='ltr'><strong>est</strong></span> 
     </span>
     <span class='ocr_line' id='line_1_9' title="bbox 174 584 1501 640; baseline -0.004 -12"><span class='ocrx_word' id='word_1_65' title='bbox 174 592 363 640; x_wconf 87' lang='lat' dir='ltr'><strong>spelunca</strong></span> <span class='ocrx_word' id='word_1_66' title='bbox 383 588 579 638; x_wconf 76' lang='lat' dir='ltr'><strong>quaedam</strong></span> <span class='ocrx_word' id='word_1_67' title='bbox 596 599 784 625; x_wconf 87' lang='lat' dir='ltr'><strong>conversa</strong></span> <span class='ocrx_word' id='word_1_68' title='bbox 803 587 855 624; x_wconf 89' lang='lat' dir='ltr'><strong>ad</strong></span> <span class='ocrx_word' id='word_1_69' title='bbox 871 587 1097 635; x_wconf 84' lang='lat' dir='ltr'><strong>aquilonem</strong></span> <span class='ocrx_word' id='word_1_70' title='bbox 1115 584 1267 624; x_wconf 87' lang='lat' dir='ltr'><strong>infinita</strong></span> <span class='ocrx_word' id='word_1_71' title='bbox 1282 584 1501 631; x_wconf 88' lang='lat' dir='ltr'><strong>altitudine,</strong></span> 
     </span>
     <span class='ocr_line' id='line_1_10' title="bbox 173 649 1504 703; baseline -0.002 -12"><span class='ocrx_word' id='word_1_72' title='bbox 173 667 251 703; x_wconf 85' lang='lat' dir='ltr'><strong>qua</strong></span> <span class='ocrx_word' id='word_1_73' title='bbox 294 652 427 690; x_wconf 87' lang='lat' dir='ltr'><strong>Ditem</strong></span> <span class='ocrx_word' id='word_1_74' title='bbox 467 658 617 701; x_wconf 89' lang='lat' dir='ltr'><strong>patrem</strong></span> <span class='ocrx_word' id='word_1_75' title='bbox 663 651 791 689; x_wconf 88' lang='lat' dir='ltr'><strong>ferunt</strong></span> <span class='ocrx_word' id='word_1_76' title='bbox 830 657 990 699; x_wconf 89' lang='lat' dir='ltr'><strong>repente</strong></span> <span class='ocrx_word' id='word_1_77' title='bbox 1030 663 1121 688; x_wconf 88' lang='lat' dir='ltr'><strong>cum</strong></span> <span class='ocrx_word' id='word_1_78' title='bbox 1160 663 1274 688; x_wconf 90' lang='lat' dir='ltr'><strong>curru</strong></span> <span class='ocrx_word' id='word_1_79' title='bbox 1313 649 1504 688; x_wconf 84' lang='lat' dir='ltr'><strong>exstitisse</strong></span> 
     </span>
     <span class='ocr_line' id='line_1_11' title="bbox 173 714 1504 767; baseline -0.002 -11"><span class='ocrx_word' id='word_1_80' title='bbox 173 719 458 767; x_wconf 80' lang='lat' dir='ltr'><strong>abreptamque</strong></span> <span class='ocrx_word' id='word_1_81' title='bbox 479 730 525 754; x_wconf 78' lang='lat' dir='ltr'><strong>ex</strong></span> <span class='ocrx_word' id='word_1_82' title='bbox 546 729 594 754; x_wconf 91' lang='lat' dir='ltr'><strong>eo</strong></span> <span class='ocrx_word' id='word_1_83' title='bbox 615 716 704 754; x_wconf 92' lang='lat' dir='ltr'><strong>loco</strong></span> <span class='ocrx_word' id='word_1_84' title='bbox 725 714 913 764; x_wconf 89' lang='lat' dir='ltr'><strong>virginem</strong></span> <span class='ocrx_word' id='word_1_85' title='bbox 935 727 1068 753; x_wconf 90' lang='lat' dir='ltr'><strong>secum</strong></span> <span class='ocrx_word' id='word_1_86' title='bbox 1083 722 1303 764; x_wconf 87' lang='lat' dir='ltr'><strong>asportasse</strong></span> <span class='ocrx_word' id='word_1_87' title='bbox 1319 723 1356 754; x_wconf 88' lang='lat' dir='ltr'><strong>et</strong></span> <span class='ocrx_word' id='word_1_88' title='bbox 1373 715 1504 754; x_wconf 83' lang='lat' dir='ltr'><strong>subito</strong></span> 
     </span>
     <span class='ocr_line' id='line_1_12' title="bbox 174 780 1564 832; baseline -0.002 -12"><span class='ocrx_word' id='word_1_89' title='bbox 174 796 254 821; x_wconf 94' lang='lat' dir='ltr'><strong>non</strong></span> <span class='ocrx_word' id='word_1_90' title='bbox 277 783 392 832; x_wconf 92' lang='lat' dir='ltr'><strong>longe</strong></span> <span class='ocrx_word' id='word_1_91' title='bbox 412 794 434 819; x_wconf 89' lang='lat' dir='ltr'><strong>a</strong></span> <span class='ocrx_word' id='word_1_92' title='bbox 455 780 653 830; x_wconf 74' lang='lat' dir='ltr'><strong>Syracusis</strong></span> <span class='ocrx_word' id='word_1_93' title='bbox 675 786 898 830; x_wconf 84' lang='lat' dir='ltr'><strong>penetrasse</strong></span> <span class='ocrx_word' id='word_1_94' title='bbox 920 780 993 818; x_wconf 86' lang='lat' dir='ltr'><strong>sub</strong></span> <span class='ocrx_word' id='word_1_95' title='bbox 1014 787 1143 827; x_wconf 85' lang='lat' dir='ltr'><strong>terras,</strong></span> <span class='ocrx_word' id='word_1_96' title='bbox 1167 780 1376 829; x_wconf 89' lang='lat' dir='ltr'><strong>lacumque</strong></span> <span class='ocrx_word' id='word_1_97' title='bbox 1396 780 1436 818; x_wconf 91' lang='lat' dir='ltr'><strong>in</strong></span> <span class='ocrx_word' id='word_1_98' title='bbox 1457 793 1504 819; x_wconf 84' lang='lat' dir='ltr'><strong>eo</strong></span> <span class='ocrx_word' id='word_1_99' title='bbox 1528 796 1564 818; x_wconf 87' lang='lat'><strong>10</strong></span> 
     </span>
     <span class='ocr_line' id='line_1_13' title="bbox 174 845 1504 896; baseline -0.002 -11"><span class='ocrx_word' id='word_1_100' title='bbox 174 850 263 887; x_wconf 91' lang='lat' dir='ltr'><strong>loco</strong></span> <span class='ocrx_word' id='word_1_101' title='bbox 284 853 445 896; x_wconf 88' lang='lat' dir='ltr'><strong>repente</strong></span> <span class='ocrx_word' id='word_1_102' title='bbox 466 845 669 892; x_wconf 81' lang='lat' dir='ltr'><strong>exstitisse,</strong></span> <span class='ocrx_word' id='word_1_103' title='bbox 693 845 761 883; x_wconf 84' lang='lat' dir='ltr'><strong>ubi</strong></span> <span class='ocrx_word' id='word_1_104' title='bbox 784 858 909 894; x_wconf 88' lang='lat' dir='ltr'><strong>usque</strong></span> <span class='ocrx_word' id='word_1_105' title='bbox 930 846 980 884; x_wconf 87' lang='lat' dir='ltr'><strong>ad</strong></span> <span class='ocrx_word' id='word_1_106' title='bbox 1001 845 1077 883; x_wconf 92' lang='lat' dir='ltr'><strong>hoc</strong></span> <span class='ocrx_word' id='word_1_107' title='bbox 1099 852 1254 895; x_wconf 88' lang='lat' dir='ltr'><strong>tempus</strong></span> <span class='ocrx_word' id='word_1_108' title='bbox 1275 845 1504 894; x_wconf 85' lang='lat' dir='ltr'><strong>Syracusani</strong></span> 
     </span>
     <span class='ocr_line' id='line_1_14' title="bbox 175 909 1506 959; baseline -0.002 -9"><span class='ocrx_word' id='word_1_109' title='bbox 175 915 293 952; x_wconf 91' lang='lat' dir='ltr'><strong>festos</strong></span> <span class='ocrx_word' id='word_1_110' title='bbox 315 912 399 950; x_wconf 90' lang='lat' dir='ltr'><strong>dies</strong></span> <span class='ocrx_word' id='word_1_111' title='bbox 428 910 713 949; x_wconf 82' lang='lat' dir='ltr'><strong>anniversarios</strong></span> <span class='ocrx_word' id='word_1_112' title='bbox 742 917 863 959; x_wconf 85' lang='lat' dir='ltr'><strong>agunt</strong></span> <span class='ocrx_word' id='word_1_113' title='bbox 893 909 1149 949; x_wconf 90' lang='lat' dir='ltr'><strong>celeberrimo</strong></span> <span class='ocrx_word' id='word_1_114' title='bbox 1170 909 1341 948; x_wconf 89' lang='lat' dir='ltr'><strong>virorum</strong></span> <span class='ocrx_word' id='word_1_115' title='bbox 1373 911 1506 948; x_wconf 88' lang='lat' dir='ltr'><strong>mulie-</strong></span> 
     </span>
     <span class='ocr_line' id='line_1_15' title="bbox 175 974 1505 1027; baseline -0.003 -11"><span class='ocrx_word' id='word_1_116' title='bbox 175 991 340 1027; x_wconf 89' lang='lat' dir='ltr'><strong>rumque</strong></span> <span class='ocrx_word' id='word_1_117' title='bbox 380 983 589 1015; x_wconf 88' lang='lat' dir='ltr'><strong>conventu.</strong></span> <span class='ocrx_word' id='word_1_118' title='bbox 663 978 825 1025; x_wconf 82' lang='lat' dir='ltr'><strong>Propter</strong></span> <span class='ocrx_word' id='word_1_119' title='bbox 865 974 980 1013; x_wconf 87' lang='lat' dir='ltr'><strong>huius</strong></span> <span class='ocrx_word' id='word_1_120' title='bbox 1019 974 1217 1024; x_wconf 88' lang='lat' dir='ltr'><strong>opinionis</strong></span> <span class='ocrx_word' id='word_1_121' title='bbox 1258 981 1505 1021; x_wconf 83' lang='lat' dir='ltr'><strong>vetustatem,</strong></span> 
     </span>
     <span class='ocr_line' id='line_1_16' title="bbox 175 1039 1505 1093; baseline -0.004 -11"><span class='ocrx_word' id='word_1_122' title='bbox 175 1044 283 1093; x_wconf 89' lang='lat' dir='ltr'><strong>quod</strong></span> <span class='ocrx_word' id='word_1_123' title='bbox 314 1044 454 1080; x_wconf 83' lang='lat' dir='ltr'><strong>horum</strong></span> <span class='ocrx_word' id='word_1_124' title='bbox 486 1040 525 1078; x_wconf 90' lang='lat' dir='ltr'><strong>in</strong></span> <span class='ocrx_word' id='word_1_125' title='bbox 558 1040 617 1078; x_wconf 87' lang='grc'>1115</span> <span class='ocrx_word' id='word_1_126' title='bbox 645 1040 740 1079; x_wconf 90' lang='grc'>10015</span> <span class='ocrx_word' id='word_1_127' title='bbox 771 1040 932 1089; x_wconf 84' lang='lat' dir='ltr'><strong>vestigia</strong></span> <span class='ocrx_word' id='word_1_128' title='bbox 957 1053 1003 1078; x_wconf 86' lang='lat' dir='ltr'><strong>ac</strong></span> <span class='ocrx_word' id='word_1_129' title='bbox 1029 1053 1149 1090; x_wconf 90' lang='lat' dir='ltr'><strong>prope</strong></span> <span class='ocrx_word' id='word_1_130' title='bbox 1182 1039 1422 1078; x_wconf 88' lang='lat' dir='ltr'><strong>incunabula</strong></span> <span class='ocrx_word' id='word_1_131' title='bbox 1452 1053 1505 1078; x_wconf 89' lang='lat' dir='ltr'><strong>re-</strong></span> 
     </span>
     <span class='ocr_line' id='line_1_17' title="bbox 176 1103 1565 1158; baseline -0.001 -12"><span class='ocrx_word' id='word_1_132' title='bbox 176 1108 376 1158; x_wconf 87' lang='lat' dir='ltr'><strong>periuntur</strong></span> <span class='ocrx_word' id='word_1_133' title='bbox 406 1107 581 1151; x_wconf 84' lang='lat' dir='ltr'><strong>deorum,</strong></span> <span class='ocrx_word' id='word_1_134' title='bbox 620 1106 715 1143; x_wconf 86' lang='lat' dir='ltr'><strong>mira</strong></span> <span class='ocrx_word' id='word_1_135' title='bbox 750 1106 945 1154; x_wconf 85' lang='lat' dir='ltr'><strong>quaedam</strong></span> <span class='ocrx_word' id='word_1_136' title='bbox 978 1112 1059 1143; x_wconf 86' lang='lat' dir='ltr'><strong>tota</strong></span> <span class='ocrx_word' id='word_1_137' title='bbox 1091 1104 1220 1143; x_wconf 85' lang='lat' dir='ltr'><strong>Sicilia</strong></span> <span class='ocrx_word' id='word_1_138' title='bbox 1254 1103 1433 1155; x_wconf 88' lang='lat' dir='ltr'><strong>privatim</strong></span> <span class='ocrx_word' id='word_1_139' title='bbox 1458 1118 1505 1144; x_wconf 87' lang='lat' dir='ltr'><strong>ac</strong></span> <span class='ocrx_word' id='word_1_140' title='bbox 1529 1122 1565 1154; x_wconf 90' lang='lat'><strong>15</strong></span> 
     </span>
     <span class='ocr_line' id='line_1_18' title="bbox 176 1170 1506 1223; baseline -0.002 -12"><span class='ocrx_word' id='word_1_141' title='bbox 176 1172 333 1223; x_wconf 88' lang='lat' dir='ltr'><strong>publice</strong></span> <span class='ocrx_word' id='word_1_142' title='bbox 354 1170 488 1221; x_wconf 88' lang='lat' dir='ltr'><strong>religio</strong></span> <span class='ocrx_word' id='word_1_143' title='bbox 509 1178 566 1208; x_wconf 85' lang='lat' dir='ltr'><strong>est</strong></span> <span class='ocrx_word' id='word_1_144' title='bbox 588 1171 741 1209; x_wconf 89' lang='lat' dir='ltr'><strong>Cereris</strong></span> <span class='ocrx_word' id='word_1_145' title='bbox 765 1170 1002 1209; x_wconf 87' lang='lat' dir='ltr'><strong>Hennensis.</strong></span> <span class='ocrx_word' id='word_1_146' title='bbox 1065 1170 1223 1208; x_wconf 89' lang='lat' dir='ltr'><strong>Etenim</strong></span> <span class='ocrx_word' id='word_1_147' title='bbox 1245 1171 1368 1208; x_wconf 87' lang='lat' dir='ltr'><strong>multa</strong></span> <span class='ocrx_word' id='word_1_148' title='bbox 1389 1183 1506 1221; x_wconf 84' lang='lat' dir='ltr'><strong>saepe</strong></span> 
     </span>
     <span class='ocr_line' id='line_1_19' title="bbox 176 1234 1506 1287; baseline -0.003 -11"><span class='ocrx_word' id='word_1_149' title='bbox 176 1237 353 1287; x_wconf 89' lang='lat' dir='ltr'><strong>prodigia</strong></span> <span class='ocrx_word' id='word_1_150' title='bbox 388 1236 465 1273; x_wconf 82' lang='lat' dir='ltr'><strong>vim</strong></span> <span class='ocrx_word' id='word_1_151' title='bbox 501 1235 584 1273; x_wconf 88' lang='lat' dir='ltr'><strong>eius</strong></span> <span class='ocrx_word' id='word_1_152' title='bbox 617 1248 846 1285; x_wconf 88' lang='lat' dir='ltr'><strong>numenque</strong></span> <span class='ocrx_word' id='word_1_153' title='bbox 881 1236 1081 1273; x_wconf 88' lang='lat' dir='ltr'><strong>declarant</strong></span> <span class='ocrx_word' id='word_1_154' title='bbox 1101 1250 1111 1282; x_wconf 64' lang='grc' dir='ltr'><strong>ς</strong></span> <span class='ocrx_word' id='word_1_155' title='bbox 1141 1236 1272 1273; x_wconf 90' lang='lat' dir='ltr'><strong>multis</strong></span> <span class='ocrx_word' id='word_1_156' title='bbox 1311 1249 1427 1285; x_wconf 90' lang='lat' dir='ltr'><strong>saepe</strong></span> <span class='ocrx_word' id='word_1_157' title='bbox 1467 1234 1506 1273; x_wconf 92' lang='lat' dir='ltr'><strong>in</strong></span> 
     </span>
     <span class='ocr_line' id='line_1_20' title="bbox 175 1300 1506 1350; baseline -0.002 -10"><span class='ocrx_word' id='word_1_158' title='bbox 175 1301 413 1341; x_wconf 86' lang='lat' dir='ltr'><strong>difficillimis</strong></span> <span class='ocrx_word' id='word_1_159' title='bbox 448 1300 564 1339; x_wconf 85' lang='lat' dir='ltr'><strong>rebus</strong></span> <span class='ocrx_word' id='word_1_160' title='bbox 599 1314 783 1350; x_wconf 88' lang='lat' dir='ltr'><strong>praesens</strong></span> <span class='ocrx_word' id='word_1_161' title='bbox 815 1300 1001 1338; x_wconf 83' lang='lat' dir='ltr'><strong>auxilium</strong></span> <span class='ocrx_word' id='word_1_162' title='bbox 1034 1300 1117 1338; x_wconf 85' lang='lat' dir='ltr'><strong>eius</strong></span> <span class='ocrx_word' id='word_1_163' title='bbox 1151 1301 1328 1338; x_wconf 88' lang='lat' dir='ltr'><strong>oblatum</strong></span> <span class='ocrx_word' id='word_1_164' title='bbox 1359 1307 1428 1347; x_wconf 88' lang='lat' dir='ltr'><strong>est,</strong></span> <span class='ocrx_word' id='word_1_165' title='bbox 1464 1307 1506 1339; x_wconf 87' lang='lat' dir='ltr'><strong>ut</strong></span> 
     </span>
     <span class='ocr_line' id='line_1_21' title="bbox 176 1364 1507 1414; baseline -0.001 -10"><span class='ocrx_word' id='word_1_166' title='bbox 176 1368 273 1404; x_wconf 87' lang='lat' dir='ltr'><strong>haec</strong></span> <span class='ocrx_word' id='word_1_167' title='bbox 304 1366 430 1403; x_wconf 88' lang='lat' dir='ltr'><strong>insula</strong></span> <span class='ocrx_word' id='word_1_168' title='bbox 458 1365 509 1403; x_wconf 89' lang='lat' dir='ltr'><strong>ab</strong></span> <span class='ocrx_word' id='word_1_169' title='bbox 540 1377 586 1403; x_wconf 89' lang='lat' dir='ltr'><strong>ea</strong></span> <span class='ocrx_word' id='word_1_170' title='bbox 616 1377 696 1402; x_wconf 91' lang='lat' dir='ltr'><strong>non</strong></span> <span class='ocrx_word' id='word_1_171' title='bbox 727 1366 855 1402; x_wconf 87' lang='lat' dir='ltr'><strong>solum</strong></span> <span class='ocrx_word' id='word_1_172' title='bbox 882 1364 990 1414; x_wconf 85' lang='lat' dir='ltr'><strong>diligi</strong></span> <span class='ocrx_word' id='word_1_173' title='bbox 1013 1365 1082 1403; x_wconf 90' lang='lat' dir='ltr'><strong>sed</strong></span> <span class='ocrx_word' id='word_1_174' title='bbox 1103 1365 1220 1402; x_wconf 88' lang='lat' dir='ltr'><strong>etiam</strong></span> <span class='ocrx_word' id='word_1_175' title='bbox 1241 1364 1359 1403; x_wconf 89' lang='lat' dir='ltr'><strong>incoli</strong></span> <span class='ocrx_word' id='word_1_176' title='bbox 1381 1372 1507 1403; x_wconf 87' lang='lat' dir='ltr'><strong>custo-</strong></span> 
     </span>
    </p>
   </div>
   <div class='ocr_carea' id='block_1_6' title="bbox 137 1428 1565 1481">
    <p class='ocr_par' dir='ltr' id='par_1_6' title="bbox 137 1428 1565 1481">
     <span class='ocr_line' id='line_1_22' title="bbox 137 1428 1565 1481; baseline 0 -13"><span class='ocrx_word' id='word_1_177' title='bbox 137 1455 149 1468; x_wconf 66' lang='lat' dir='ltr'><strong>t.</strong></span> <span class='ocrx_word' id='word_1_178' title='bbox 175 1432 328 1481; x_wconf 88' lang='lat' dir='ltr'><strong>dirique</strong></span> <span class='ocrx_word' id='word_1_179' title='bbox 358 1432 544 1469; x_wconf 89' lang='lat' dir='ltr'><strong>videatur.</strong></span> <span class='ocrx_word' id='word_1_180' title='bbox 606 1431 692 1467; x_wconf 93' lang='lat' dir='ltr'><strong>Nec</strong></span> <span class='ocrx_word' id='word_1_181' title='bbox 722 1430 849 1468; x_wconf 88' lang='lat' dir='ltr'><strong>solum</strong></span> <span class='ocrx_word' id='word_1_182' title='bbox 880 1428 1010 1476; x_wconf 90' lang='lat' dir='ltr'><strong>Siculi,</strong></span> <span class='ocrx_word' id='word_1_183' title='bbox 1042 1442 1176 1468; x_wconf 88' lang='lat' dir='ltr'><strong>verum</strong></span> <span class='ocrx_word' id='word_1_184' title='bbox 1207 1430 1324 1468; x_wconf 87' lang='lat' dir='ltr'><strong>etiam</strong></span> <span class='ocrx_word' id='word_1_185' title='bbox 1354 1437 1506 1468; x_wconf 91' lang='lat' dir='ltr'><strong>ceterae</strong></span> <span class='ocrx_word' id='word_1_186' title='bbox 1527 1445 1565 1468; x_wconf 88' lang='lat'><strong>20</strong></span> 
     </span>
    </p>
   </div>
   <div class='ocr_carea' id='block_1_7' title="bbox 175 1494 1507 1738">
    <p class='ocr_par' dir='ltr' id='par_1_7' title="bbox 175 1494 1507 1738">
     <span class='ocr_line' id='line_1_23' title="bbox 175 1494 1503 1545; baseline -0.002 -11"><span class='ocrx_word' id='word_1_187' title='bbox 175 1503 310 1545; x_wconf 81' lang='lat' dir='ltr'><strong>gentes</strong></span> <span class='ocrx_word' id='word_1_188' title='bbox 345 1495 604 1543; x_wconf 85' lang='lat' dir='ltr'><strong>nationesque</strong></span> <span class='ocrx_word' id='word_1_189' title='bbox 640 1495 901 1532; x_wconf 89' lang='lat' dir='ltr'><strong>Hennensem</strong></span> <span class='ocrx_word' id='word_1_190' title='bbox 934 1494 1117 1533; x_wconf 87' lang='lat' dir='ltr'><strong>Cererem</strong></span> <span class='ocrx_word' id='word_1_191' title='bbox 1152 1494 1320 1533; x_wconf 82' lang='lat' dir='ltr'><strong>maxime</strong></span> <span class='ocrx_word' id='word_1_192' title='bbox 1358 1495 1503 1533; x_wconf 91' lang='lat' dir='ltr'><strong>colunt.</strong></span> 
     </span>
     <span class='ocr_line' id='line_1_24' title="bbox 178 1557 1504 1609; baseline -0.001 -11"><span class='ocrx_word' id='word_1_193' title='bbox 178 1559 334 1598; x_wconf 89' lang='lat' dir='ltr'><strong>Etenim</strong></span> <span class='ocrx_word' id='word_1_194' title='bbox 357 1559 387 1596; x_wconf 93' lang='lat' dir='ltr'><strong>si</strong></span> <span class='ocrx_word' id='word_1_195' title='bbox 410 1557 713 1597; x_wconf 86' lang='lat' dir='ltr'><strong>Atheniensium</strong></span> <span class='ocrx_word' id='word_1_196' title='bbox 735 1571 843 1596; x_wconf 88' lang='lat' dir='ltr'><strong>sacra</strong></span> <span class='ocrx_word' id='word_1_197' title='bbox 859 1571 1013 1596; x_wconf 89' lang='lat' dir='ltr'><strong>summa</strong></span> <span class='ocrx_word' id='word_1_198' title='bbox 1029 1557 1244 1607; x_wconf 84' lang='lat' dir='ltr'><strong>cupiditate</strong></span> <span class='ocrx_word' id='word_1_199' title='bbox 1261 1566 1504 1609; x_wconf 84' lang='lat' dir='ltr'><strong>expetuntur,</strong></span> 
     </span>
     <span class='ocr_line' id='line_1_25' title="bbox 175 1622 1507 1674; baseline -0.002 -11"><span class='ocrx_word' id='word_1_200' title='bbox 175 1626 225 1663; x_wconf 87' lang='lat' dir='ltr'><strong>ad</strong></span> <span class='ocrx_word' id='word_1_201' title='bbox 256 1637 355 1674; x_wconf 90' lang='lat' dir='ltr'><strong>quos</strong></span> <span class='ocrx_word' id='word_1_202' title='bbox 384 1624 503 1663; x_wconf 88' lang='lat' dir='ltr'><strong>Ceres</strong></span> <span class='ocrx_word' id='word_1_203' title='bbox 534 1624 572 1660; x_wconf 95' lang='lat' dir='ltr'><strong>in</strong></span> <span class='ocrx_word' id='word_1_204' title='bbox 603 1622 670 1661; x_wconf 94' lang='lat' dir='ltr'><strong>illo</strong></span> <span class='ocrx_word' id='word_1_205' title='bbox 699 1636 826 1661; x_wconf 89' lang='lat' dir='ltr'><strong>errore</strong></span> <span class='ocrx_word' id='word_1_206' title='bbox 847 1624 999 1661; x_wconf 87' lang='lat' dir='ltr'><strong>venisse</strong></span> <span class='ocrx_word' id='word_1_207' title='bbox 1020 1622 1162 1661; x_wconf 91' lang='lat' dir='ltr'><strong>dicitur</strong></span> <span class='ocrx_word' id='word_1_208' title='bbox 1183 1624 1390 1674; x_wconf 84' lang='lat' dir='ltr'><strong>frugesque</strong></span> <span class='ocrx_word' id='word_1_209' title='bbox 1410 1631 1507 1662; x_wconf 86' lang='lat' dir='ltr'><strong>attu-</strong></span> 
     </span>
     <span class='ocr_line' id='line_1_26' title="bbox 177 1686 1505 1738; baseline -0.001 -11"><span class='ocrx_word' id='word_1_210' title='bbox 177 1691 277 1735; x_wconf 87' lang='lat' dir='ltr'><strong>lisse,</strong></span> <span class='ocrx_word' id='word_1_211' title='bbox 301 1695 489 1738; x_wconf 86' lang='lat' dir='ltr'><strong>quantam</strong></span> <span class='ocrx_word' id='word_1_212' title='bbox 520 1700 604 1726; x_wconf 86' lang='lat' dir='ltr'><strong>esse</strong></span> <span class='ocrx_word' id='word_1_213' title='bbox 633 1686 861 1737; x_wconf 81' lang='lat' dir='ltr'><strong>religionem</strong></span> <span class='ocrx_word' id='word_1_214' title='bbox 893 1687 1078 1726; x_wconf 86' lang='lat' dir='ltr'><strong>convenit</strong></span> <span class='ocrx_word' id='word_1_215' title='bbox 1106 1700 1241 1726; x_wconf 88' lang='lat' dir='ltr'><strong>eorum</strong></span> <span class='ocrx_word' id='word_1_216' title='bbox 1271 1689 1377 1738; x_wconf 92' lang='lat' dir='ltr'><strong>apud</strong></span> <span class='ocrx_word' id='word_1_217' title='bbox 1406 1701 1505 1738; x_wconf 86' lang='lat' dir='ltr'><strong>quos</strong></span> 
     </span>
    </p>
   </div>
   <div class='ocr_carea' id='block_1_8' title="bbox 177 1751 1584 1803">
    <p class='ocr_par' dir='ltr' id='par_1_8' title="bbox 177 1751 1584 1803">
     <span class='ocr_line' id='line_1_27' title="bbox 177 1751 1584 1803; baseline -0.001 -11"><span class='ocrx_word' id='word_1_218' title='bbox 177 1767 263 1792; x_wconf 84' lang='lat' dir='ltr'><strong>eam</strong></span> <span class='ocrx_word' id='word_1_219' title='bbox 285 1760 417 1791; x_wconf 85' lang='lat' dir='ltr'><strong>natam</strong></span> <span class='ocrx_word' id='word_1_220' title='bbox 442 1765 527 1790; x_wconf 88' lang='lat' dir='ltr'><strong>esse</strong></span> <span class='ocrx_word' id='word_1_221' title='bbox 553 1759 590 1790; x_wconf 88' lang='lat' dir='ltr'><strong>et</strong></span> <span class='ocrx_word' id='word_1_222' title='bbox 617 1752 744 1801; x_wconf 87' lang='lat' dir='ltr'><strong>fruges</strong></span> <span class='ocrx_word' id='word_1_223' title='bbox 773 1751 967 1789; x_wconf 91' lang='lat' dir='ltr'><strong>invenisse</strong></span> <span class='ocrx_word' id='word_1_224' title='bbox 997 1753 1181 1790; x_wconf 89' lang='lat' dir='ltr'><strong>constat?</strong></span> <span class='ocrx_word' id='word_1_225' title='bbox 1239 1753 1379 1802; x_wconf 86' lang='lat' dir='ltr'><strong>Itaque</strong></span> <span class='ocrx_word' id='word_1_226' title='bbox 1399 1753 1505 1803; x_wconf 92' lang='lat' dir='ltr'><strong>apud</strong></span> <span class='ocrx_word' id='word_1_227' title='bbox 1528 1751 1584 1801; x_wconf 16' lang='lat'><strong>25¹¹</strong></span> 
     </span>
    </p>
   </div>
   <div class='ocr_carea' id='block_1_9' title="bbox 177 1816 1507 1995">
    <p class='ocr_par' dir='ltr' id='par_1_9' title="bbox 177 1816 1507 1995">
     <span class='ocr_line' id='line_1_28' title="bbox 177 1816 1506 1869; baseline -0.002 -12"><span class='ocrx_word' id='word_1_228' title='bbox 177 1826 304 1869; x_wconf 86' lang='lat' dir='ltr'><strong>patres</strong></span> <span class='ocrx_word' id='word_1_229' title='bbox 334 1825 488 1857; x_wconf 88' lang='lat' dir='ltr'><strong>nostros</strong></span> <span class='ocrx_word' id='word_1_230' title='bbox 517 1818 639 1855; x_wconf 89' lang='lat' dir='ltr'><strong>atroci</strong></span> <span class='ocrx_word' id='word_1_231' title='bbox 668 1829 714 1854; x_wconf 92' lang='lat' dir='ltr'><strong>ac</strong></span> <span class='ocrx_word' id='word_1_232' title='bbox 744 1816 891 1855; x_wconf 87' lang='lat' dir='ltr'><strong>difficili</strong></span> <span class='ocrx_word' id='word_1_233' title='bbox 921 1816 975 1855; x_wconf 91' lang='lat' dir='ltr'><strong>rei</strong></span> <span class='ocrx_word' id='word_1_234' title='bbox 995 1816 1176 1867; x_wconf 88' lang='lat' dir='ltr'><strong>publicae</strong></span> <span class='ocrx_word' id='word_1_235' title='bbox 1204 1824 1392 1867; x_wconf 86' lang='lat' dir='ltr'><strong>tempore,</strong></span> <span class='ocrx_word' id='word_1_236' title='bbox 1415 1830 1506 1855; x_wconf 86' lang='lat' dir='ltr'><strong>cum</strong></span> 
     </span>
     <span class='ocr_line' id='line_1_29' title="bbox 177 1880 1507 1931; baseline -0.001 -10"><span class='ocrx_word' id='word_1_237' title='bbox 177 1882 338 1921; x_wconf 88' lang='lat' dir='ltr'><strong>Tiberio</strong></span> <span class='ocrx_word' id='word_1_238' title='bbox 368 1882 550 1920; x_wconf 86' lang='lat' dir='ltr'><strong>Graccho</strong></span> <span class='ocrx_word' id='word_1_239' title='bbox 580 1880 713 1919; x_wconf 85' lang='lat' dir='ltr'><strong>occiso</strong></span> <span class='ocrx_word' id='word_1_240' title='bbox 745 1894 976 1931; x_wconf 87' lang='lat' dir='ltr'><strong>magnorum</strong></span> <span class='ocrx_word' id='word_1_241' title='bbox 1012 1882 1273 1931; x_wconf 84' lang='lat' dir='ltr'><strong>periculorum</strong></span> <span class='ocrx_word' id='word_1_242' title='bbox 1309 1889 1436 1920; x_wconf 85' lang='lat' dir='ltr'><strong>metus</strong></span> <span class='ocrx_word' id='word_1_243' title='bbox 1461 1895 1507 1920; x_wconf 82' lang='lat' dir='ltr'><strong>ex</strong></span> 
     </span>
     <span class='ocr_line' id='line_1_30' title="bbox 178 1945 1505 1995; baseline -0.001 -10"><span class='ocrx_word' id='word_1_244' title='bbox 178 1947 340 1985; x_wconf 88' lang='lat' dir='ltr'><strong>ostentis</strong></span> <span class='ocrx_word' id='word_1_245' title='bbox 371 1946 679 1995; x_wconf 84' lang='lat' dir='ltr'><strong>portenderetur,</strong></span> <span class='ocrx_word' id='word_1_246' title='bbox 712 1948 754 1984; x_wconf 92' lang='lat' dir='ltr'><strong>P.</strong></span> <span class='ocrx_word' id='word_1_247' title='bbox 787 1945 926 1984; x_wconf 91' lang='lat' dir='ltr'><strong>Mucio</strong></span> <span class='ocrx_word' id='word_1_248' title='bbox 960 1946 1005 1984; x_wconf 91' lang='lat' dir='ltr'><strong>L.</strong></span> <span class='ocrx_word' id='word_1_249' title='bbox 1034 1945 1248 1995; x_wconf 89' lang='lat' dir='ltr'><strong>Calpurnio</strong></span> <span class='ocrx_word' id='word_1_250' title='bbox 1278 1946 1505 1985; x_wconf 89' lang='lat' dir='ltr'><strong>consulibus</strong></span> 
     </span>
    </p>
   </div>
   <div class='ocr_carea' id='block_1_10' title="bbox 129 2010 1505 2061">
    <p class='ocr_par' dir='ltr' id='par_1_10' title="bbox 129 2010 1505 2061">
     <span class='ocr_line' id='line_1_31' title="bbox 129 2010 1505 2061; baseline -0.001 -11"><span class='ocrx_word' id='word_1_251' title='bbox 129 2034 133 2038; x_wconf 47' lang='lat'><strong>⁴</strong></span> <span class='ocrx_word' id='word_1_252' title='bbox 177 2012 327 2050; x_wconf 88' lang='lat' dir='ltr'><strong>aditum</strong></span> <span class='ocrx_word' id='word_1_253' title='bbox 359 2018 416 2049; x_wconf 89' lang='lat' dir='ltr'><strong>est</strong></span> <span class='ocrx_word' id='word_1_254' title='bbox 449 2011 501 2049; x_wconf 88' lang='lat' dir='ltr'><strong>ad</strong></span> <span class='ocrx_word' id='word_1_255' title='bbox 536 2010 655 2049; x_wconf 88' lang='lat' dir='ltr'><strong>libros</strong></span> <span class='ocrx_word' id='word_1_256' title='bbox 688 2011 899 2061; x_wconf 89' lang='lat' dir='ltr'><strong>Sibyllinos</strong></span> <span class='ocrx_word' id='word_1_257' title='bbox 924 2025 932 2058; x_wconf 79' lang='lat'><em>3</em></span> <span class='ocrx_word' id='word_1_258' title='bbox 962 2024 1008 2050; x_wconf 87' lang='lat' dir='ltr'><strong>ex</strong></span> <span class='ocrx_word' id='word_1_259' title='bbox 1037 2010 1180 2060; x_wconf 90' lang='lat' dir='ltr'><strong>quibus</strong></span> <span class='ocrx_word' id='word_1_260' title='bbox 1210 2010 1413 2050; x_wconf 88' lang='lat' dir='ltr'><strong>inventum</strong></span> <span class='ocrx_word' id='word_1_261' title='bbox 1449 2018 1505 2050; x_wconf 87' lang='lat' dir='ltr'><strong>est</strong></span> 
     </span>
    </p>
   </div>
   <div class='ocr_carea' id='block_1_11' title="bbox 179 2075 1561 2190">
    <p class='ocr_par' dir='ltr' id='par_1_11' title="bbox 179 2075 1561 2190">
     <span class='ocr_line' id='line_1_32' title="bbox 179 2075 1561 2126; baseline -0.001 -11"><span class='ocrx_word' id='word_1_262' title='bbox 179 2078 362 2115; x_wconf 73' lang='lat' dir='ltr'><strong>Cererem</strong></span> <span class='ocrx_word' id='word_1_263' title='bbox 387 2075 701 2125; x_wconf 84' lang='lat' dir='ltr'><strong>antiquissimam</strong></span> <span class='ocrx_word' id='word_1_264' title='bbox 728 2077 870 2126; x_wconf 88' lang='lat' dir='ltr'><strong>placari</strong></span> <span class='ocrx_word' id='word_1_265' title='bbox 893 2083 1082 2126; x_wconf 84' lang='lat' dir='ltr'><strong>oportere.</strong></span> <span class='ocrx_word' id='word_1_266' title='bbox 1141 2077 1246 2113; x_wconf 88' lang='lat' dir='ltr'><strong>Tum</strong></span> <span class='ocrx_word' id='word_1_267' title='bbox 1277 2089 1323 2114; x_wconf 83' lang='lat' dir='ltr'><strong>ex</strong></span> <span class='ocrx_word' id='word_1_268' title='bbox 1351 2077 1505 2126; x_wconf 90' lang='lat' dir='ltr'><strong>amplis-</strong></span> <span class='ocrx_word' id='word_1_269' title='bbox 1524 2088 1561 2119; x_wconf 82' lang='lat'><strong>30</strong></span> 
     </span>
     <span class='ocr_line' id='line_1_33' title="bbox 179 2139 1502 2190; baseline -0.001 -11"><span class='ocrx_word' id='word_1_270' title='bbox 179 2140 279 2179; x_wconf 90' lang='lat' dir='ltr'><strong>simo</strong></span> <span class='ocrx_word' id='word_1_271' title='bbox 310 2140 476 2190; x_wconf 85' lang='lat' dir='ltr'><strong>collegio</strong></span> <span class='ocrx_word' id='word_1_272' title='bbox 508 2139 758 2179; x_wconf 89' lang='lat' dir='ltr'><strong>decemvirali</strong></span> <span class='ocrx_word' id='word_1_273' title='bbox 789 2142 1011 2179; x_wconf 87' lang='lat' dir='ltr'><strong>sacerdotes</strong></span> <span class='ocrx_word' id='word_1_274' title='bbox 1040 2139 1175 2190; x_wconf 89' lang='lat' dir='ltr'><strong>populi</strong></span> <span class='ocrx_word' id='word_1_275' title='bbox 1207 2140 1389 2187; x_wconf 89' lang='lat' dir='ltr'><strong>Romani,</strong></span> <span class='ocrx_word' id='word_1_276' title='bbox 1413 2154 1502 2179; x_wconf 89' lang='grc'>0001</span> 
     </span>
    </p>
   </div>
   <div class='ocr_carea' id='block_1_12' title="bbox 223 2243 1504 2285">
    <p class='ocr_par' dir='ltr' id='par_1_12' title="bbox 223 2243 1504 2285">
     <span class='ocr_line' id='line_1_34' title="bbox 223 2243 1504 2285; baseline -0.002 -8"><span class='ocrx_word' id='word_1_277' title='bbox 223 2257 242 2285; x_wconf 85' lang='lat'><strong>3</strong></span> <span class='ocrx_word' id='word_1_278' title='bbox 267 2247 389 2277; x_wconf 86' lang='lat' dir='ltr'><strong>directa</strong></span> <span class='ocrx_word' id='word_1_279' title='bbox 410 2247 473 2279; x_wconf 81' lang='lat' dir='ltr'><strong>RS</strong></span> <span class='ocrx_word' id='word_1_280' title='bbox 489 2259 508 2277; x_wconf 95' lang='grc' dir='ltr'><em>π</em></span> <span class='ocrx_word' id='word_1_281' title='bbox 526 2258 532 2278; x_wconf 90' lang='lat'><strong>:</strong></span> <span class='ocrx_word' id='word_1_282' title='bbox 566 2247 698 2285; x_wconf 88' lang='lat' dir='ltr'><strong>direpta</strong></span> <span class='ocrx_word' id='word_1_283' title='bbox 716 2247 755 2276; x_wconf 71' lang='grc' dir='ltr'><strong>δε</strong></span> <span class='ocrx_word' id='word_1_284' title='bbox 791 2246 928 2277; x_wconf 85' lang='lat' dir='ltr'><strong>derecta</strong></span> <span class='ocrx_word' id='word_1_285' title='bbox 951 2244 1073 2284; x_wconf 79' lang='lat' dir='ltr'><strong>Mnell.,</strong></span> <span class='ocrx_word' id='word_1_286' title='bbox 1095 2243 1183 2275; x_wconf 74' lang='lat' dir='ltr'><em>Nolzl</em></span> <span class='ocrx_word' id='word_1_287' title='bbox 1326 2256 1363 2284; x_wconf 83' lang='lat'><strong>14</strong></span> <span class='ocrx_word' id='word_1_288' title='bbox 1389 2244 1504 2275; x_wconf 83' lang='lat' dir='ltr'><strong>horum</strong></span> 
     </span>
    </p>
   </div>
   <div class='ocr_carea' id='block_1_13' title="bbox 180 2287 1501 2372">
    <p class='ocr_par' dir='ltr' id='par_1_13' title="bbox 180 2287 1501 2372">
     <span class='ocr_line' id='line_1_35' title="bbox 182 2287 1501 2326; baseline 0 -7"><span class='ocrx_word' id='word_1_289' title='bbox 182 2289 213 2319; x_wconf 91' lang='lat' dir='ltr'><strong>in</strong></span> <span class='ocrx_word' id='word_1_290' title='bbox 233 2290 283 2320; x_wconf 86' lang='lat' dir='ltr'><strong>his</strong></span> <span class='ocrx_word' id='word_1_291' title='bbox 302 2290 364 2321; x_wconf 80' lang='lat' dir='ltr'><strong>RS</strong></span> <span class='ocrx_word' id='word_1_292' title='bbox 380 2301 386 2320; x_wconf 76' lang='lat' dir='ltr'><strong>t</strong></span> <span class='ocrx_word' id='word_1_293' title='bbox 412 2291 483 2321; x_wconf 88' lang='lat' dir='ltr'><strong>hor.</strong></span> <span class='ocrx_word' id='word_1_294' title='bbox 506 2290 537 2321; x_wconf 90' lang='lat' dir='ltr'><strong>in</strong></span> <span class='ocrx_word' id='word_1_295' title='bbox 555 2291 594 2321; x_wconf 87' lang='lat' dir='ltr'><strong>iis</strong></span> <span class='ocrx_word' id='word_1_296' title='bbox 612 2289 719 2321; x_wconf 79' lang='lat' dir='ltr'><strong>Halm</strong></span> <span class='ocrx_word' id='word_1_297' title='bbox 736 2301 742 2319; x_wconf 89' lang='lat'>:</span> <span class='ocrx_word' id='word_1_298' title='bbox 767 2299 882 2320; x_wconf 86' lang='lat' dir='ltr'><strong>eorum</strong></span> <span class='ocrx_word' id='word_1_299' title='bbox 898 2289 930 2319; x_wconf 93' lang='lat' dir='ltr'><strong>in</strong></span> <span class='ocrx_word' id='word_1_300' title='bbox 948 2288 999 2319; x_wconf 84' lang='lat' dir='ltr'><strong>his</strong></span> <span class='ocrx_word' id='word_1_301' title='bbox 1016 2290 1031 2317; x_wconf 88' lang='grc' dir='ltr'>δ</span> <span class='ocrx_word' id='word_1_302' title='bbox 1151 2297 1187 2326; x_wconf 89' lang='lat'><strong>17</strong></span> <span class='ocrx_word' id='word_1_303' title='bbox 1213 2288 1384 2319; x_wconf 82' lang='lat' dir='ltr'><strong>declarant</strong></span> <span class='ocrx_word' id='word_1_304' title='bbox 1401 2287 1501 2321; x_wconf 70' lang='lat' dir='ltr'><em>codd„</em></span> 
     </span>
     <span class='ocr_line' id='line_1_36' title="bbox 180 2329 1485 2372; baseline -0.001 -10"><span class='ocrx_word' id='word_1_305' title='bbox 180 2332 356 2363; x_wconf 53' lang='lat' dir='ltr'><strong>Zielinski:</strong></span> <span class='ocrx_word' id='word_1_306' title='bbox 384 2333 593 2364; x_wconf 78' lang='lat' dir='ltr'><strong>declararunt</strong></span> <span class='ocrx_word' id='word_1_307' title='bbox 611 2332 772 2368; x_wconf 65' lang='lat' dir='ltr'><strong>Benedici,</strong></span> <span class='ocrx_word' id='word_1_308' title='bbox 792 2331 862 2363; x_wconf 77' lang='lat' dir='ltr'><strong>edd.</strong></span> <span class='ocrx_word' id='word_1_309' title='bbox 997 2341 1036 2370; x_wconf 88' lang='lat'><strong>27</strong></span> <span class='ocrx_word' id='word_1_310' title='bbox 1064 2331 1201 2363; x_wconf 88' lang='lat' dir='ltr'><strong>Tiberio</strong></span> <span class='ocrx_word' id='word_1_311' title='bbox 1219 2331 1303 2372; x_wconf 81' lang='lat' dir='ltr'><strong>RSp</strong></span> <span class='ocrx_word' id='word_1_312' title='bbox 1320 2343 1325 2362; x_wconf 84' lang='lat' dir='ltr'>z</span> <span class='ocrx_word' id='word_1_313' title='bbox 1350 2331 1398 2362; x_wconf 87' lang='lat' dir='ltr'><strong>Ti.</strong></span> <span class='ocrx_word' id='word_1_314' title='bbox 1416 2329 1485 2361; x_wconf 81' lang='lat' dir='ltr'><em>edd.</em></span> 
     </span>
    </p>
   </div>
   <div class='ocr_carea' id='block_1_14' title="bbox 1568 0 1600 1870">
    <p class='ocr_par' dir='ltr' id='par_1_14' title="bbox 1568 0 1600 1870">
     <span class='ocr_line' id='line_1_37' title="bbox 1568 0 1600 1870; baseline 0 0"><span class='ocrx_word' id='word_1_315' title='bbox 1568 0 1600 1870; x_wconf 95' lang='lat' dir='ltr'><strong> </strong></span> 
     </span>
    </p>
   </div>
   <div class='ocr_carea' id='block_1_15' title="bbox 1571 1690 1588 2698">
    <p class='ocr_par' dir='ltr' id='par_1_15' title="bbox 1571 1690 1588 2698">
     <span class='ocr_line' id='line_1_38' title="bbox 1571 1690 1588 2698; baseline 0 0"><span class='ocrx_word' id='word_1_316' title='bbox 1571 1690 1588 2698; x_wconf 95' lang='lat' dir='ltr'><strong> </strong></span> 
     </span>
    </p>
   </div>
  </div>
 </body>
</html>
