1600 2704
360 93 421 132 IN
453 96 496 135 C.
529 99 772 141 VERREM
802 106 978 148 ACTIO
1009 112 1193 155 PRIMA
1398 137 1497 173 1132

102 194 406 252 diligentiaeque
426 207 578 256 capiam
599 211 781 262 fructum,
804 223 842 254 et
861 218 934 256 hac
957 225 1209 266 accusatione
1232 234 1431 280 perficiam
1457 244 1468 269 ί
1490 254 1493 257 ’

100 267 143 298 ut
181 275 300 303 nemo
343 281 530 319 umquam
580 285 669 324 post
717 279 925 321 hominum
973 289 1204 330 memoriam
1247 300 1428 349 paratior,

97 323 326 377 vigilantior,
350 336 607 384 compositior
631 342 683 380 ad
711 342 902 384 iudicium
929 350 1083 390 venisse
1103 354 1289 398 videatur.
1350 365 1428 404 Sed

94 386 134 425 in
169 390 243 429 hac
277 395 393 435 laude
427 398 642 443 industriae
675 420 787 447 meae
820 424 908 450 reus
942 427 993 453 ne
1022 418 1198 458 elabatur
1227 436 1426 468 summum

54 466 71 497 5
91 453 308 502 periculum
344 469 412 500 est.
474 465 582 514 Quid
616 478 674 508 est
708 472 824 522 igitur
857 479 965 526 quod
1001 480 1083 519 fieri
1117 487 1270 534 possit?
1331 494 1423 533 Non

89 518 314 571 obscurum,
356 527 505 577 opinor,
543 546 674 584 neque
711 538 1003 582 absconditum.
1077 548 1264 592 Fructum
1304 555 1420 597 istum
1446 577 1482 607 33

87 582 224 633 laudis,
267 589 334 638 qui
373 604 419 630 ex
457 605 647 646 perpetua
685 603 862 644 oratione
900 609 1048 659 percipi
1086 616 1225 664 potuit,
1267 619 1307 658 in
1345 623 1421 662 alia

84 653 262 698 tempora
292 667 558 698 reservemus:
593 676 700 704 nunc
730 668 934 710 hominem
965 675 1119 726 tabulis,
1143 683 1319 733 testibus,
1346 689 1419 737 pri-

82 712 179 751 vatis
204 717 454 771 publicisque
474 724 610 766 litteris
630 733 1012 788 auctoritatibusque
1031 754 1272 788 accusemus.
1334 753 1416 792 Res

22 788 62 812 10
80 778 208 817 omnis
243 782 340 821 mihi
376 793 507 826 tecum
540 791 621 840 erit,
657 796 859 838 Hortensi.
922 803 1063 844 Dicam
1097 819 1239 859 aperte.
1301 816 1341 855 Si
1375 826 1414 858 te

77 854 234 891 mecum
256 848 430 891 dicendo
456 868 502 893 ac
523 857 721 900 diluendis
749 865 978 908 criminibus
1009 871 1048 909 in
1078 875 1152 913 hac
1179 890 1297 918 causa
1321 895 1412 921 con-

74 909 236 948 tendere
261 921 452 964 putarem‚
476 933 549 970 ego
569 935 730 975 quoque
762 928 802 966 in
829 937 1055 975 accusando
1081 946 1200 989 atque
1227 943 1267 981 in
1294 948 1411 997 expli-

72 973 210 1012 candis
250 976 480 1021 criminibus
519 998 679 1035 operam
720 1004 1023 1037 consumerem:
1071 1016 1178 1043 nunc
1217 1010 1405 1057 quoniam

69 1047 245 1086 pugnare
265 1051 401 1083 contra
430 1060 494 1086 me
522 1049 721 1092 instituisti
750 1070 830 1096 non
853 1066 931 1099 tam
960 1076 1006 1102 ex
1033 1073 1099 1104 tua
1127 1078 1264 1111 natura
1285 1087 1403 1124 quam

11 1111 47 1144 15
68 1112 114 1137 ex
149 1101 260 1143 istius
293 1113 470 1159 ternpore
504 1121 541 1152 et
575 1129 694 1157 causa
729 1117 971 1179 [malitiose],
1003 1142 1166 1172 necesse
1200 1145 1258 1175 est
1292 1139 1402 1180 istius

66 1166 175 1204 modi
209 1169 348 1209 rationi
383 1175 517 1226 aliquo
551 1182 718 1223 consilio
751 1187 953 1230 obsistere.

64 1233 283 1272 secundum
320 1237 434 1278 binos
470 1243 584 1283 ludos
619 1247 715 1287 mihi
750 1256 988 1303 respondere

61 1302 153 1333 ante
190 1298 338 1346 prim'os
374 1305 489 1345 ludos
523 1316 884 1362 comperendinem.

59 1358 159 1398 ratio
188 1362 430 1408 existimetur
452 1381 590 1422 astuta,
614 1390 746 1418 meum
775 1383 851 1422 hoc
878 1398 926 1424 co

0 1437 40 1461 20
112 1424 260 1466 Verum
290 1429 387 1471 illud
418 1439 527 1485 quod
561 1439 806 1484 institueram
838 1449 926 1489 dice

56 1499 150 1536 esse,
184 1492 299 1533 huius
330 1500 438 1539 modi
470 1511 536 1541 est.

1012 1195 1100 1234 Tua
1134 1200 1231 1239 ratio
1266 1213 1324 1242 est
1359 1215 1399 1245 ut
1423 1221 1461 1254 34

1022 1259 1197 1313 incipias,
1235 1281 1323 1307 mea
1357 1280 1399 1309 ut

951 1323 1012 1362 Ita
1046 1326 1113 1365 fiet
1147 1338 1189 1367 ut
1224 1339 1289 1371 tua
1323 1334 1397 1375 ista

929 1388 1086 1429 nsilium
1114 1399 1390 1440 necessarium.

929 1465 979 1500 re,
1012 1456 1107 1494 mihi
1143 1472 1223 1498 rem
1259 1471 1389 1504 tecum
1413 1480 1455 1507 12

598 1507 685 1557 Ego
719 1523 809 1550 curn
845 1515 947 1555 hanc
977 1532 1135 1561 causam
1168 1525 1388 1570 Siculorum

53 1562 189 1603 rogatu
210 1561 457 1613 recepissem,
481 1567 602 1619 idque
623 1573 720 1612 mihi
744 1580 918 1628 amplum
942 1591 980 1621 et
999 1589 1241 1634 praeclarum
1262 1595 1388 1635 existi-

52 1629 231 1670 massem,
269 1638 336 1665 eos
376 1632 475 1670 velle
520 1648 631 1676 meae
676 1640 768 1679 fidei
813 1643 1118 1700 diligentiaeque
1164 1656 1383 1704 periculum

49 1681 176 1724 facere
205 1689 272 1737 qui
302 1690 552 1738 innocentiae
581 1702 924 1759 abstinentiaeque
958 1714 1151 1765 fecissent,
1185 1727 1267 1760 tum
1303 1737 1382 1764 sus-

0 1759 27 1793 ³5
48 1755 164 1797 cepto
190 1755 350 1803 negotio
377 1761 502 1801 maius
524 1765 714 1814 quiddam
743 1771 839 1810 mihi
866 1779 1065 1827 proposui,
1089 1781 1127 1820 in
1149 1796 1229 1834 quo
1250 1800 1379 1828 meam

45 1809 84 1849 in
115 1827 195 1854 rem
225 1820 425 1868 publicam
448 1830 689 1871 voluntatem
719 1839 889 1886 populus
921 1842 1127 1885 Romanus
1157 1852 1378 1901 perspicere

42 1887 186 1923 posset.
259 1884 364 1924 Nam
402 1888 499 1930 illud
539 1895 635 1934 mihi
681 1911 932 1952 nequaquam
974 1908 1136 1959 dignum
1185 1914 1375 1958 industria

41 1950 265 1994 conatuque
300 1962 390 1990 meo
424 1954 640 2007 videbatur,
678 1961 795 2002 istum
834 1980 856 2004 a
896 1982 959 2008 me
994 1971 1033 2010 in
1069 1974 1258 2018 iudicium
1293 1982 1371 2022 iam

39 2006 216 2047 omnium
238 2010 385 2054 iudicio
406 2022 715 2064 condemnatum
737 2031 877 2078 vocari,
902 2034 974 2073 nisi
1002 2036 1075 2077 ista
1102 2048 1167 2080 tua
1193 2043 1371 2087 intolera-

0 2081 18 2104 0
37 2066 124 2109 bilis
153 2077 340 2126 potentia,
365 2089 402 2120 et
432 2096 478 2122 ea
507 2087 701 2137 cupiditas
723 2104 800 2142 qua
828 2107 898 2144 per
921 2099 1041 2140 hosce
1070 2117 1196 2146 annos
1226 2108 1265 2148 in
1287 2113 1369 2162 qui-

1397 1934 1435 1966 35

80 2182 93 2203 1
120 2179 153 2206 et
178 2176 241 2209 hac
267 2190 377 2214 accus.
406 2188 542 2228 scrzpsi:
566 2195 599 2221 et
625 2202 668 2223 ex
697 2204 805 2228 accuS.
835 2197 922 2241 DZp
947 2202 988 2234 al.
1011 2216 1018 2235 :
1045 2211 1080 2238 et
1105 2218 1219 2242 excus.
1239 2212 1297 2245 K:
1322 2226 1364 2247 ex

32 2225 141 2249 accuS.
161 2220 241 2260 (om.
262 2225 311 2264 et)
332 2226 373 2266 G2
391 2239 397 2259 :
422 2236 455 2261 et
474 2242 547 2264 mea
563 2244 673 2267 accus..
694 2237 797 2270 Klotz
985 2257 1005 2286 5
1030 2250 1134 2289 igitur
1148 2253 1204 2294 Dp
1220 2261 1250 2286 et
1261 2258 1336 2297 plcr.
1357 2272 1363 2291 :

31 2265 115 2298 ergo
134 2262 214 2301 G2K
301 2279 340 2300 10
363 2273 480 2314 mihip
497 2277 538 2306 al.
558 2289 565 2308 :
590 2289 656 2310 om.
671 2279 737 2310 ΒΨ
839 2294 876 2325 15
903 2289 1067 2323 malitiose
1084 2295 1150 2328 secl.
1169 2298 1270 2338 Bake,
1291 2302 1358 2334 cdd.

29 2302 250 2378 Ἁῖἷὶεῗέῗοεε-
278 2317 327 2351 p:
366 2316 403 2355 <fi
439 2321 476 2356 ξς
509 2330 561 2360 91,
599 2331 678 2363 -139,
710 2327 786 2367 147)
967 2336 1008 2365 16
1041 2339 1127 2369 ratio
1167 2341 1229 2372 sert
1267 2346 1362 2376 malit
