1600 2704
75 100 343 143 ACTIONIS
375 101 435 140 IN
466 101 512 141 C.
532 101 778 139 VERREM
807 99 1106 141 SECVNDAE
1137 104 1241 140 LIB.
1264 104 1301 140 V
1362 112 1404 151 17
1424 118 1467 150 43

132 215 235 252 Rem
264 213 441 251 navalem
467 211 636 263 primum
666 211 719 250 ita
748 212 839 250 dico
868 224 954 252 esse
979 212 1302 260 administratam,
1324 226 1404 251 non

74 278 130 317 uti
160 277 361 328 provincia
392 277 679 324 defenderetur,
708 277 778 315 sed
806 276 862 315 uti
891 277 1025 315 classis
1053 277 1214 315 nomine
1239 278 1406 327 pecunia

74 350 334 393 quaereretur,
393 341 645 392 Superiorum
666 348 890 392 praetorum
912 343 1162 381 consuetudo
1187 355 1277 381 cum
1309 343 1406 380 haec

74 407 220 456 fuisset,
254 415 295 446 ut
330 420 448 445 naves
480 406 703 445 civitatibus
738 414 947 457 certusque
983 420 1168 445 numerus
1199 414 1406 446 nautarum

36 488 53 520 5
75 472 324 522 militumque
346 472 609 522 imperaretur,
634 470 828 509 maximae
849 479 887 510 et
907 471 1240 522 locupletissimae
1261 470 1407 509 civitati

76 536 338 576 Mamertinae
366 536 462 574 nihil
497 537 637 574 horum
668 535 916 586 imperavisti.
977 536 1042 575 Ob
1072 537 1175 575 hanc
1205 549 1286 574 rem
1312 535 1408 586 quid

75 602 146 642 tibi
177 601 405 641 Mamertini
435 602 536 640 clam
567 601 760 651 pecuniae
789 601 982 649 dederint,
1005 609 1105 652 post,
1137 601 1169 640 si
1199 601 1405 648 videbitur,

75 680 123 706 ex
165 667 338 717 ipsorum
376 665 512 704 litteris
544 666 790 717 testibusque
821 680 1067 716 quaeremus.
1128 667 1282 705 Navem
1316 679 1408 704 vero
1427 683 1469 714 44

75 732 264 782 cybaeam
298 730 507 770 maximam
551 731 715 770 triremis
755 733 884 779 instar,
927 730 1248 785 [pulcherrimam
1289 740 1408 781 atque

19 814 59 839 10
77 797 365 836 ornatissimam
394 795 611 850 cybaeam]‚
634 799 764 847 palam
785 797 1033 837 aedificatam
1062 804 1222 848 sumptu
1247 796 1409 846 publico

77 870 147 901 tuo
180 863 353 910 nomine,
383 862 552 912 publice,
581 862 729 901 sciente
761 869 844 900 tota
875 861 1016 910 Sicilia,
1046 875 1114 912 per
1139 861 1408 912 magistratum

76 935 338 978 senatumque
360 927 642 966 Mamertinum
664 927 735 967 tibi
755 929 888 966 datam
909 929 1179 978 donatamque
1197 940 1284 967 esse
1304 929 1407 966 dico

78 994 194 1031 Haec
232 994 341 1031 navis
380 999 521 1031 onusta
560 993 706 1043 praeda
752 991 954 1039 Siciliensi,
998 1005 1089 1030 cum
1129 993 1212 1042 ipsa
1250 1006 1410 1042 quoque

77 1065 180 1097 esset
205 1072 251 1097 ex
281 1059 436 1108 praeda,
458 1057 573 1095 simul
601 1070 692 1096 cum
719 1058 802 1107 ipse
823 1057 1042 1103 decederet,
1064 1057 1231 1106 adpulsa
1256 1056 1409 1095 Veliam

5 1140 58 1174 -15
79 1131 138 1163 est
158 1137 247 1162 cum
267 1123 442 1173 plurimis
463 1123 590 1170 rebus,
613 1130 652 1162 et
672 1122 717 1160 iis
739 1134 837 1172 quas
858 1123 930 1160 iste
951 1123 1123 1160 Romam
1146 1122 1298 1160 mittere
1319 1135 1410 1160 cum

78 1189 216 1228 ceteris
239 1188 349 1227 furtis
371 1189 510 1235 noluit,
530 1187 639 1238 quod
662 1194 771 1226 erant
792 1185 1030 1224 clarissimae
1050 1186 1299 1236 maximeque
1318 1199 1410 1224 eum

78 1254 340 1294 delectabant.
398 1253 495 1290 Eam
510 1265 650 1291 navem
664 1264 789 1302 nuper
802 1257 958 1301 egomet
975 1250 1054 1289 vidi
1068 1251 1205 1289 Veliae
1219 1251 1413 1299 multique

78 1320 143 1359 alii
175 1321 369 1368 viderunt,
404 1316 705 1369 pulcherrimam
741 1324 860 1366 atque
902 1316 1201 1362 ornatissimam,
1237 1315 1412 1354 iudices:

80 1398 182 1435 quae
202 1385 363 1435 quidem
389 1383 576 1422 omnibus
597 1381 665 1431 qui
690 1394 777 1420 eam
801 1388 1032 1431 aspexerant
1056 1387 1306 1430 prospectare
1332 1380 1409 1417 iam

20 1467 63 1491 20
80 1450 259 1490 exsilium
280 1458 399 1500 atque
420 1449 619 1498 explorare
640 1448 772 1496 fugam
793 1445 945 1484 domini
961 1445 1178 1484 videbatur

133 1516 243 1564 Quid
275 1515 371 1554 mihi
402 1515 478 1553 hoc
510 1515 598 1552 loco
629 1511 918 1563 respondebis?
961 1510 1035 1549 nisi
1073 1511 1172 1549 forte
1209 1509 1250 1549 id
1288 1510 1407 1560 quod,

80 1581 235 1621 tametsi
265 1579 420 1631 probari
450 1580 559 1617 nullo
588 1578 710 1616 modo
739 1584 880 1627 potest,
912 1584 1044 1615 tamen
1074 1575 1152 1614 dici
1181 1575 1344 1626 quidem
1372 1574 1412 1612 in

80 1646 228 1686 iudicio
257 1647 307 1685 de
337 1645 514 1696 pecuniis
543 1642 771 1693 repetundis
802 1654 962 1680 necesse
992 1648 1061 1688 est,
1084 1642 1134 1680 de
1159 1648 1226 1679 tua
1245 1640 1415 1691 pecunia

81 1711 329 1750 aedificatam
365 1723 449 1748 esse
481 1721 632 1747 navem.
693 1707 810 1745 Aude
848 1707 924 1744 hoc
959 1707 1097 1744 saltem
1136 1704 1267 1744 dicere
1305 1706 1414 1755 quod

23 1794 63 1827 25
83 1789 245 1816 necesse
266 1783 323 1814 est
343 1790 352 1822 ;
381 1775 461 1813 noli
479 1782 662 1821 metuere,
684 1771 886 1819 Hortensi,
906 1785 955 1810 ne
977 1784 1162 1821 quaeram
1183 1770 1250 1820 qui
1264 1770 1416 1809 licuerit

83 1843 291 1882 aedificare
312 1854 451 1880 navem
473 1840 642 1880 senatori
659 1854 668 1887 ;
698 1840 884 1888 antiquae
906 1844 997 1875 sunt
1018 1837 1113 1874 istae
1134 1837 1237 1885 leges
1258 1843 1296 1874 et
1318 1849 1417 1874 mor-

84 1915 185 1954 tuae,
208 1919 328 1957 quem
356 1906 408 1944 ad
439 1906 602 1944 modum
632 1912 675 1943 tu
704 1905 806 1943 soles
836 1902 977 1949 dicere,
1001 1914 1102 1951 quae
1122 1908 1263 1939 vetant.
1328 1900 1417 1938 Fuit

85 1973 158 2011 ista
196 1985 256 2010 res
295 1970 453 2022 publica
486 1970 701 2020 quondam,
738 1968 810 2006 fuit
844 1967 918 2006 ista
949 1965 1132 2005 severitas
1168 1965 1209 2002 in
1248 1964 1414 2012 iudiciis,

86 2044 129 2076 ut
160 2036 276 2075 istam
302 2048 385 2074 rem
415 2041 619 2073 accusator
647 2033 687 2071 in
718 2030 869 2082 magnis
899 2029 1128 2069 criminibus
1163 2028 1417 2068 obiciendam

175 2139 336 2179 cybaeam
366 2137 425 2169 del.
457 2137 555 2167 Klotz
743 2145 831 2174 9-10
855 2133 1114 2174 pulcherrimam
1143 2156 1150 2163 .
1182 2154 1190 2163 .
1216 2156 1223 2163 .
1253 2132 1412 2171 cybaeam

88 2150 153 2217 om9.
168 2182 289 2220 Halm,
304 2180 469 2219 Zielmski,
489 2181 557 2211 secl,
582 2178 693 2211 Muell.
719 2179 754 2217 (l.
777 2178 935 2217 181‘nsm)
1030 2187 1068 2207 10
1092 2176 1254 2215 cybaeam
1271 2185 1338 2206 om.
1351 2176 1415 2215 p1k

92 2237 127 2257 11
153 2232 212 2257 tuo
235 2225 371 2256 nomine
396 2224 529 2264 publice
554 2234 620 2255 om.
641 2223 722 2263 prk&
865 2231 927 2261 per
949 2220 1250 2259 magistratumque
1268 2217 1332 2249 RS
1351 2219 1410 2258 (iv,

89 2273 106 2308 §
128 2271 204 2309 103)
379 2278 415 2306 14
440 2268 511 2307 ipse
527 2266 613 2297 RS-
637 2267 699 2297 iste
711 2267 754 2306 p6
945 2273 982 2303 15
1006 2265 1068 2294 iste
1086 2261 1173 2294 RS:
1197 2266 1277 2293 ante
1294 2263 1310 2291 δ
1327 2261 1417 2291 ΝοΙιΙ

92 2315 131 2345 16
153 2312 360 2344 clarissimae
379 2310 495 2342 RSw:
519 2310 713 2341 carissimae
725 2310 768 2349 ρδ
783 2306 854 2340 edd.
945 2318 987 2345 24
1011 2316 1083 2337 earn
1101 2315 1220 2336 navem
1232 2307 1270 2335 δ·
1263 2329 1270 2335 .
1294 2315 1412 2335 navem

89 2356 150 2388 del.
169 2355 341 2387 Ebmhmd
469 2363 510 2394 25
535 2354 586 2385 cui
603 2353 732 2384 licuerit
750 2351 813 2384 RS
900 2351 942 2382 26
965 2349 1113 2382 senatori
1130 2348 1189 2380 del.
1207 2348 1365 2380 Zielinski

134 2420 195 2443 cxc.
216 2420 294 2441 ven.
1290 2404 1329 2434 26

1429 1480 1475 1518 18
