1600 2704
71 99 341 140 ACTIONIS
373 101 434 140 IN
464 101 510 142 C.
532 102 776 140 VERREM
807 103 1107 143 SECVNDAE
1138 105 1241 143 LIB.
1266 106 1308 144 II
1350 115 1402 154 54

69 214 225 253 odorari
264 214 441 262 solebat;
482 214 662 254 omnium
700 215 955 263 adversarios,
995 216 1175 255 omnium
1219 218 1401 257 inimicos

68 279 276 329 diligenter
314 292 563 331 cognoscere,
603 280 803 330 conloqui,
843 288 1102 331 attemptare;
1150 295 1197 320 ex
1235 289 1401 332 utraque

66 352 176 394 parte
215 356 353 383 causas
391 346 612 383 voluntates
650 344 880 395 perspicere,
922 346 1126 384 facultates
1165 354 1202 384 et
1241 346 1375 397 copias
1391 362 1402 394 3

66 408 211 458 quibus
246 421 345 459 opus
379 416 481 448 esset
514 416 665 448 metum
695 410 844 457 offerre,
878 410 1022 460 quibus
1056 411 1257 460 expediret
1288 424 1399 462 spem

25 485 43 516 5
65 475 298 521 ostendere,-
331 481 605 513 accusatorum
637 482 676 513 et
702 475 1054 525 quadruplatorum
1084 475 1275 525 quicquid
1305 484 1400 523 erat,

65 538 238 576 habebat
259 538 299 576 in
319 545 539 589 potestate,
567 540 677 589 quod
697 539 842 589 cuique
869 539 1001 590 negoti
1025 541 1198 579 conflare
1227 541 1396 589 volebat,

63 604 173 640 nullo
194 603 328 642 labore
356 602 552 651 faciebat,
582 603 692 642 istius
718 605 852 643 omnia
879 605 1037 643 decreta
1062 605 1224 656 imperia
1251 605 1398 644 litteras

63 666 297 718 peritissime
323 675 362 706 et
388 668 642 708 callidissime
667 668 907 708 venditabat.
966 672 1027 708 Ac
1052 683 1132 708 non
1160 671 1288 709 solum
1316 679 1397 709 erat

61 732 292 772 administer
313 732 424 772 istius
452 733 724 785 cupiditatum,
747 748 883 773 verum
911 734 1029 773 etiam
1060 735 1143 785 ipse
1175 735 1234 773 sui
1263 736 1396 773 memi-

3 813 42 836 10
61 805 181 844 uerat,
212 810 342 848 neque
369 799 498 837 solum
525 812 722 846 nummos,
755 798 785 837 si
810 799 877 849 qui
904 798 967 837 isti
997 799 1235 847 exciderant,
1260 801 1396 839 tollere

62 862 224 909 solebat,
262 876 309 901 ex
347 862 493 913 quibus
527 863 737 914 pecuniam
776 863 989 902 maximam
1029 863 1130 910 fecit,
1166 865 1235 903 sed
1275 865 1393 903 etiarn

60 928 308 978 voluptatum
345 928 661 979 flagitiorumque
696 928 807 966 istius
837 928 922 978 ipse
951 928 1134 978 reliquias
1169 929 1390 979 colligebat.

61 992 203 1042 Itaque
237 992 278 1030 in
309 992 441 1032 Sicilia
474 1006 555 1032 non
589 993 871 1040 Athenionem,
907 993 975 1042 qui
1010 994 1162 1031 nullum
1198 993 1392 1043 oppidum

60 1057 176 1107 cepit,
211 1059 281 1097 sed
320 1057 617 1096 Timarchidem
652 1057 860 1107 fugitivum
900 1056 1088 1095 omnibus
1127 1057 1286 1107 oppidis
1326 1071 1393 1108 per

2 1138 38 1171 15
58 1120 271 1160 triennium
302 1121 441 1160 scitote
470 1134 652 1172 regnasse
667 1136 676 1169 ;
706 1121 746 1159 in
775 1120 1021 1160 Timarchidi
1048 1128 1242 1172 potestate
1270 1123 1393 1161 socio-

57 1200 144 1224 rum
171 1186 305 1238 populi
329 1186 503 1226 Romani
531 1186 895 1236 antiquissimorum
922 1193 1041 1236 atque
1061 1186 1390 1225 amicissimorum

57 1251 212 1298 liberos,
254 1259 396 1290 matres
435 1250 612 1298 familias,
654 1251 760 1290 bona
799 1252 1055 1300 fortunasque
1094 1251 1223 1289 omnis
1258 1251 1388 1290 fuisse.

58 1317 98 1355 Is
128 1317 254 1368 igitur,
286 1324 328 1355 ut
358 1316 461 1363 dico,
486 1316 761 1355 Timarchides
791 1316 830 1353 in
860 1315 989 1355 omnis
1019 1315 1195 1354 civitates
1225 1325 1390 1368 accepto

56 1382 183 1433 pretio
209 1395 393 1421 censores
420 1380 592 1420 dimisit:
623 1381 784 1420 comitia
805 1381 880 1420 isto
910 1388 1088 1432 praetore
1109 1393 1318 1420 censorum
1341 1395 1390 1420 ne

0 1463 38 1485 20
56 1446 270 1486 simulandi
291 1446 454 1498 quidem
475 1459 594 1485 causa
614 1447 784 1485 fuerunt.

111 1514 197 1551 Iam
222 1513 299 1550 hoc
327 1510 694 1562 impudentissime:
724 1510 1055 1561 palam—licebat
1076 1510 1181 1550 enim
1206 1510 1389 1550 videlicet

54 1576 425 1628 legibus—singulis
441 1575 672 1616 censoribus
687 1576 838 1615 denarii
855 1576 1001 1615 treceni
1025 1577 1076 1615 ad
1097 1583 1266 1614 statuam
1282 1589 1390 1625 prae-

55 1642 148 1681 toris
176 1642 356 1694 imperati
385 1649 487 1681 sunt.
547 1641 743 1682 Censores
773 1653 889 1680 cxxx
916 1641 1007 1680 facti
1032 1649 1123 1680 sunt
1138 1656 1147 1688 3
1177 1641 1387 1691 pecuniam

55 1708 162 1746 illam
201 1707 254 1746 ob
297 1719 504 1746 censuram
547 1714 684 1746 contra
723 1708 828 1757 leges
871 1708 973 1745 clam
1017 1707 1213 1745 dederunt
1231 1721 1241 1754 ,·
1289 1707 1387 1745 haec

0 1789 35 1821 ²5
57 1772 263 1812 denarium
293 1784 477 1810 xxxvun
508 1771 614 1810 milia
643 1772 774 1822 palam
806 1771 922 1810 salvis
950 1771 1101 1821 legibus
1134 1771 1387 1810 contulerunt

55 1837 96 1876 in
119 1845 298 1876 statuam.
358 1837 534 1875 Primum
556 1850 637 1887 quo
657 1844 808 1875 tantam
829 1836 1070 1887 pecuniam?
1099 1835 1246 1875 deinde
1267 1849 1386 1885 quam

55 1902 107 1941 ob
135 1915 217 1940 rem
233 1914 416 1940 censores
435 1903 487 1940 ad
508 1908 677 1940 statuam
698 1901 769 1940 tibi
790 1901 1078 1940 conferebant?
1133 1900 1245 1940 Ordo
1265 1900 1387 1949 aliqui

54 1979 264 2005 censorum
291 1973 360 2012 est,
391 1965 626 2015 conlegium,
648 1979 772 2016 genus
797 1966 960 2016 aliquod
986 1964 1224 2003 hominum?
1281 1965 1387 2002 Nam

53 2040 120 2070 aut
151 2030 310 2082 publice
336 2030 512 2070 civitates
541 2030 636 2069 istos
656 2032 827 2070 honores
854 2031 1003 2069 habent
1030 2037 1108 2076 aut,
1132 2028 1163 2066 si
1191 2028 1384 2076 homines,

101 2145 115 2165 1
143 2145 231 2166 omn.
252 2134 465 2165 adversarios
481 2133 550 2165 cO:
574 2144 638 2165 om.
655 2140 680 2174 p
698 2133 763 2166 rell.
987 2143 1008 2172 3
1032 2142 1151 2163 causas
1166 2142 1232 2163 om.
1255 2131 1295 2170 Ο,
1313 2132 1382 2164 secl.

55 2177 168 2209 Muell.
188 2189 194 2208 ι
220 2188 321 2209 causa
332 2183 379 2218 pq
396 2180 476 2217 (om.
495 2178 609 2218 parte)
627 2189 633 2208 ε
658 2188 775 2209 causas
789 2183 823 2209 et
837 2178 919 2209 coni.
932 2175 1033 2207 Klotz
1046 2176 1104 2215 (ex
1117 2180 1258 2214 utraque
1269 2185 1386 2207 causas

54 2228 150 2261 parte
169 2222 201 2262 b)
366 2221 387 2251 6
411 2222 559 2253 conflare
577 2220 647 2252 cO:
671 2222 813 2252 conflari
825 2226 851 2262 p
869 2220 935 2252 rell.
1111 2229 1150 2258 14
1174 2218 1210 2249 in
1229 2219 1386 2250 omnibus

54 2264 175 2296 Halm.
188 2268 272 2296 auct.
292 2263 428 2304 Kayser.
556 2275 598 2296 22
622 2264 752 2296 treceni
768 2263 882 2296 Muell.
903 2275 910 2294 ε
938 2262 1082 2295 trecenti
1094 2267 1120 2303 p
1135 2261 1225 2302 vulg.
1246 2262 1390 2303 (praeter

57 2307 213 2339 O=·ccc·
231 2317 296 2339 om.
314 2308 445 2339 denarii
591 2319 633 2347 24
656 2307 741 2338 clam
758 2308 810 2340 s.I.
823 2308 863 2348 p²
1005 2315 1047 2345 25
1072 2305 1249 2337 denarium
1267 2306 1386 2335 iterum

54 2361 121 2382 om.
143 2351 173 2382 Ο
304 2360 347 2390 29
370 2357 427 2382 aut
443 2351 471 2382 si
488 2352 577 2383 hom.
597 2361 673 2391 gen.
696 2351 831 2391 scripsi:
853 2355 911 2383 aut
927 2350 956 2382 si
971 2359 1049 2390 gen.
1067 2349 1156 2380 hom.
1178 2347 1265 2379 codd.
1279 2348 1361 2389 pler.
1378 2359 1386 2379 ε

53 2400 111 2425 aut
126 2393 314 2434 generatim
330 2395 420 2427 horn.
440 2395 458 2425 b
475 2395 564 2435 vulg.

1426 119 1486 153 135

1422 673 1480 713 136

1409 1491 1460 1531 55

1413 1550 1472 1583 Ῑ37
