1600 2704
83 116 133 155 35
153 114 194 154 78
521 107 577 144 M.
609 106 778 144 TVLLI
809 105 1117 145 CICERONIS

93 229 131 264 79
153 217 196 256 C.
221 218 384 255 Verrem
406 215 619 255 sustulisse.
679 214 801 261 Quod
822 227 914 253 curn
935 213 997 251 isti
1019 211 1305 251 renuntiaretur
1325 213 1375 250 de
1395 211 1481 250 basi

151 294 197 320 ac
217 281 364 329 litteris,
388 280 622 320 existimavit
649 279 830 319 homines
860 279 900 316 in
930 277 1171 317 oblivionem
1201 278 1320 316 totius
1347 276 1481 326 negoti

151 359 237 385 esse
258 354 443 386 venturos
477 345 508 384 si
529 344 646 384 etiam
668 344 795 383 basim
824 351 1027 393 tamquam
1048 341 1222 380 indicem
1243 341 1303 380 sui
1325 341 1480 379 sceleris

151 411 382 450 sustulisset.
443 411 584 460 Itaque
619 409 835 448 tollendam
875 407 985 445 istius
1024 405 1189 456 imperio
1227 407 1481 451 locaverunt;

152 488 252 526 quae
273 475 385 514 vobis
406 474 550 513 locatio
581 487 628 513 ex
657 472 826 524 publicis
856 472 992 511 litteris
1023 473 1326 522 Segestanorum
1353 470 1480 521 priore
1499 483 1516 514 5

150 540 306 578 actione
326 539 485 578 recitata
505 545 574 576 est.

74 606 131 654 36
204 606 263 642 Te
301 616 418 650 nunc,
454 604 495 640 P.
537 601 680 652 Scipio,
721 609 773 650 te,
811 601 986 652 inquam,
1025 600 1282 640 lectissimum
1321 599 1482 639 ornatis-

151 669 375 717 simumque
422 668 730 713 adulescentem,
765 668 933 716 appello,
975 666 1046 704 abs
1085 673 1122 704 te
1161 666 1333 705 officium
1368 672 1480 702 tuum

150 732 329 771 debitum
359 731 491 781 generi
521 739 559 770 et
589 730 740 770 nomini
761 730 917 780 requiro
937 738 975 769 et
997 730 1138 781 flagito.
1200 731 1280 769 Cur
1300 743 1370 780 pro
1391 729 1477 776 isto,

151 796 218 847 qui
247 797 406 835 laudem
435 797 710 845 honoremque
738 795 908 834 familiae
937 802 1087 834 vestrae
1121 795 1377 845 depeculatus
1409 801 1477 841 est,
1504 809 1541 832 ιο
1585 807 1591 814 ·

151 873 312 911 pugnas,
347 873 416 898 cur
447 873 538 899 eum
569 860 778 899 defensum
810 872 896 898 esse
926 860 994 907 vis,
1028 873 1096 898 cur
1130 872 1203 909 ego
1236 866 1322 897 tuas
1344 848 1479 908 partis

151 925 334 975 suscipio,
385 937 453 963 cur
500 933 613 963 tuum
668 937 812 962 munus
867 923 1053 971 sustineo,
1103 936 1171 961 cur
1219 925 1278 961 M.
1326 921 1480 960 Tullius

153 992 194 1028 P.
226 990 398 1028 Africani
440 996 700 1029 monumenta
736 988 908 1039 requirit,
950 990 991 1026 P.
1026 988 1158 1038 Scipio
1189 1001 1281 1026 eum
1315 987 1383 1038 qui
1416 986 1481 1025 illa

152 1056 307 1093 sustulit
337 1053 548 1093 defendit?
605 1054 709 1093 Cum
739 1066 826 1092 mos
855 1067 879 1091 a
907 1052 1121 1092 maioribus
1153 1053 1316 1091 traditus
1347 1051 1405 1098 sit,
1438 1058 1480 1089 ut

152 1126 412 1158 monumenta
431 1118 624 1157 maiorum
645 1118 699 1156 ita
718 1131 878 1156 suorum
901 1117 1068 1168 quisque
1093 1119 1280 1157 defendat
1300 1124 1343 1156 ut
1364 1129 1410 1155 ea
1430 1130 1480 1154 ne
1503 1131 1540 1164 15
1580 1140 1583 1174 .'

151 1183 278 1222 ornari
299 1182 462 1234 quidem
482 1182 645 1221 nomine
665 1181 830 1221 aliorum
860 1182 972 1228 sinat,
995 1190 1036 1220 tu
1066 1181 1129 1220 isti
1149 1181 1287 1228 aderis,
1311 1181 1379 1232 qui
1399 1194 1480 1219 non

150 1248 343 1287 obstruxit
370 1248 503 1298 aliqua
531 1261 577 1287 ex
618 1255 728 1298 parte
757 1255 1018 1287 monumento
1049 1249 1089 1286 P.
1116 1247 1309 1298 Scipionis
1339 1248 1410 1286 sed
1440 1246 1480 1285 id

88 1324 130 1354 80
150 1313 326 1352 funditus
365 1312 510 1352 delevit
548 1325 594 1351 ac
633 1312 821 1351 sustulit?
878 1312 1071 1359 Quisnam
1112 1311 1236 1362 igitur,
1277 1325 1345 1362 per
1383 1312 1480 1350 deos

149 1377 390 1424 immortalis,
424 1376 597 1416 tuebitur
633 1379 674 1415 P.
707 1377 902 1427 Scipionis
938 1377 1169 1417 memoriam
1205 1375 1360 1423 mortui,
1392 1377 1479 1427 quis

150 1450 410 1481 monumenta
440 1449 560 1492 atque
594 1441 742 1481 indicia
772 1441 936 1489 virtutis,
972 1441 1003 1480 si
1031 1449 1073 1480 tu
1105 1455 1152 1480 ea
1182 1441 1379 1491 relinques
1413 1448 1480 1479 aut
1501 1458 1541 1482 20
1574 1472 1577 1477 .

149 1509 316 1556 deseres,
348 1520 423 1546 nec
453 1508 581 1546 solum
612 1506 778 1557 spoliata
807 1506 871 1545 illa
901 1506 1058 1557 patieris
1093 1507 1164 1546 sed
1195 1505 1312 1545 etiam
1342 1518 1479 1545 eorum

149 1571 400 1621 spoliatorem
439 1578 744 1621 vexatoremque
790 1572 1010 1610 defendes?
1066 1572 1225 1610 Adsunt
1264 1570 1477 1621 Segestani,

148 1636 310 1676 clientes
341 1636 411 1684 tui,
440 1635 537 1675 socii
566 1635 703 1686 populi
734 1635 904 1674 Romani
939 1643 1058 1686 atque
1090 1635 1207 1674 amici
1224 1649 1234 1683 3
1273 1635 1478 1674 certiorem

148 1708 186 1739 te
233 1700 382 1739 faciunt
421 1702 462 1738 P.
499 1699 729 1738 Africanum
769 1699 1007 1750 Carthagine
1056 1700 1185 1738 deleta
1224 1698 1478 1738 simulacrum

150 1764 303 1803 Dianae
334 1764 550 1809 maioribus
577 1764 656 1803 suis
687 1764 912 1812 restituisse,
946 1764 1067 1814 idque
1099 1765 1205 1815 apud
1240 1765 1477 1815 Segestanos
1499 1778 1537 1812 25
1569 1758 1573 1768 ²

148 1829 231 1868 eius
252 1828 497 1880 imperatoris
519 1828 681 1868 nomine
706 1829 878 1880 positum
908 1842 954 1868 ac
979 1828 1207 1868 dedicatum
1229 1829 1372 1877 fuisse3
1402 1830 1478 1867 hoc

148 1896 312 1933 Verrem
341 1895 642 1933 demoliendum
673 1901 711 1933 et
737 1895 1021 1944 asportandum
1057 1907 1284 1945 nomenque
1314 1893 1479 1933 omnino

148 1961 189 1997 P.
233 1959 429 2010 Scipionis
469 1960 684 1998 delendum
725 1960 1027 2009 tollendumque
1066 1972 1247 2007 curasse,
1290 1966 1402 1998 orant
1442 1966 1479 1997 te

147 2032 265 2074 atque
307 2025 516 2063 obsecrant
559 2032 601 2063 ut
645 2023 717 2063 sibi
763 2024 1004 2074 religionem,
1044 2024 1176 2075 generi
1220 2031 1288 2063 tuo
1319 2024 1478 2063 laudem

194 2137 206 2156 1
234 2128 275 2157 de
294 2127 364 2157 basi
380 2137 419 2158 ac
439 2126 560 2158 litteris
582 2126 650 2158 secl.
670 2126 808 2167 Richter,
828 2126 885 2158 del.
903 2126 994 2157 Nolzl
1132 2137 1152 2166 3
1175 2126 1268 2158 basin
1283 2132 1328 2167 pq
1442 2137 1480 2166 15

148 2179 187 2199 ca
205 2180 267 2200 om.
287 2170 317 2200 S
460 2173 498 2201 16
520 2170 630 2201 alieno
647 2172 663 2200 δ
814 2180 856 2201 20
879 2170 1046 2210 relinques
1062 2175 1117 2200 aut
1136 2172 1189 2211 (ac
1203 2175 1256 2210 pr.
1270 2171 1320 2209 S)
1339 2171 1480 2201 deseres

149 2212 234 2242 RS:
267 2213 427 2252 relinquis
451 2224 488 2244 ac
518 2214 649 2245 deseris
671 2219 697 2253 p
720 2214 762 2244 al.
933 2224 971 2244 21
999 2214 1137 2252 patieris
1162 2213 1244 2245 RS:
1281 2214 1412 2254 patiere
1433 2219 1478 2253 p:

149 2257 274 2294 pateris
291 2255 420 2293 Halm.,
440 2256 511 2287 edd.
617 2256 717 2287 etiam
736 2266 852 2287 eorum
869 2256 934 2288 56:
967 2267 1080 2287 eorum
1098 2257 1198 2288 etiam
1216 2257 1268 2288 R:
1293 2257 1394 2288 etiam
1412 2267 1477 2288 om.

145 2303 189 2337 pq
210 2300 240 2335 (ξ
260 2309 303 2337 90
320 2300 407 2337 infra
426 2310 432 2337 ;
457 2299 502 2330 CI.
521 2300 598 2330 Rev.
618 2300 636 2330 l.
652 2300 694 2339 c.)
895 2311 937 2330 22
957 2300 1121 2331 defendes
1138 2302 1176 2331 δε
1207 2300 1363 2331 defendis
1374 2299 1482 2339 RSpq

150 2351 191 2381 25
213 2343 301 2381 apud
320 2342 526 2380 Segestanos
542 2343 632 2375 codd.
649 2355 655 2374 z
676 2344 764 2383 apud
782 2343 876 2383 ipsos
893 2343 1006 2375 Eberlz.
1025 2356 1030 2375 :
1053 2344 1142 2383 apud
1159 2353 1196 2374 se
1214 2343 1379 2380 Schwabe,
1393 2342 1484 2373 Nolzl
