1600 2704
1441 36 1457 65 ἕ
1478 38 1494 62 ἱ
1508 34 1530 61 7

41 117 310 158 ACTIONIS
331 119 392 157 IN
414 118 460 158 C.
483 119 724 156 VERREM
747 119 1046 158 SECVNDAE
1078 122 1182 159 LIB.
1207 122 1266 159 IV
1312 131 1370 169 49
1396 128 1457 160 [08

40 234 142 267 esset
170 227 210 265 in
239 227 336 266 urbe
365 234 498 266 nostra
526 228 679 267 Cereris
710 230 1018 279 pulcherrimum
1053 239 1092 269 et
1123 232 1371 282 magnificen-

39 293 234 332 tissimum
273 294 476 343 templum,
517 300 651 332 tamen
690 307 815 344 usque
848 295 1035 333 Hennam
1070 296 1234 346 profecti
1267 305 1367 335 sunt.

38 359 168 396 Tanta
196 356 303 396 enim
334 365 415 396 erat
440 357 650 396 auctoritas
677 366 716 397 et
742 365 914 398 vetustas
946 359 1048 398 illius
1083 360 1280 410 religionis
1315 369 1367 407 ut,

38 435 129 460 cum
177 421 270 460 illue
308 421 419 468 irent,
460 435 542 460 non
579 423 631 461 ad
669 424 810 463 aedem
850 424 1003 464 Cereris
1044 425 1116 463 sed
1153 426 1218 464 ad*
1244 425 1368 475 ipsam

1 499 18 531 5
39 488 223 526 Cererem
261 486 455 537 proficisci
486 488 721 526 viderentur.
802 490 895 528 Non
935 489 1166 528 obtundam<
1198 490 1346 528 diutius
1363 504 1372 536 ;
1396 506 1454 537 109

37 551 184 590 etenim
214 551 292 589 iam
321 551 475 590 dudum
496 565 632 590 vereor
660 566 710 592 ne
740 553 864 592 oratio
895 567 982 593 mea
1010 553 1140 593 aliena
1164 554 1216 592 ab
1236 554 1371 592 iudici-

36 629 149 654 orum
188 615 339 654 ratione
377 622 416 654 et
452 629 476 654 a
515 615 715 655 cotidiana
758 616 916 656 dicendi
959 617 1246 656 consuetudine
1285 630 1370 656 esse

5 678 17 712 J
36 682 224 719 videatur.
285 681 376 718 Hoc
403 679 505 728 dico,
537 682 640 720 hanc
670 683 795 732 ipsam
827 683 1010 721 Cererem
1040 681 1367 732 antiquissimam,

35 744 379 795 religiosissimam,
421 745 640 796 principem
674 745 853 784 omnium
889 759 1087 785 sacrorum
1123 758 1224 796 quae
1261 746 1369 795 apud

0 827 19 849 0
37 810 165 849 omnis
194 809 320 860 gentis
349 810 610 860 nationesque
640 811 748 857 fiunt,
771 824 794 849 a
814 812 859 851 C.
885 813 1007 850 Verre
1036 825 1083 850 ex
1112 811 1191 850 suis
1213 810 1368 860 templis

35 887 81 912 ac
102 874 262 913 sedibus
283 887 368 913 esse
389 874 595 913 sublatam.
656 875 736 922 Qui
757 876 975 914 accessistis
999 875 1200 922 Hennam,
1216 875 1367 914 vidistis

35 938 288 977 simulacrum
311 939 463 978 Cereris
485 953 507 978 e
528 953 721 979 marmore
742 949 780 979 et
801 940 840 978 in
866 942 990 979 altero
1018 943 1166 992 templo
1189 941 1366 980 Liberae.

34 1004 133 1042 Sunt
154 1017 200 1042 ea
221 1005 422 1054 perampla
441 1011 560 1054 atque
581 1006 788 1054 praeclara,
811 1006 881 1044 sed
902 1018 982 1043 non
1005 1006 1057 1043 ita
1077 1004 1248 1055 antiqua.
1310 1007 1369 1043 Ex

34 1080 124 1106 aere
153 1067 227 1106 fuit
252 1069 460 1117 quoddam
490 1068 647 1107 modica
675 1069 936 1119 amplitudine
967 1082 1012 1107 ac
1040 1069 1224 1119 singulari
1250 1082 1368 1119 opere

0 1149 16 1180 5
36 1145 127 1170 cum
149 1131 300 1171 facibus
320 1132 608 1182 perantiquum,
632 1134 812 1171 omnium
841 1133 995 1172 illorum
1017 1147 1119 1183 quae
1148 1141 1239 1171 sunt
1260 1135 1299 1171 in
1321 1146 1368 1170 eo

34 1198 129 1236 fano
158 1199 284 1237 multo
303 1197 647 1248 antiquissimum3
678 1198 718 1237 id
740 1199 905 1236 sustulit.
967 1200 1026 1236 Ac
1055 1206 1188 1237 tamen
1209 1211 1257 1237 eo
1278 1211 1369 1236 con-

35 1269 166 1301 tentus
189 1275 269 1301 non
290 1261 372 1300 fuit.
433 1264 539 1301 Ante
568 1263 710 1301 aedem
733 1263 886 1302 Cereris
917 1262 957 1300 in
986 1270 1123 1313 aperto
1151 1276 1197 1300 ac
1228 1275 1368 1312 propa·
1394 1277 1453 1299 110

35 1328 120 1366 tulo
140 1328 229 1365 loco
250 1326 359 1377 signa
379 1328 461 1366 duo
481 1334 586 1374 sunt,
608 1327 761 1367 Cereris
782 1341 917 1374 unum,
940 1329 1106 1367 alterum
1119 1328 1366 1378 Triptolemi,

35 1393 298 1441 pulcherrima
316 1405 362 1430 ac
384 1394 594 1442 perampla.
658 1392 916 1431 Pulchritudo
938 1393 1124 1442 periculo,
1147 1393 1368 1442 amplitudo

0 1472 18 1493 0
36 1456 150 1494 saluti
172 1456 253 1502 fuit,
277 1458 387 1506 quod
417 1469 553 1494 eorum
584 1456 790 1495 demolitio
819 1465 938 1506 atque
965 1457 1180 1507 asportatio
1203 1457 1368 1507 perdiffi-

35 1520 120 1559 cilis
140 1520 358 1559 videbatur.
420 1521 633 1560 Insistebat
664 1521 704 1559 in
735 1535 854 1560 manu
886 1521 1039 1562 Cereris
1066 1522 1201 1560 dextra
1222 1523 1369 1572 grande

37 1585 288 1624 simulacrum
310 1587 571 1636 pulcherrime
599 1588 746 1625 factum
765 1586 966 1625 Victoriae
987 1601 994 1630 ;
1024 1588 1100 1626 hoc
1122 1587 1194 1626 iste
1215 1600 1236 1626 e
1257 1587 1368 1637 signo

37 1649 189 1688 Cereris
208 1651 460 1689 avellendum
481 1651 846 1701 asportandumque
866 1651 1025 1689 curavit.

92 1713 170 1759 Qui
210 1715 371 1753 tandem
411 1713 522 1753 istius
569 1716 724 1753 animus
772 1723 830 1754 est
879 1729 984 1753 nunc
1023 1715 1063 1753 in
1098 1718 1370 1756 recordatione
1390 1724 1445 1764 50

1 1794 19 1826 5
37 1778 228 1816 scelerum
250 1791 422 1825 suorum,
445 1792 536 1817 cum
557 1792 631 1830 ego
657 1779 741 1829 ipse
769 1780 807 1817 in
833 1780 1213 1820 commemoratione
1233 1794 1369 1820 eorum

37 1857 118 1882 non
157 1845 285 1882 solum
316 1845 451 1882 animo
483 1857 735 1883 commovear
763 1858 899 1883 verum
934 1845 1052 1883 etiam
1088 1859 1251 1896 corpore
1290 1860 1372 1896 per-

36 1908 290 1946 horrescam?
348 1909 469 1947 Venit
496 1910 603 1947 enim
632 1909 727 1947 mihi
753 1909 843 1955 fani,
868 1909 954 1955 loci,
979 1909 1176 1959 religionis
1207 1910 1309 1948 illius
1331 1910 1370 1947 in

36 1983 211 2012 mentem
227 1988 237 2020 3
266 1981 468 2012 versantur
497 1982 589 2012 ante
616 1975 754 2013 oculos
778 1973 923 2020 omnia,
947 1974 1032 2013 dies
1062 1974 1125 2012 ille
1155 1987 1250 2023 quo.
1280 1986 1371 2011 cum

37 2051 111 2087 ego
152 2039 342 2076 Hennam
377 2038 587 2085 venissem,
622 2045 778 2088 praesto
817 2037 914 2076 mihi
953 2039 1178 2076 sacerdotes
1219 2037 1371 2077 Cereris

1 2115 129 2140 ocum
177 2102 309 2140 infulis
357 2115 404 2141 ac
442 2103 624 2142 verbenis
672 2104 842 2149 fuerunt,
890 2101 1024 2140 contio
1072 2110 1372 2152 conventusque

81 2215 102 2245 3
125 2205 215 2236 enim
239 2210 313 2237 erat
337 2204 460 2245 Spr:
495 2209 566 2236 erat
590 2205 677 2236 enim
704 2203 738 2234 R
766 2205 810 2243 (v,
834 2207 849 2242 ξ
873 2204 926 2244 79]
1076 2214 1095 2244 5
1121 2204 1246 2235 diutius
1271 2214 1369 2236 aures

37 2254 170 2280 vestras
184 2249 225 2279 πδ
358 2259 375 2288 7
401 2259 420 2279 a
436 2259 500 2280 0111.
513 2250 556 2288 pt5
692 2258 730 2287 19
756 2247 821 2278 His
843 2248 909 2288 (iis,
933 2247 1148 2287 pulchritudo
1159 2249 1203 2287 p&
1328 2258 1365 2278 21

38 2293 165 2331 grande
181 2302 248 2324 om,
262 2294 306 2332 ρδ
322 2303 330 2323 :
355 2292 480 2332 gracile
497 2292 653 2323 Schwabe
784 2301 825 2329 24
853 2291 1085 2329 recognitione
1101 2292 1118 2320 δ
1237 2291 1277 2321 28
1301 2301 1368 2330 quo

39 2345 103 2366 om.
118 2341 167 2375 pr.
190 2336 223 2367 R
243 2335 370 2377 (deinde
395 2334 507 2366 eadem
526 2345 648 2366 manus
667 2344 734 2374 quo
753 2338 816 2374 pro
841 2334 922 2364 cum'
950 2333 999 2365 S:
1031 2344 1096 2373 quo
1123 2344 1187 2374 ego
1208 2333 1370 2365 Hennam

39 2387 113 2409 curn
128 2380 170 2418 p&
