1600 2704
159 46 429 90 ACTIONIS
460 54 522 92 ΙΝ
553 57 596 96 C.
622 59 863 103 VERREM
895 69 1193 114 SECVNDAE
1225 80 1326 119 LIB.
1352 84 1371 121 Ι
1414 95 1458 132 14
1479 54 1543 133 33⁶

129 157 260 198 Carbo
291 161 417 212 attigit
450 178 580 216 neque
614 170 720 210 Sulla
751 173 847 214 vidit
880 192 1010 230 neque
1040 183 1079 222 in
1116 189 1306 229 aerarium
1338 196 1456 235 relata

124 229 224 261 sunt.
284 225 489 276 Oppidum
523 231 598 270 sibi
622 236 737 286 elegit
762 240 995 291 Ariminum,
1019 251 1127 297 quod
1157 259 1251 301 tum,
1270 268 1361 295 cum
1382 259 1453 299 iste

121 285 290 326 rationes
312 291 514 341 referebat,
532 307 762 346 oppressum
781 303 1058 359 direptumque
1085 323 1190 353 erat:
1219 331 1300 357 non
1330 324 1450 373 suspi-

118 350 288 399 cabatur,
318 352 358 392 id
393 359 502 406 quod
536 373 643 400 nunc
670 366 822 414 sentiet,
845 370 936 409 satis
958 376 1103 414 multos
1130 391 1176 416 ex
1203 380 1268 420 illa
1294 386 1448 425 calami-

77 424 94 455 5
116 420 194 453 tate
226 416 537 461 Ariminensium
565 426 674 466 testis
700 431 816 469 nobis
845 432 885 471 in
912 436 1014 476 hanc
1041 453 1122 479 rem
1148 444 1318 495 reliquos
1347 462 1442 490 esse.

113 479 252 518 Recita
294 483 441 524 denuo.
499 489 541 526 Ρ.
577 491 778 533 LENTVLO
821 498 863 536 L.
907 501 1094 543 TRIARIO
1134 518 1504 563 QVAESTOR113vs37

110 554 286 584 VRBANIS
308 559 384 587 REs
406 562 629 593 RATIONVM
647 569 913 601 RELATARVM.
966 567 1116 608 Recita.
1167 574 1225 612 Ex
1252 576 1440 618 SENATVS

107 619 333 651 CONSVLTO.
392 616 446 654 Vt
466 617 543 657 hoc
564 629 684 670 pacto
708 625 900 666 rationem
923 632 1062 672 referre
1084 635 1226 685 liceret,
1250 653 1298 679 eo
1318 643 1438 682 Sulla-

105 685 178 711 nus
207 684 370 726 repente
401 680 526 721 sactus
548 693 616 732 est,
641 700 719 725 non
752 698 793 728 ut
823 692 950 732 honos
980 704 1018 735 et
1045 698 1213 750 dignitas
1240 705 1434 747 nobilitati

44 751 83 772 10
102 738 379 781 restitueretur.

153 804 309 852 Quodsi
343 807 451 848 illinc
488 811 614 852 inanis
657 819 904 869 profugisses,
950 832 1080 866 tamen
1116 829 1187 869 ista
1232 841 1297 872 tua
1340 837 1429 888 fuga

94 868 241 908 nefaria
260 872 433 920 proditio
454 879 625 918 consulis
642 881 697 919 tui
711 888 976 927 conscelerata
992 890 1237 935 iudicaretur.
1274 902 1282 918 ‘
1295 901 1426 940 Malus

91 931 197 979 civis,
227 933 432 986 improbus
467 945 615 990 consul,
661 947 869 989 seditiosus
905 954 1027 992 homo
1058 957 1130 996 Cn.
1169 961 1301 1001 Carbo
1329 966 1425 1004 fuit.'

90 997 223 1036 Fuerit
260 1000 372 1041 aliis:
413 1003 484 1044 tibi
526 1011 687 1057 quando
717 1025 801 1052 esse
832 1017 996 1067 coepit?
1051 1030 1309 1075 posteaquam
1350 1030 1420 1069 tibi

30 1075 67 1108 15
86 1063 308 1113 pecuniam,
342 1081 423 1106 rem
470 1072 773 1125 frumentariam,
811 1081 980 1122 rationes
1023 1088 1153 1126 omnis
1194 1104 1283 1130 suas
1318 1108 1418 1134 exer-

84 1125 286 1179 citumque
310 1134 518 1174 commisit.
581 1140 684 1178 Nam
718 1142 748 1179 si
777 1144 845 1182 tibi
874 1155 988 1187 antea
1014 1150 1287 1204 displicuisset,
1311 1159 1415 1199 idem

81 1190 238 1232 fecisses
259 1198 369 1245 quod
388 1211 495 1239 anno
514 1210 604 1251 post
626 1205 681 1243 M.
703 1206 802 1246 Piso.
865 1212 1062 1260 Quaestor
1074 1230 1164 1256 cum
1180 1221 1222 1258 L.
1240 1222 1412 1274 Scipioni

79 1258 231 1296 consuli
265 1261 480 1313 obtigisset,
512 1280 592 1306 non
617 1270 742 1321 attigit
775 1277 995 1326 pecuniam,
1013 1294 1093 1319 non
1126 1285 1177 1322 ad
1197 1289 1408 1329 exercitum

75 1323 273 1371 profectus
308 1334 367 1366 est
383 1341 394 1375 ,¹
424 1332 532 1380 quod
557 1334 607 1372 de
634 1349 674 1374 re
701 1338 859 1386 publica
882 1344 1013 1391 sensit,
1044 1346 1095 1384 ita
1115 1351 1236 1389 sensit
1263 1361 1305 1391 ut
1335 1368 1407 1394 nec

16 1401 57 1424 20
74 1386 194 1426 fidem
216 1402 327 1429 suam
349 1406 422 1432 nec
443 1408 593 1435 morem
625 1400 817 1442 maiorum
843 1419 916 1445 nec
937 1411 1270 1454 necessitudinem
1291 1420 1404 1459 sortis

71 1450 253 1492 laederet.
299 1457 458 1497 Etenim
493 1461 523 1499 si
552 1463 649 1502 haec
681 1469 906 1515 perturbare
937 1475 1071 1514 omnia
1095 1490 1141 1516 ac
1167 1482 1401 1529 permiscere
1423 1472 1465 1555 Ῑξ

68 1516 260 1566 volumus,
284 1527 407 1560 totam
428 1524 547 1564 vitam
568 1528 840 1581 periculosam,
873 1536 1118 1589 invidiosam,
1138 1543 1400 1599 infestamque
1422 1531 1438 1561 3

65 1581 379 1630 reddemus‚-si
420 1591 567 1629 nullam
613 1595 840 1645 religionem
891 1614 972 1640 sors
1031 1606 1204 1656 habebit,
1248 1614 1395 1652 nullam

63 1645 290 1687 societatem
313 1652 541 1694 coniunctio
566 1663 764 1701 secundae
790 1665 1014 1718 dubiaeque
1036 1672 1225 1723 fortunae,
1245 1679 1391 1717 nullam

3 1722 39 1755 ²5
59 1711 332 1753 auctoritatem
362 1730 490 1758 mores
510 1728 629 1772 atque
650 1724 826 1766 instituta
848 1731 1051 1772 maiorum.
1112 1737 1303 1780 Omnium
1334 1752 1391 1782 est

57 1777 280 1817 communis
301 1778 483 1821 inimicus
507 1786 574 1835 qui
595 1788 667 1826 fuit
688 1791 810 1831 hostis
833 1808 1003 1837 suorum.
1047 1801 1178 1841 Nemo
1199 1818 1387 1857 umquam

54 1838 210 1888 sapiens
239 1844 428 1891 proditori
463 1851 704 1892 credendum
741 1860 900 1906 putavit.
954 1864 1046 1913 Ipse
1080 1867 1196 1915 Sulla,
1229 1871 1292 1909 cui
1321 1875 1386 1911 ad-

52 1911 190 1943 ventus
212 1906 321 1947 istius
340 1911 580 1960 gratissimus
611 1930 696 1957 esse
716 1922 863 1971 debuit,
895 1927 947 1965 ab
975 1941 1016 1967 se
1040 1930 1243 1971 hominem
1264 1943 1383 1987 atque

47 1968 98 2006 ab
133 1971 303 2010 exercitu
335 1987 407 2014 suo
441 1979 628 2018 removit:
668 1985 883 2027 Beneventi
916 2004 1001 2031 esse
1032 1994 1143 2034 iussit
1175 2001 1282 2048 apud
1312 2015 1379 2041 eos

88 2080 108 2110 3
133 2072 369 2116 direptumque
385 2077 421 2108 D
433 2079 475 2111 al.
489 2081 507 2111 b
524 2092 531 2111 :
556 2082 790 2128 directumque
798 2096 861 2131 pr:
885 2094 1100 2137 dirutumque
1112 2099 1150 2130 K
1164 2100 1225 2142 Lg.
1239 2113 1282 2142 42
1355 2109 1376 2137 6

45 2111 84 2144 G.
105 2114 212 2148 Triar.
230 2117 339 2159 DZp:
363 2121 404 2160 Q.
424 2122 531 2155 Triar.
554 2126 648 2166 GmK
759 2143 775 2172 7
799 2140 1080 2172 restaurationum
1098 2144 1193 2177 relat.
1212 2157 1235 2175 π
1335 2159 1374 2179 12

42 2156 204 2190 scelerata
221 2159 269 2192 Ζδ
371 2175 409 2204 14
433 2167 493 2198 tibi
510 2172 645 2208 quando
657 2173 701 2212 pb
718 2186 724 2204 :
748 2176 806 2207 tibi
825 2179 944 2211 ilerum
959 2184 1065 2224 suppl.
1083 2196 1109 2217 s.
1123 2187 1140 2218 l.
1156 2187 1209 2221 D:
1235 2190 1293 2222 tibi
1312 2192 1369 2223 tibi

41 2201 175 2237 quando
200 2202 288 2235 KZ:
321 2209 458 2246 quando
486 2212 543 2241 tibi
571 2224 611 2253 qr
823 2232 859 2260 17
883 2223 1027 2263 legisses
1052 2227 1116 2258 ΒΨ
1144 2231 1196 2271 (cf
1224 2233 1258 2271 ii,
1278 2237 1293 2272 §
1311 2236 1368 2275 60)

40 2241 106 2280 Qui
132 2252 292 2284 quaestor
321 2252 419 2282 malit
443 2253 556 2285 Muell.
685 2270 726 2290 22
751 2263 951 2298 invidiosam
978 2268 1034 2310 Dp
1059 2272 1147 2304 relL:
1170 2274 1367 2309 insidiosam

36 2280 156 2320 Lamb.
176 2289 246 2320 edd.
379 2305 421 2334 25
448 2297 669 2340 institutaque
687 2314 707 2343 q
