1600 2704
137 91 406 130 AcT10N1s
437 91 498 129 IN
525 62 575 130 c,
597 92 839 129 VERREM
870 93 1170 132 SECVNDAE
1201 96 1304 135 ΜΒ.
1329 97 1348 136 1
1388 106 1440 145 34
1459 68 1544 146 εἷ

110 201 305 248 movebat,
320 214 370 240 ne
390 200 487 240 illud
501 200 662 252 quidem
675 200 887 252 cogitabas,
911 202 1026 241 huius
1047 203 1328 254 improbissimi
1348 207 1439 245 furti

109 266 191 305 sive
220 266 322 305 adeo
350 265 521 304 nefariae
548 266 717 315 praedae
745 273 825 305 tam
856 266 1060 306 inlustrem
1083 281 1130 306 ac
1157 276 1237 306 tarn
1262 270 1437 309 nobilem

107 330 305 370 civitatem
332 338 473 370 testem
496 331 696 368 futuram?
744 332 808 369 An
838 330 931 380 quia
956 338 1040 369 tum
1062 333 1135 371 Cn.
1161 334 1369 372 Dolabella
1398 335 1439 373 in
1458 341 1498 373 88

108 409 199 435 eum
230 395 298 446 qui
328 395 363 434 ei
393 394 623 445 myoparoni
652 396 882 445 praefuerat,
908 396 1155 447 Milesiisque
1176 411 1258 436 rem
1287 406 1438 448 gestam

69 475 86 506 5
108 459 357 507 renuntiarat,
384 458 695 498 animadvertere
716 466 785 498 tuo
806 467 942 510 rogatu
964 468 1130 500 conatus
1152 469 1222 509 est,
1245 463 1440 501 renuntia-

107 524 338 575 tionemque
364 524 459 571 eius,
481 537 583 574 quae
604 531 684 563 erat
705 523 744 562 in
765 524 944 574 publicas
972 525 1117 564 litteras
1142 528 1262 566 relata
1283 527 1437 566 illorum

106 588 269 640 legibus,
303 588 387 628 tolli
417 589 590 636 iusserat,
622 588 770 628 idcirco
802 596 840 628 te
874 603 921 628 ex
952 591 1029 629 hoc
1063 590 1227 631 crimine
1261 593 1437 642 elapsum

105 666 191 692 esse
211 652 479 691 arbitrabare?
529 654 704 691 Multum
725 660 763 692 te
793 653 866 692 ista
887 654 1023 693 fefellit
1044 655 1192 705 opinio,
1215 664 1254 695 et
1275 656 1435 706 quidem
1458 664 1509 704 35

106 716 238 756 multis
272 717 313 755 in
346 717 454 756 locis.
513 718 677 768 Semper
711 717 816 756 enim
852 718 1092 766 existimasti,
1124 728 1162 758 et
1197 720 1366 759 maxime
1397 720 1437 758 in

47 797 87 820 10
105 781 247 830 Sicilia,
270 782 363 821 satis
393 789 553 821 cautum
574 782 644 821 tibi
665 784 716 822 ad
745 782 1018 822 defensionem
1048 785 1141 831 fore,
1164 785 1196 823 si
1220 793 1286 824 aut
1307 785 1436 825 referri

103 846 254 896 aliquid
274 846 314 885 in
335 846 481 886 litteras
502 847 681 897 publicas
701 846 901 894 vetuisses,
924 855 991 886 aut
1018 850 1127 898 quod
1148 850 1313 888 relatum
1334 858 1436 889 esset

103 911 187 950 tolli
226 911 432 961 coegisses.
494 914 587 950 Hoc
625 925 745 962 quam
784 912 882 950 nihil
921 912 980 959 sit,
1022 913 1176 951 tametsi
1217 927 1264 952 ex
1302 915 1434 953 multis

103 975 258 1014 Siciliae
279 975 502 1015 civitatibus
532 975 659 1026 priore
688 976 845 1014 actione
875 976 1058 1023 didicisti,
1083 984 1216 1016 tamen
1246 978 1364 1016 etiam
1395 979 1435 1017 in

102 1041 176 1079 hac
189 1040 273 1091 ipsa
289 1040 445 1080 civitate
461 1054 666 1091 cognosce.
726 1043 825 1079 Sunt
841 1040 896 1079 illi
912 1041 1073 1090 quidem
1091 1042 1199 1080 dicto
1214 1043 1431 1092 audientes,

44 1118 80 1151 15
101 1118 222 1155 quam
238 1105 307 1145 diu
327 1107 471 1145 adsunt
487 1105 513 1143 ii
529 1105 596 1155 qui
617 1105 834 1155 imperant:
866 1105 982 1144 simul
998 1119 1044 1144 ac
1060 1106 1336 1155 discesserunt,
1352 1121 1433 1147 non

101 1172 230 1209 solum
250 1169 347 1209 illud
377 1169 624 1220 perscribunt
644 1171 753 1220 quod
783 1177 867 1208 tum
888 1170 1075 1220 prohibiti
1097 1179 1199 1218 sunt,
1223 1173 1292 1211 sed
1314 1172 1432 1211 etiam

100 1247 259 1274 causam
298 1235 527 1274 adscribunt
559 1248 627 1273 cur
665 1247 746 1273 non
786 1242 869 1273 tum
910 1234 949 1272 in
988 1235 1134 1274 litteras
1173 1237 1337 1275 relatum
1371 1237 1429 1276 sit.

100 1301 268 1338 Manent
288 1299 385 1338 istae
405 1299 555 1338 litterae
577 1298 716 1345 Mileti,
742 1306 914 1346 manent,
937 1307 975 1337 et
996 1300 1092 1338 dum
1119 1299 1190 1338 erit
1211 1300 1274 1338 illa
1296 1300 1431 1340 civitas
1450 1309 1490 1350 89

99 1364 327 1404 manebunt.
389 1366 540 1403 Decem
571 1363 677 1402 enirn
701 1363 810 1402 navis
838 1363 945 1402 iussu
973 1365 1016 1401 L.
1040 1366 1233 1403 Murenae
1260 1367 1430 1416 populus

41 1446 80 1468 20
100 1428 280 1468 Milesius
300 1442 347 1468 ex
367 1429 535 1479 pecunia
554 1428 735 1479 vectigali
759 1430 908 1478 populo
931 1430 1116 1467 Romano
1146 1430 1301 1477 fecerat,
1330 1429 1431 1469 sicut

98 1506 171 1544 pro
200 1507 270 1532 sua
299 1507 480 1544 quaeque
509 1501 618 1544 parte
639 1493 757 1532 Asiae
786 1500 938 1532 ceterae
970 1493 1156 1532 civitates.
1218 1495 1350 1542 Quam
1377 1495 1430 1534 ob

96 1572 178 1597 rem
200 1572 320 1598 unam
341 1572 387 1597 ex
407 1560 560 1608 decem,
576 1573 657 1598 non
678 1559 925 1609 praedonum
945 1558 1151 1609 repentino
1164 1560 1336 1598 adventu
1360 1561 1429 1599 sed

96 1624 212 1674 legati
242 1624 459 1672 latrocinio,
482 1637 561 1663 non
589 1624 626 1662 vi
656 1623 900 1674 tempestatis
925 1625 995 1662 sed
1024 1625 1098 1662 hac
1128 1624 1304 1663 horribili
1334 1633 1429 1664 tem-

96 1696 247 1739 pestate
277 1688 474 1728 sociorum
504 1688 689 1727 amissam
720 1688 761 1726 in
792 1688 938 1727 litteras
971 1688 1150 1738 publicas
1182 1691 1424 1728 rettulerunt.

39 1766 76 1798 25
97 1754 196 1792 Sunt
217 1755 372 1792 Romae
391 1753 507 1803 legati
529 1753 685 1800 Milesii,
708 1753 890 1792 homines
911 1753 1145 1792 nobilissimi
1165 1767 1210 1792 ac
1231 1754 1426 1804 principes
1446 1770 1487 1802 90

95 1817 273 1865 civitatis,
314 1817 382 1868 qui
420 1818 575 1856 tametsi
614 1831 791 1856 mensem
832 1817 1088 1856 Februarium
1134 1826 1172 1857 et
1216 1820 1426 1857 consulum

95 1881 390 1932 designatorum
410 1895 558 1921 nomen
580 1889 819 1932 exspectant,
842 1889 975 1921 tamen
1002 1884 1079 1921 hoc
1100 1889 1253 1921 tanturn
1274 1882 1426 1921 facinus

94 1959 176 1984 non
215 1947 337 1985 modo
375 1959 516 1996 negare
560 1945 795 1996 interrogati,
833 1948 903 1985 sed
941 1960 991 1985 ne
1036 1946 1218 1996 producti
1263 1946 1425 1996 quidem

94 2010 255 2049 reticere
288 2017 497 2061 poterunt:
531 2009 675 2056 dicent,
707 2010 880 2060 inquam,
904 2017 942 2048 et
970 2010 1157 2060 religione
1190 2010 1353 2049 adducti
1387 2018 1425 2050 et

36 2091 76 2124 30
94 2075 402 2115 domesticarum
422 2076 554 2126 legum
575 2082 694 2122 metu,
717 2074 814 2125 quid
844 2075 910 2113 illo
932 2088 1173 2125 myoparone
1194 2077 1340 2114 factum
1363 2076 1422 2123 sit,

94 2141 306 2180 ostendent
326 2141 371 2180 C.
394 2142 568 2187 Verrem,
592 2139 632 2178 in
662 2153 708 2178 ea
728 2141 851 2178 classe
872 2153 973 2189 quae
994 2147 1130 2178 contra
1159 2140 1302 2190 piratas
1322 2140 1425 2180 aedi-

94 2205 211 2243 ficata
230 2204 292 2253 sit,
311 2204 477 2255 piratam
498 2204 628 2255 ipsum
649 2205 960 2242 consceleratum
982 2204 1110 2243 fuisse.

142 2318 178 2347 17
203 2316 338 2339 causam
355 2318 423 2339 om.
435 2307 506 2348 p61
526 2307 567 2348 (S.
583 2308 601 2339 l.
617 2307 670 2348 p2')
689 2319 695 2337 :
720 2316 838 2339 causas
854 2317 895 2347 qr
1037 2317 1076 2338 21
1104 2318 1258 2348 quaeque
1278 2309 1423 2350 [queque

95 2349 160 2391 Dr)
179 2351 214 2381 D
228 2351 271 2383 al.
282 2356 308 2391 p
323 2362 330 2382 ε
353 2361 487 2390 quoque
507 2349 586 2389 631<
1299 2397 1337 2427 6*
