1600 2704
50 170 103 207 30
125 174 164 206 73
492 145 552 183 M.
580 136 749 178 TVLLI
780 123 1087 172 CICERONIS

792 245 873 282 Iste
893 244 1135 290 quamquam
1156 235 1214 268 est
1233 219 1455 264 incredibili

756 318 888 349 tamen
927 301 1058 342 subito
1097 297 1202 335 solus
1247 287 1456 330 destitutus

1066 370 1090 409 t,
1120 371 1200 409 quo
1227 369 1268 394 se
1294 356 1459 391 verteret

1068 425 1248 466 stionem‚
1272 424 1372 469 post,
1387 413 1461 452 illis

1097 498 1179 529 tum
1196 485 1241 525 iri
1254 485 1463 532 Sopatrum
1485 488 1502 519 5

69 286 106 318 74
126 265 243 308 amici
263 257 525 307 advocatique
546 254 732 292 fecerunt.

129 327 425 383 importunitate
463 329 501 360 et
538 314 715 360 audacia,

131 393 332 449 pertimuit
361 398 399 430 et
429 383 685 426 conturbatus
715 383 773 415 est
789 389 798 422 3
827 370 924 422 quid
950 378 1062 416 agere

134 459 349 500 nesciebat.
406 452 446 492 Si
466 446 678 490 dimisisset
698 454 746 481 eo
766 446 943 486 tempore
964 442 1065 481 quae

136 522 323 566 adhibitis
337 520 377 559 in
393 514 602 557 consilium
616 520 716 560 quos
728 505 938 552 ablegarat‚
954 494 1093 534 absolu

138 590 324 633 videbat;
364 583 424 622 sin
453 586 585 618 autem
614 571 819 612 hominem
849 563 1035 603 miserum
1064 564 1182 605 atque
1212 550 1466 588 innocentem

141 658 195 695 ita
215 652 534 693 condemnasset,
554 653 646 681 curn
666 638 750 688 ipse
770 638 924 684 praetor
941 626 1024 665 sine
1037 617 1214 663 consilio,
1232 625 1320 653 reus
1336 615 1469 648 autem

145 721 230 760 sine
256 722 425 767 patrono
451 717 570 758 atque
590 699 791 743 advocatis
812 695 961 739 fuisset,
981 686 1252 731 iudiciumque
1272 679 1318 717 C.
1342 677 1473 713 Sacer-

146 783 250 825 dotis
284 775 517 819 rescidisset,
554 766 744 808 invidiam
775 775 817 801 se
851 756 1041 798 sustinere
1069 755 1220 788 tantam
1248 754 1330 781 non
1359 748 1475 789 posse

149 846 420 889 arbitrabatur.
494 839 636 886 Itaque
674 827 879 869 aestuabat
918 816 1177 861 dubitatione,
1217 806 1397 847 versabat
1436 814 1477 838 se
1500 814 1538 835 ιο

151 922 360 961 utramque
393 906 434 944 in
466 908 618 954 partem
650 909 732 934 non
762 893 890 931 solum
921 890 1063 928 mente,
1086 889 1221 917 verum
1252 871 1370 911 etiam
1399 879 1480 905 cor-

154 991 259 1031 pore,
292 981 335 1013 ut
366 981 506 1010 omnes
537 964 607 1016 qui
637 963 800 1000 aderant
834 952 1060 999 intellegere
1090 945 1251 994 possent
1280 936 1320 974 in
1349 931 1482 972 animo

156 1043 240 1083 eius
272 1044 422 1077 metum
450 1044 541 1072 cum
569 1024 785 1077 cupiditate
813 1027 997 1070 pugnare.
1058 1011 1152 1048 Erat
1167 1001 1375 1043 hominum
1396 1008 1485 1035 con-

159 1113 300 1147 ventus
332 1098 537 1142 maximus,
571 1100 771 1132 summum
810 1080 1019 1123 silentium,
1057 1083 1211 1114 summa
1248 1059 1487 1115 exspectatio

163 1181 339 1223 quonam
369 1170 472 1204 esset
501 1159 584 1199 eius
613 1152 808 1206 cupiditas
838 1152 1047 1196 eruptura3
1076 1137 1213 1178 crebro
1240 1145 1281 1171 se
1301 1137 1490 1169 accensus
1514 1135 1549 1167 15
1599 1153 1600 1161 ,

105 1249 143 1283 75
166 1233 401 1277 demittebat
438 1228 489 1267 ad
523 1235 657 1263 aurem
690 1212 975 1256 Timarchides.
1033 1207 1139 1243 Tum
1173 1200 1246 1238 iste
1278 1191 1493 1244 aliquando
1599 1173 1600 1181 ἵ

171 1303 277 1349 ‘Age
309 1295 422 1335 dicl'
456 1288 594 1339 inquit.
653 1286 762 1323 Reus
800 1290 910 1318 orare
940 1281 1059 1322 atque
1092 1267 1297 1306 obsecrare
1327 1266 1370 1298 ut
1404 1267 1495 1295 cum

169 1362 335 1405 consilio
356 1359 623 1408 cognosceret.
684 1347 792 1385 Turn
813 1347 973 1393 repente
1000 1337 1073 1374 iste
1101 1330 1209 1370 testis
1233 1324 1342 1366 citari
1363 1321 1498 1365 iubet3

170 1428 266 1469 dicit
304 1436 406 1463 unus
445 1428 483 1459 et
517 1419 614 1456 alter
648 1411 843 1455 breviter;
890 1402 988 1443 nihil
1028 1400 1309 1444 interrogatur3
1356 1395 1499 1437 praeco

172 1502 336 1532 D1X1ssss
357 1483 595 1538 pronuntiat.
655 1480 747 1523 Iste,
770 1471 882 1524 quasi
903 1470 1093 1507 metueret
1106 1474 1156 1499 ne
1173 1454 1335 1497 Petilius
1350 1450 1500 1501 privato
1522 1457 1562 1478 20
1599 1454 1600 1473 1

174 1559 242 1596 illo
271 1551 420 1593 iudicio
443 1552 640 1588 transacto
669 1549 736 1581 aut
761 1538 914 1589 prolato
943 1543 1034 1571 curn
1059 1524 1196 1566 ceteris
1226 1521 1266 1559 in
1295 1515 1503 1557 consrlrum

945 1611 967 1635 a
998 1592 1134 1637 exsilit,
1161 1584 1367 1626 hominem
1397 1578 1505 1616 inno-

177 1624 442 1662 reverteretur,
467 1614 520 1651 ita
549 1618 762 1661 properans
793 1603 843 1641 de
874 1599 942 1638 sell

180 1693 336 1725 centem
357 1696 379 1720 a
400 1681 445 1719 C.
469 1675 681 1717 Sacerdote
701 1668 927 1708 absolutum
950 1658 1098 1699 indicta
1118 1664 1236 1693 causa
1248 1650 1299 1688 de
1316 1648 1510 1685 sententia

121 1806 166 1842 3¹
240 1811 435 1854 Retinete,
458 1805 622 1845 retinete
648 1797 852 1839 hominem
873 1793 913 1830 in
934 1788 1100 1831 civitate,

125 1854 167 1897 76
188 1881 430 1919 conservate,
710 1877 718 1883 ·
777 1860 784 1867 ’
1170 1877 1177 1892 ,

189 1943 273 1982 sine
311 1940 391 1978 ulla
429 1933 644 1985 cupiditate
683 1929 733 1968 de
772 1924 878 1963 bello
922 1926 961 1959 et
998 1928 1096 1967 pace
1134 1923 1204 1949 sen

190 2003 369 2046 Tametsi
403 2000 532 2039 minus
564 1997 605 2035 id
638 1992 801 2044 quidem
832 1984 959 2030 nobis,
991 1980 1120 2020 minus
1154 1972 1302 2025 populo
1335 1969 1519 2005 Romano

193 2068 455 2110 laborandum
480 2070 549 2108 est,
572 2057 697 2110 qualis
721 2054 831 2094 istius
855 2051 895 2089 in
925 2052 1063 2087 senatu
1087 2035 1280 2080 sententia
1305 2034 1434 2071 futura
1459 2025 1518 2065 sit.

243 2189 259 2217 7
285 2177 349 2207 iste
369 2174 411 2206 Ο1
543 2180 564 2209 9
588 2177 689 2208 posse
705 2175 747 2195 no

228 2245 236 2252 .
256 2244 263 2251 .
284 2220 459 2250 obsecrare
476 2213 533 2245 cO¹
553 2224 560 2242 :
586 2212 753 2250 Sopatrus
777 2203 958 2243 implorare
982 2198 1080 2227 deum

1021 2263 1028 2269 .
1059 2237 1094 2267 ὸδ
1122 2266 1125 2268 ,
1233 2240 1270 2260 21
1297 2225 1428 2267 prolato
1445 2219 1525 2252 coni.

200 2246 381 2295 'obsecrare
400 2259 488 2299 qu:
525 2256 606 2294 Sop.
638 2252 728 2291 impl.
758 2250 790 2279 h.
821 2251 887 2285 atq.
914 2244 947 2273 d.
972 2240 1017 2271 fid

1001 2292 1042 2321 23
1066 2291 1084 2311 a
1102 2278 1128 2308 C
1146 2288 1177 2307 c:
1203 2284 1240 2305 ac
1261 2271 1309 2303 O:
1335 2277 1401 2300 om.
1416 2270 1440 2305 p
1458 2261 1523 2293 rell.

202 2307 350 2346 Zumpt:
374 2303 505 2342 perlato
524 2298 581 2329 cO¹
598 2309 605 2327 :
629 2296 732 2326 dilato
746 2297 769 2332 p
787 2289 852 2321 rell.

205 2361 247 2388 24
271 2345 459 2385 haruspicis
477 2344 557 2381 (om.
576 2340 654 2379 que)
675 2337 705 2368 O
722 2348 729 2367 ·.
753 2346 782 2366 v.
802 2330 880 2363 Ziel.
893 2334 926 2371 p.
944 2337 1004 2367 194
1094 2322 1135 2352 28
1158 2318 1270 2349 minus
1285 2314 1374 2355 (ante
1390 2305 1525 2348 populo)

201 2398 226 2433 p
244 2391 311 2422 rell.
327 2402 333 2422 ;
361 2394 393 2420 et
412 2387 463 2418 O:
487 2395 552 2415 om.
572 2384 589 2413 b
