1600 2704
68 111 123 148 26
142 113 185 154 67
512 92 570 130 M.
602 83 772 126 TVLLI
803 70 1112 121 eiCERoNts

145 215 277 256 statim
307 207 551 250 exanimatus
581 198 632 238 ad
656 192 765 234 aedis
795 183 1011 229 contendit,
1034 187 1077 219 ut
1105 184 1145 216 et
1172 173 1274 213 vitae
1301 165 1419 221 patris
1440 171 1478 203 et

128 277 360 334 'pudicitiae
388 268 531 311 sororis
563 263 829 304 succurreret3
864 262 1002 292 omnes
1031 244 1175 285 eodem
1203 237 1338 277 animo
1367 234 1480 270 Lam-

148 342 319 398 psaceni,
343 338 459 377 simul
488 341 531 372 ut
559 332 636 369 hoc
666 323 886 365 audierunt,
908 312 1018 366 quod
1041 322 1108 350 eos
1139 317 1229 345 cum
1257 293 1482 339 Philodami

150 410 319 461 dignitas
354 412 439 443 tum
468 395 632 437 iniuriae
662 385 895 439 magnitudo
924 375 1119 420 movebat,
1142 371 1193 409 ad
1222 364 1331 406 aedis
1361 367 1482 400 noctu

152 475 433 516 convenerunt.
494 461 575 501 Hic
613 457 727 496 lictor
765 449 875 489 istius
914 438 1133 485 Cornelius,
1170 431 1238 483 qui
1277 440 1369 468 cum
1399 424 1519 469 eius5

153 539 271 581 servis
310 540 391 574 erat
430 543 453 569 a
490 523 644 565 Rubrio
683 515 795 569 quasi
833 513 873 550 in
912 502 1108 560 praesidio
1145 499 1197 538 ad
1230 491 1485 534 auferendam

157 603 360 645 mulierem
374 594 617 634 conlocatus,
636 580 831 624 occiditur
843 592 854 625 3
882 571 981 613 servi
997 581 1078 608 non
1099 561 1196 604 nulli
1213 560 1464 599 vulnerantur
1479 566 1489 599 3

158 671 241 720 ipse
271 662 446 704 Rubrius
477 658 516 695 in
547 652 661 692 turba
690 644 896 686 sauciatur.
956 638 1052 681 Iste,
1078 629 1146 682 qui
1176 639 1246 667 sua
1275 618 1491 672 cupiditate

160 741 289 774 tantos
311 726 502 768 tumultus
523 715 742 758 concitatos
762 709 922 751 videret,
945 710 1088 751 cupere
1115 693 1247 742 aliqua
1274 687 1439 729 evolare,
1462 682 1493 719 si

89 786 142 868 26}
163 803 305 850 posset.
367 784 562 829 Postridie
581 777 764 819 homines
781 783 897 811 mane
917 767 959 806 in
979 761 1207 804 contionem
1229 748 1495 793 conveniunt;
1518 761 1556 783 10

164 866 358 916 quaerunt
388 853 485 906 quid
514 847 709 899 optimum
739 841 844 878 factu
875 833 947 880 sit3
985 841 1056 880 pro
1090 838 1132 863 se
1166 820 1345 872 quisque,
1380 819 1423 852 ut
1457 810 1497 848 in

147 939 325 981 ⁸quoque
346 928 427 961 erat
447 908 688 957 auctoritatis
709 902 935 957 plurimum,
957 895 1009 934 ad
1028 889 1221 943 populum
1239 879 1476 932 loquebatur
1492 889 1501 922 ;

167 996 348 1033 inventus
370 993 427 1025 est
443 992 562 1021 nemo
578 975 689 1015 cuius
708 983 790 1009 non
805 968 905 1004 haec
925 968 964 1000 et
985 952 1180 997 sententia
1192 954 1293 989 esset
1310 952 1348 984 et
1364 940 1499 986 oratio,

169 1073 249 1098 non
271 1067 355 1095 esse
377 1044 649 1089 metuendum,
677 1036 709 1075 si
735 1033 846 1073 istius
874 1024 1067 1066 nefarium
1092 1018 1218 1058 scelus
1240 1003 1503 1059 Lampsaceni

169 1123 241 1164 ulti
261 1121 298 1160 vi
319 1124 520 1163 manuque
540 1111 681 1149 essent,
705 1113 755 1138 ne
780 1102 938 1136 senatus
966 1087 1216 1140 populusque
1237 1080 1445 1116 Romanus
1465 1069 1504 1107 in
1529 1084 1564 1115 15

172 1201 260 1228 eam
291 1183 489 1223 civitatem
519 1161 916 1213 animadvertendum
945 1157 1128 1206 putaret,
1155 1141 1299 1197 quodsi
1328 1141 1406 1177 hoc
1425 1136 1508 1174 iure

179 1396 259 1422 non
291 1380 436 1421 liceret,
470 1367 625 1422 quidvis
657 1375 743 1402 esse
776 1352 927 1409 perpeti
962 1348 1082 1389 satius
1117 1353 1236 1394 quarn
1265 1337 1306 1376 in
1336 1339 1444 1373 tanta
1475 1328 1512 1367 vi

119 1457 160 1500 69
180 1457 299 1498 atque
328 1438 541 1482 acerbitate
570 1427 723 1471 versari.
784 1423 899 1461 Haec
931 1428 1022 1455 cum
1055 1420 1194 1450 omnes
1234 1400 1434 1444 sentirent,
1475 1401 1514 1432 et
1536 1407 1575 1429 20

182 1526 273 1553 cum
307 1510 346 1548 in
381 1517 468 1546 eam
507 1498 700 1539 rationem
734 1502 806 1541 pro
841 1497 913 1524 suo
944 1479 1112 1532 quisque
1144 1482 1261 1512 sensu
1295 1479 1341 1505 ac
1379 1462 1516 1502 dolore

184 1581 419 1628 loqueretur,
444 1576 583 1608 omnes
604 1561 655 1600 ad
676 1569 763 1597 eam
784 1554 949 1592 domum
978 1545 1019 1583 in
1048 1553 1127 1592 qua
1147 1537 1219 1576 iste
1240 1527 1518 1573 deversabatur

185 1639 349 1694 profecti
378 1641 469 1675 sunt
485 1647 493 1679 3
523 1628 687 1668 caedere
715 1621 874 1659 ianuam
905 1610 1016 1656 saxis,
1043 1607 1186 1645 instare
1210 1601 1322 1643 ferro,
1350 1594 1456 1642 ligna
1482 1596 1519 1627 et

188 1711 383 1746 sarmenta
408 1693 651 1737 circumdare
679 1687 891 1737 ignemque
915 1674 1093 1715 subicere
1120 1667 1346 1716 coeperunt.
1405 1657 1521 1694 Tunc

189 1772 294 1811 cives
336 1760 522 1807 Romani,
557 1755 624 1807 qui
659 1744 869 1799 Lampsaci
908 1736 1219 1790 negotiabantur,
1260 1725 1524 1765 concurrunt3
1544 1731 1582 1762 25

191 1843 304 1877 orant
335 1834 628 1878 Lampsacenos
650 1824 691 1857 ut
713 1811 865 1865 gravius
895 1805 1001 1857 apud
1036 1813 1104 1840 eos
1136 1805 1284 1835 nomen
1318 1781 1525 1837 legationis

194 1913 313 1953 quam
348 1892 487 1935 iniuria
525 1884 641 1937 legati
673 1884 902 1933 putaretur3
944 1881 1028 1909 sese
1063 1862 1289 1909 intellegere
1321 1849 1525 1892 hominem

197 1969 305 2006 illum
338 1973 423 2001 esse
457 1957 654 2006 impurum
689 1958 734 1985 ac
770 1937 973 1982 nefarium,
1009 1931 1080 1971 sed
1114 1922 1303 1977 quoniam
1339 1928 1412 1956 nec
1445 1924 1528 1963 per-

198 2032 352 2072 fecisset
380 2023 489 2076 quod
519 2022 684 2058 conatus
714 2014 830 2054 esset,
850 2013 979 2052 neque
1009 1999 1160 2036 futurus
1190 1993 1292 2029 esset
1322 1975 1529 2030 Lampsaci

245 2144 264 2173 3
289 2140 362 2162 cum
381 2128 457 2168 qu
473 2137 479 2155 ε
505 2129 575 2154 tum
593 2120 641 2149 ψδ
729 2123 750 2153 9
773 2110 885 2149 aliqua
901 2105 996 2144 Dpr:
1022 2099 1099 2138 aliq.
1117 2092 1205 2126 KZ:
1228 2090 1339 2128 aliquo
1358 2085 1385 2116 L
1495 2090 1533 2110 10

203 2187 300 2209 mane
326 2172 480 2205 homines
502 2165 564 2208 prb
678 2168 713 2189 11
741 2156 830 2187 factu
860 2151 894 2182 D
910 2147 951 2180 al.
967 2151 991 2186 j>
1009 2143 1114 2174 Asa:
1149 2138 1272 2169 factum
1300 2131 1382 2169 G1qr
1494 2133 1533 2161 13

203 2220 311 2254 oratio
333 2217 396 2257 pb:
422 2211 507 2244 ratio
536 2208 620 2239 Dqsr
728 2210 770 2230 22
793 2198 927 2228 dex-ers.
955 2189 1010 2220 D:
1039 2186 1162 2217 divers.
1187 2185 1233 2221 pr
1252 2174 1359 2208 Sclzol.
1387 2169 1531 2202 Gronov.

207 2276 247 2303 24
272 2261 436 2293 subiicere
456 2255 547 2294 me
574 2250 698 2282 circum
715 2241 790 2275 add.
810 2241 843 2270 in
862 2246 926 2275 mg.
947 2231 1006 2270 ΠΖ,
1033 2232 1061 2261 et
1077 2228 1120 2259 ita
1136 2229 1165 2255 ψ
1331 2216 1427 2247 Tunc
1446 2210 1511 2242 ΒΨ
1527 2219 1535 2239 2

208 2314 277 2339 tum
293 2305 335 2346 pb
