1600 2704
57 154 109 192 34
129 151 168 189 83
496 131 552 168 M.
584 124 752 165 TVLLI
781 113 1090 161 CICERONIS

131 247 402 294 delectationis
450 253 568 283 causa
619 248 737 288 quam
785 233 835 271 ad
883 224 1133 267 invitationes
1183 218 1456 261 adventusque

132 325 355 357 nostrorum
381 308 601 352 hominurn,
628 295 828 355 [suorum]
857 292 1074 333 amicorum
1098 294 1216 335 atque
1242 278 1454 328 hospitum.

74 394 116 434 84
134 385 249 433 Quae
282 385 539 430 posteaquam
574 369 646 407 iste
681 362 813 404 onmia
846 355 1018 402 abstulit,
1054 352 1129 390 alia
1162 345 1349 397 rogando,
1385 340 1461 378 alia

135 445 350 499 poscendo,
399 438 475 479 alia
522 432 727 476 sumendo,
777 425 925 465 ferebat
973 415 1157 458 Sthenius
1201 419 1243 450 ut
1285 413 1462 459 poterat3

135 511 351 562 angebatur
385 501 506 544 animi
534 493 754 538 necessario
789 490 898 541 quod
927 487 1093 525 domum
1123 478 1206 518 eius
1236 478 1464 514 exornatam
1486 483 1502 514 5

138 585 175 616 et
223 575 453 614 instructam
500 567 579 603 fere
627 561 704 599 iam
756 557 828 594 iste
875 548 1099 590 reddiderat
1145 541 1295 581 nudam
1347 543 1466 586 atque

139 642 323 685 inanem3
356 644 491 672 verum
513 638 645 667 tamen
673 624 851 662 dolorem
880 627 995 655 suum
1024 607 1173 650 nemini
1193 601 1469 655 impertiebat3

140 702 328 757 praetoris
362 696 520 737 iniurias
554 691 681 737 tacite,
717 683 883 736 hospitis
915 678 1069 731 placide
1102 672 1284 712 ferendas
1313 666 1469 706 arbitra-

83 779 123 818 85
142 773 266 810 batur.
327 767 484 804 Interea
515 759 588 797 iste
627 752 841 804 cupiditate
875 748 940 785 illa
979 755 1049 782 sua
1087 746 1182 778 nota
1211 743 1331 784 atque
1363 730 1470 781 apud

144 833 273 875 omnis
311 833 532 882 pervagata,
563 833 653 861 cum
686 817 796 866 signa
829 811 1022 863 quaedam
1059 799 1322 855 pulcherrima
1354 803 1472 844 atque
1495 808 1533 830 10

145 894 418 948 antiquissima
444 885 628 928 Thermis
657 883 697 921 in
718 877 878 931 publico
905 872 1033 925 posita
1053 867 1225 911 vidisset,
1252 858 1451 901 adamavit
1465 873 1476 906 3

147 978 171 1004 a
201 959 366 1002 Sthenio
398 962 532 1008 petere
564 947 694 999 coepit
726 952 768 983 ut
799 942 850 981 ad
884 952 929 978 ea
959 934 1134 975 tollenda
1168 939 1329 980 operam
1365 935 1475 962 suam

150 1028 395 1080 profiteretur
434 1030 556 1068 seque
593 1012 803 1052 adiuvaret.
875 1000 1060 1043 Sthenius
1098 1008 1190 1035 vero
1229 1005 1311 1031 non
1349 990 1477 1028 solum

151 1091 318 1144 negavit,
350 1088 420 1127 sed
452 1083 569 1124 etiam
600 1074 772 1118 ostendit
802 1069 884 1110 fieri
916 1068 956 1107 id
987 1065 1098 1104 nullo
1131 1060 1254 1100 modo
1286 1067 1404 1107 posse
1437 1060 1480 1090 ut

154 1160 265 1210 signa
306 1149 595 1202 antiquissima,
633 1143 893 1181 monumenta
935 1134 977 1171 P.
1019 1125 1206 1172 Africani,
1247 1136 1294 1161 ex
1331 1118 1482 1171 oppido
1507 1129 1540 1161 ¹5

154 1220 502 1263 Thermitanorum
540 1205 730 1250 incolumi
767 1203 833 1242 illa
869 1197 1026 1239 civitate
1063 1190 1309 1243 imperioque
1347 1181 1483 1236 populi

157 1284 331 1327 Romani
350 1283 589 1321 tollerentur.

88 1330 139 1412 ’ἐξ
214 1348 373 1390 Etenim
399 1352 442 1383 ut
464 1341 579 1382 simul
600 1332 774 1376 Africani
801 1340 961 1382 quoque
985 1321 1271 1364 humanitatem
1299 1323 1336 1354 et
1357 1311 1487 1362 aequi-

160 1424 281 1456 tatem
335 1405 592 1461 cognoscatiS,
642 1399 834 1451 oppidum
888 1392 1094 1432 Himeram
1143 1378 1488 1431 Carthaginienses

163 1480 365 1532 quondam
396 1477 591 1524 ceperant,
626 1465 734 1516 quod
766 1463 889 1500 fuerat
920 1457 960 1495 in
994 1451 1129 1505 primis
1159 1446 1313 1488 Siciliae
1342 1445 1490 1482 clarum
1512 1453 1552 1476 20

165 1554 203 1586 et
241 1550 433 1583 ornatum.
505 1532 651 1584 Scipio,
689 1528 755 1579 qui
795 1528 871 1564 hoc
916 1521 1079 1571 dignum
1117 1514 1267 1566 populo
1306 1510 1493 1547 Romano

165 1610 424 1651 arbitraretur,
441 1603 547 1641 bello
567 1596 749 1636 confecto
771 1589 899 1629 socios
920 1597 990 1624 sua
1009 1596 1077 1634 per
1097 1586 1272 1619 nostram
1291 1570 1495 1612 victoriam

167 1683 406 1724 recuperare,
437 1664 577 1707 Siculis
609 1658 794 1701 omnibus
828 1648 1065 1700 Carthagine
1095 1652 1210 1695 capta
1239 1652 1341 1692 quae
1369 1634 1497 1688 potuit

170 1736 411 1779 restituenda
438 1728 595 1771 curavit.
656 1723 824 1762 Himera
853 1718 983 1756 deleta
1017 1724 1116 1763 quos
1148 1706 1243 1747 civis
1274 1702 1368 1744 belli
1403 1701 1500 1739 cala-

172 1805 286 1843 mitas
315 1799 486 1849 reliquos
512 1796 666 1837 fecerat,
689 1788 715 1826 ii
742 1799 783 1825 se
812 1779 996 1821 Thermis
1026 1776 1279 1815 conlocarant
1308 1768 1349 1806 in
1373 1766 1500 1804 isdem
1523 1774 1560 1806 25

173 1869 252 1921 agri
278 1866 423 1905 finibus
453 1871 582 1909 neque
608 1858 726 1903 longe
753 1851 804 1889 ab
830 1846 980 1898 oppido
1006 1841 1181 1890 antiquo,
1212 1844 1250 1875 et
1280 1846 1321 1873 se
1348 1838 1503 1882 patrum

174 1937 350 1973 fortunas
383 1936 420 1967 et
456 1923 688 1974 dignitatern
722 1923 950 1963 recuperare
989 1904 1276 1946 arbitrabantur
1315 1909 1406 1936 cum
1440 1893 1506 1931 illa

178 1997 369 2036 maiorum
423 1992 654 2030 ornamenta
705 1981 745 2019 in
798 1987 933 2016 eorum
984 1969 1134 2021 oppido
1183 1962 1503 2004 conlocabantur.

224 2112 242 2131 2
268 2105 403 2131 suorum
418 2104 484 2125 om.
501 2089 560 2123 εΟ1
577 2089 609 2129 (ξ
622 2097 663 2126 54
678 2082 792 2124 supra)
898 2087 917 2116 5
943 2074 1061 2114 angeb.
1076 2069 1177 2103 animi
1194 2066 1298 2106 (omni
1311 2063 1355 2105 O)
1375 2069 1507 2094 necess.

187 2144 281 2176 VcO:
307 2139 427 2179 angeb.
449 2133 666 2175 (tangebatur
683 2129 733 2165 ὸδ)
752 2132 863 2157 tamen
882 2120 980 2152 animi
999 2118 1113 2149 dolore
1131 2121 1260 2144 necess.
1275 2108 1379 2150 qub6
1491 2104 1512 2132 6

183 2194 217 2219 et
239 2186 307 2216 VO¹
325 2196 331 2214 :
358 2188 457 2221 atque
470 2185 495 2220 p
511 2177 576 2208 rell.
678 2183 698 2210 9
725 2171 788 2200 iste
807 2166 916 2206 cupid.
938 2161 1008 2193 VO¹
1025 2172 1031 2191 z
1057 2158 1165 2198 cupid.
1184 2157 1285 2194 istep
1304 2151 1370 2182 rell.
1474 2156 1512 2184 13

184 2239 326 2267 seseque
352 2226 380 2256 V
467 2232 532 2252 non
548 2219 654 2250 solum
677 2214 736 2245 VO
753 2222 761 2243 z
785 2222 850 2242 non
868 2208 974 2239 solum
991 2205 1023 2235 id
1040 2209 1061 2241 s>
1078 2201 1144 2232 rell.
1298 2196 1337 2225 18
1363 2189 1513 2224 Africani

191 2272 268 2304 VO:
299 2271 335 2301 P.
354 2265 506 2299 Africani
520 2269 544 2304 p
562 2261 628 2292 rell.
722 2260 754 2287 et
772 2254 977 2293 aequitatem
998 2246 1077 2277 VO:
1107 2254 1171 2274 om.
1192 2240 1259 2272 rell.
1395 2244 1436 2266 22
1461 2243 1514 2264 ar-

188 2315 374 2347 bitrabatur
393 2309 422 2340 O
533 2315 574 2344 25
601 2314 637 2334 se
660 2300 720 2331 VO
737 2311 742 2329 ι
767 2307 842 2329 sese
860 2295 901 2325 πὸ
919 2293 1015 2331 (Am.
1032 2289 1066 2328 J.
1086 2287 1148 2318 Plz.
1168 2284 1262 2321 xxvi,
1280 2280 1360 2320 415)
1473 2276 1515 2306 26

189 2369 250 2390 nec
274 2358 302 2387 V
410 2357 444 2383 et
463 2350 512 2381 O:
540 2349 561 2378 ii
582 2347 658 2385 V<§
682 2352 741 2382 155
759 2339 862 2380 infra)
881 2349 887 2368 :
914 2337 946 2367 hi
960 2335 1003 2375 pb
1093 2341 1132 2369 27
1158 2329 1308 2359 fortunas
1324 2328 1358 2355 et
1378 2321 1424 2352 V:
1451 2320 1516 2350 sor-

190 2409 301 2434 tunam
323 2408 360 2430 ac
373 2403 398 2438 p
412 2395 496 2435 ng.
512 2404 517 2422 :
550 2392 680 2432 Qunam
698 2392 731 2417 et
747 2386 779 2423 b)
