1600 2704
109 85 378 126 ACTIONIS
409 86 471 123 IN
500 85 546 125 C.
568 85 810 123 VERREM
840 87 1137 126 SECVNDAE
1169 89 1272 127 LIB.
1295 90 1332 126 V
1397 100 1440 127 21
1459 105 1498 138 5²

106 197 233 236 rentia
265 204 304 236 et
335 196 473 237 Cassia
505 196 745 234 frumentum
776 196 1032 246 aequabiliter
1063 197 1140 236 erni
1172 200 1222 237 ab
1254 200 1439 240 omnibus

108 261 263 300 Siciliae
291 260 514 300 civitatibus
542 267 753 310 oporteret,
773 260 814 299 id
843 273 1004 310 quoque
1034 274 1177 300 munus
1206 265 1291 301 leve
1320 272 1439 314 atque

104 338 321 364 commune
342 324 588 364 Mamertinis
608 323 800 363 remisisti.
862 324 982 362 Dices
1010 326 1249 364 frumentum
1272 327 1440 366 Mamer-

105 390 208 429 tinos
247 404 328 429 non
367 390 523 429 debere.
582 390 676 436 Quo
714 390 837 428 modo
875 402 956 428 non
996 391 1173 429 debere?
1218 405 1269 430 an
1308 400 1350 430 ut
1389 407 1439 431 ne

65 469 85 500 5
104 456 353 494 venderent?
381 467 462 493 non
482 453 589 493 enim
609 462 690 493 erat
710 455 787 492 hoc
807 467 930 504 genus
958 454 1143 493 frumenti
1163 468 1209 495 ex
1229 469 1276 494 eo
1297 469 1439 507 genere

102 521 212 569 quod
251 518 480 570 exigeretur,
519 520 589 559 sed
627 532 674 557 ex
713 532 760 557 eo
800 520 909 569 quod
949 527 1151 558 emeretur.
1226 522 1285 558 Te
1324 520 1439 571 igitur

101 591 266 622 auctore
291 591 329 622 et
354 583 567 633 interprete
594 595 644 622 ne
674 584 759 622 foro
780 583 942 633 quidem
964 591 1001 621 et
1022 592 1246 622 commeatu
1270 584 1438 623 Mamer-

102 646 173 686 tini
204 648 335 685 iuvare
364 648 555 698 populum
587 647 816 686 Romanum
846 648 1078 686 debuerunt.
1139 648 1254 695 Quae
1274 651 1437 689 tandem
1458 662 1500 693 53

101 712 238 751 civitas
259 711 330 750 fuit
350 725 451 763 quae
471 712 632 751 deberet
649 714 666 751 ?
719 712 800 759 Qui
817 712 997 763 publicos
1017 726 1129 763 agros
1149 722 1270 761 arant,
1286 722 1435 754 certum

42 792 86 814 ιο
102 785 160 816 est
190 777 287 829 quid
317 790 339 816 e
367 779 452 827 lege
478 777 656 816 censoria
682 777 881 816 debeant:
911 790 979 816 cur
1008 778 1067 816 his
1097 779 1309 829 quicquam
1331 793 1437 830 prae-

102 849 208 881 terea
239 856 285 881 ex
319 842 396 881 alio
419 855 562 892 genere
593 841 861 892 imperavisti?
917 842 1058 888 Quid?
1096 844 1307 882 decumani
1339 858 1434 883 num

101 906 198 956 quid
228 914 380 957 praeter
409 906 580 956 singulas
610 907 798 945 decumas
829 920 874 945 ex
904 908 989 957 lege
1018 907 1233 947 Hieronica
1255 909 1436 948 debent?

100 984 169 1009 cur
196 970 256 1009 his
282 984 443 1022 quoque
475 970 642 1009 statuisti
668 978 860 1021 quantum
889 985 935 1009 ex
968 973 1044 1010 hoc
1076 985 1218 1022 genere
1249 974 1434 1012 frumenti

100 1035 222 1086 empti
243 1037 414 1075 darent?
470 1036 579 1085 Quid
600 1036 825 1074 immunes?
855 1036 893 1074 hi
916 1045 1020 1075 certe
1047 1037 1144 1074 nihil
1172 1038 1330 1076 debent.
1381 1041 1435 1077 At

42 1114 80 1146 15
100 1101 155 1140 eis
195 1115 275 1141 non
316 1103 438 1141 modo
477 1101 686 1151 imperasti,
721 1114 856 1139 verum
890 1101 1019 1147 etiam,
1055 1115 1135 1151 quo
1174 1104 1261 1151 plus
1296 1104 1434 1141 darent

99 1180 218 1216 quam
240 1174 431 1216 poterant,
454 1167 551 1204 haec
579 1178 771 1216 sexagena
801 1165 907 1204 milia
929 1165 1118 1213 modium,
1143 1179 1243 1215 quae
1266 1168 1434 1205 Mamer-

99 1231 189 1270 tinis
228 1231 442 1278 remiseras,
478 1230 675 1270 addidisti.
736 1231 879 1281 Neque
919 1232 994 1269 hoc
1034 1231 1136 1278 dico,
1174 1232 1312 1270 ceteris
1353 1246 1433 1271 non

99 1305 203 1336 recte
223 1296 468 1347 imperatum,
485 1297 554 1335 sed
578 1294 836 1342 Mamertinis,
861 1295 928 1345 qui
950 1303 1058 1334 erant
1080 1295 1118 1333 in
1141 1297 1280 1335 eadem
1303 1310 1432 1345 causa,

98 1369 135 1399 et
157 1361 301 1411 quibus
322 1362 540 1411 superiores
561 1373 700 1399 omnes
721 1359 815 1398 item
838 1368 879 1398 ut
901 1359 1039 1398 ceteris
1061 1359 1297 1410 imperarant
1318 1375 1433 1410 pecu—

38 1440 83 1466 20
99 1425 285 1476 niamque
317 1438 363 1464 ex
397 1434 555 1464 senatus
591 1426 773 1463 consulto
803 1434 841 1463 et
871 1438 917 1463 ex
952 1426 1036 1475 lege
1068 1425 1337 1473 dissolverant,
1374 1426 1433 1465 his

98 1491 190 1530 dico
211 1504 292 1530 non
309 1499 413 1530 recte
435 1490 652 1529 remissum.

153 1557 203 1594 Et
232 1563 272 1594 ut
302 1557 378 1594 hoc
406 1555 655 1602 beneficium,
683 1568 802 1606 quem
829 1556 880 1594 ad
906 1556 1071 1594 modum
1103 1555 1256 1602 dicitur,
1294 1556 1432 1595 trabali

97 1622 209 1659 clavo
229 1621 374 1671 figeret,
397 1633 487 1659 cum
510 1619 676 1658 consilio
697 1633 855 1659 causam
876 1620 1205 1659 Mamertinorum
1227 1621 1431 1670 cognoscit

97 1694 135 1724 et
163 1687 213 1725 de
242 1685 380 1725 consili
410 1685 604 1724 sententia
635 1684 882 1724 Mamertinis
908 1699 949 1724 se
975 1686 1216 1725 frumentum
1249 1699 1329 1724 non
1363 1686 1431 1724 im-

39 1766 79 1798 25
98 1763 232 1800 perare
253 1750 490 1800 pronuntiat.
550 1749 698 1788 Audite
726 1751 928 1789 decretum
956 1749 1212 1789 mercennarii
1241 1751 1429 1800 praetoris
1452 1764 1494 1794 54

96 1830 142 1854 ex
164 1815 285 1866 ipsius
307 1815 603 1861 commentario,
637 1823 675 1853 et
705 1814 932 1864 cognoscite
963 1823 1111 1864 quanta
1143 1815 1184 1853 in
1218 1815 1430 1854 scribendo

94 1881 272 1931 gravitas,
297 1888 444 1931 quanta
464 1880 504 1918 in
527 1880 808 1920 constituendo
829 1880 911 1918 iure
932 1880 979 1918 sit
1000 1880 1222 1919 auctoritas.
1276 1880 1427 1920 Recita.

96 1947 450 1986 COMMENTARIVS.
512 1947 574 1984 De
594 1944 733 1984 consili
754 1945 948 1984 sententia
968 1945 1135 1983 libenter
1154 1945 1207 1983 ait
1235 1959 1275 1984 se
1303 1947 1430 1985 facere

95 2012 228 2062 itaque
276 2010 489 2062 perscribit.
561 2010 681 2059 Quid,
723 2010 753 2048 si
792 2011 868 2048 hoc
907 2011 1028 2048 verbo
1071 2023 1151 2048 non
1191 2023 1296 2049 esses
1336 2023 1429 2050 usus

35 2092 78 2123 30
102 2077 342 2116 ‘libenter'?
369 2089 441 2115 nos
469 2075 650 2115 videlicet
671 2075 837 2114 invitum
867 2083 905 2114 te
934 2081 1142 2124 quaestum
1170 2075 1296 2114 facere
1321 2084 1430 2126 puta-

139 2192 157 2218 4
185 2191 226 2212 ne
239 2186 264 2221 p
281 2192 287 2211 :
313 2191 378 2212 om.
398 2179 462 2210 RS
641 2189 675 2209 11
701 2177 908 2218 imperavisti
926 2177 1011 2218 RSp
1027 2188 1033 2208 :
1076 2178 1251 2217 imperasti
1268 2177 1307 2217 Gl
1331 2177 1425 2219 (Zicl.

91 2230 126 2265 p.
153 2224 229 2265 197)
381 2234 418 2254 12
443 2234 485 2254 ex
503 2223 579 2262 lege
596 2221 663 2262 Sp&
680 2234 685 2252 :
711 2234 730 2253 e
747 2223 822 2261 lege
840 2222 873 2252 R
890 2221 931 2252 al.
1083 2230 1122 2260 15
1147 2221 1198 2252 his
1209 2223 1253 2261 pb
1390 2233 1428 2261 19

95 2277 214 2298 omnes
228 2266 314 2307 RSp
330 2279 336 2297 2
363 2276 481 2298 omnes
499 2270 674 2306 praetores
691 2267 707 2296 δ
730 2267 761 2305 (ξ
780 2276 822 2304 49
838 2264 957 2305 supra)
1070 2275 1113 2295 20
1138 2264 1190 2295 his
1206 2264 1287 2295 RS&
1305 2276 1311 2295 :
1336 2265 1364 2296 is
1378 2272 1402 2306 p
1419 2278 1425 2296 :

97 2311 137 2342 iis
154 2310 262 2342 Halm
390 2321 430 2350 27
457 2310 588 2341 Recita.
608 2309 881 2340 Commentarius
896 2307 1016 2345 Halm,
1036 2307 1107 2339 edd.
1125 2319 1132 2338 :
1158 2307 1199 2339 R.
1221 2315 1427 2339 commenta-

97 2354 182 2385 rium
198 2352 298 2394 RSp2
483 2354 525 2384 28
550 2354 586 2385 C.
616 2353 652 2384 S.
678 2351 742 2383 RS
772 2351 841 2383 al.:
866 2361 891 2382 r.
911 2361 939 2384 e.
955 2352 1017 2392 p'·’:
1056 2351 1106 2381 De
1132 2360 1223 2381 cons.
1253 2353 1425 2383 sententia

99 2397 258 2438 (D.C.S.)
275 2397 403 2438 Zumpt
