1600 2704
1470 12 1517 32 j>

129 52 399 92 ACTIONIS
430 52 491 90 IN
521 52 566 91 c.
589 52 831 90 VERREM
863 54 1162 93 SECVNDAE
1193 55 1297 92 Lm.
1322 56 1340 92 1
1388 64 1433 93 21
1454 28 1515 103 εἷ’

102 171 221 214 atque
249 171 481 203 ornamenta
509 177 557 202 ex
584 164 681 202 urbe
710 164 883 202 hostium
903 165 941 203 vi
970 174 1008 204 et
1028 166 1168 205 virtute
1198 176 1312 217 capta
1341 169 1433 207 belli

102 230 188 278 lege
220 236 340 279 atque
373 227 624 278 imperatorio
655 227 738 267 iure
772 228 937 276 sustulit,
974 243 1020 268 ea
1059 232 1208 280 populo
1247 233 1432 272 Romano

103 293 334 343 adportavit,
381 307 450 344 per
493 293 737 344 triumphum
776 294 888 341 vexit,
930 294 971 332 in
1010 295 1143 333 tabula
1182 296 1339 345 publica
1380 299 1432 336 ad

102 357 293 397 aerarium
307 358 586 408 perscribenda
601 358 759 396 curavit.
801 358 1041 409 Cognoscite
1054 373 1100 398 ex
1113 360 1248 398 litteris
1265 361 1432 411 publicis
1475 376 1478 377 ⁷

65 422 275 470 5hominis
312 422 545 473 amplissimi
583 422 836 473 diligentiam.
896 423 1046 462 Recita.
1107 426 1324 464 RATms-r-:s
1364 438 1433 464 RE-

103 499 236 526 LATAE
266 490 307 526 P.
340 489 522 526 SERVILI.
582 489 676 527 Non
707 489 835 527 solum
867 502 1076 527 numerum
1112 489 1323 539 signorum,
1361 492 1431 529 sed

100 553 218 592 etiam
238 552 354 591 unius
375 552 565 603 cuiusque
586 553 910 603 magnitudinem,
934 555 1107 604 figuram,
1131 562 1274 593 statum
1296 555 1432 594 litteris

100 615 255 655 definiri
274 615 394 656 vides.
455 617 572 657 Certe
602 617 726 656 maior
745 626 803 656 est
832 618 983 657 virtutis
1004 618 1268 668 victoriaeque
1297 618 1432 657 iucun-

100 680 201 719 ditas
232 694 352 731 quam
390 681 464 721 ista
501 684 681 733 voluptas
715 696 817 733 quae
855 683 1066 734 percipitur
1104 697 1151 722 ex
1188 684 1353 723 libidine
1393 693 1431 724 et

41 761 80 785 10
99 746 326 797 cupiditate.
373 749 505 786 Multo
519 748 743 798 diligentius
757 749 901 787 habere
918 749 1008 788 dico
1023 748 1227 788 Servilium
1241 751 1428 799 praedam

98 811 235 862 populi
257 812 431 851 Romani
450 826 569 863 quarn
591 821 629 852 te
649 821 715 852 tua
735 815 835 852 furta
855 822 990 852 notata
1009 822 1127 864 atque
1147 814 1371 864 perscripta.

153 876 274 915 Dices
294 884 362 916 tua
381 890 542 928 quoque
562 877 671 928 signa
698 885 736 917 et
762 879 915 917 tabulas
935 878 1058 928 pictas
1086 886 1319 921 ornamento
1340 879 1427 918 urbi

96 942 262 992 foroque
296 942 433 992 populi
462 942 635 982 Romani
664 942 792 981 fuisse.
853 942 1046 990 Memini,
1080 942 1159 981 vidi
1190 942 1305 981 simul
1336 957 1427 981 cum

97 1008 247 1057 populo
269 1008 453 1046 Romano
473 1009 601 1046 forum
622 1007 908 1058 comitiumque
927 1009 1162 1047 adornatum
1184 1009 1234 1046 ad
1256 1008 1427 1057 speciem

39 1084 77 1117 15
98 1071 308 1120 magnifico
346 1079 496 1119 ornatu,
529 1073 581 1111 ad
619 1085 779 1111 sensum
810 1072 1171 1122 cogitationemque
1208 1073 1352 1112 acerbo
1391 1082 1429 1111 et

97 1135 250 1185 lugubri
267 1150 279 1183 ,·
318 1135 399 1174 vidi
427 1138 637 1175 conlucere
668 1137 802 1175 omnia
833 1137 943 1175 furtis
976 1137 1062 1184 tuis,
1099 1137 1245 1187 praeda
1277 1136 1429 1187 provin-

96 1200 256 1248 ciarum,
287 1200 423 1251 spoliis
458 1200 655 1240 sociorum
687 1209 806 1252 atque
844 1201 1072 1240 amicorum.
1133 1203 1227 1250 Quo
1266 1202 1427 1252 quidem

95 1273 286 1315 tempore,
317 1265 481 1314 iudices,
511 1265 584 1304 iste
613 1279 724 1317 spem
754 1266 965 1304 maximam
996 1266 1235 1316 reliquorum
1268 1279 1428 1317 quoque

95 1338 350 1380 peccatorum
378 1338 517 1370 nactus
546 1338 628 1379 est,
662 1330 759 1370 vidit
789 1330 894 1369 enim
925 1344 992 1369 eos
1022 1330 1089 1381 qui
1119 1330 1354 1369 iudiciorum
1385 1344 1426 1369 se

35 1411 76 1434 20
97 1395 282 1435 dominos
295 1394 375 1435 dici
389 1396 575 1435 volebant
590 1397 730 1434 harum
745 1396 1004 1447 cupiditatum
1022 1409 1107 1435 esse
1128 1408 1268 1435 servos.
1321 1396 1425 1434 Socii
1447 1406 1488 1440 59

94 1475 188 1501 vero
209 1461 468 1512 nationesque
489 1470 641 1501 exterae
668 1475 778 1512 spem
800 1475 959 1500 omnem
981 1470 1064 1500 turn
1085 1461 1254 1511 primum
1275 1461 1426 1500 abiece-

93 1534 185 1566 runt
217 1541 345 1566 rerum
381 1540 427 1566 ac
460 1528 704 1565 fortunarum
737 1539 904 1572 suarum,
939 1533 1145 1576 propterea
1183 1526 1291 1575 quod
1331 1538 1424 1563 casu

93 1591 211 1643 legati
239 1606 285 1631 ex
313 1591 406 1630 Asia
434 1599 554 1642 atque
574 1590 725 1629 Achaia
754 1590 910 1640 plurimi
943 1592 1097 1629 Romae
1129 1598 1223 1628 tunc
1254 1591 1421 1635 fuerunt,

95 1658 162 1708 qui
184 1659 349 1698 deorum
380 1657 588 1696 simulacra
608 1670 655 1695 ex
683 1656 762 1695 suis
792 1655 892 1694 fanis
913 1656 1066 1694 sublata
1094 1655 1135 1693 in
1164 1656 1248 1694 foro
1268 1667 1426 1693 venera-

33 1735 72 1768 25
94 1724 247 1772 bantur,
265 1725 439 1775 itemque
453 1732 581 1763 cetera
597 1723 707 1773 signa
722 1730 760 1762 et
776 1729 1007 1761 ornamenta
1022 1733 1112 1759 cum
1127 1727 1421 1770 cognoscerent,

91 1790 167 1829 alia
186 1791 264 1830 alio
283 1791 323 1829 in
343 1793 433 1829 loeo
452 1790 700 1828 lacrimantes
719 1789 982 1827 intuebantur.
1043 1787 1224 1835 Quorum
1246 1784 1423 1823 omnium

91 1857 198 1894 hunc
237 1869 461 1895 sermonem
496 1863 581 1894 tum
620 1868 705 1894 esse
743 1854 1014 1900 audiebamus,
1055 1850 1153 1889 nihil
1191 1862 1276 1888 esse
1315 1850 1424 1898 quod

91 1920 301 1971 quisquam
336 1921 534 1960 dubitaret
566 1922 624 1959 dev
648 1919 766 1959 exitio
804 1919 1001 1957 sociorum
1039 1924 1158 1966 atque
1191 1914 1420 1960 amicorum,

89 1998 182 2024 cum
212 1985 375 2036 quidem
396 1985 574 2024 viderent
602 1985 643 2022 in
672 1986 757 2023 foro
786 1982 922 2034 populi
953 1980 1136 2027 Romani,
1160 1992 1239 2030 quo
1269 1978 1309 2017 in
1333 1980 1423 2017 loco

1448 858 1500 887 22

1449 911 1490 951 58

136 2099 150 2119 1
176 2088 210 2119 vi
226 2099 251 2119 s,
264 2088 284 2119 l.
300 2099 319 2118 ν
335 2100 342 2119 :
366 2099 433 2118 om.
451 2087 507 2128 Dp
525 2087 590 2119 rell.
608 2087 683 2127 (per
698 2086 854 2116 virtutem
872 2084 922 2117 K)
1109 2092 1129 2121 3
1153 2081 1266 2113 tabula
1284 2081 1422 2129 pub's'q

93 2132 137 2169 (v,
159 2135 174 2169 ,δ
199 2132 279 2170 103)
298 2143 306 2162 z
340 2131 471 2162 tabulas
495 2131 646 2171 publicas
671 2129 736 2160 rell.
754 2133 884 2169 praeter
905 2128 1013 2159 Cm'ac.
1038 2127 1071 2157 in
1096 2136 1160 2165 quo
1174 2125 1283 2165 sm‘sse
1305 2124 1426 2155 dicitur

89 2175 213 2206 tabulis
229 2174 392 2215 publicis:
416 2174 486 2206 secl.
507 2173 619 2204 Muell.
763 2183 782 2211 5
808 2172 929 2202 Recita
945 2195 953 2202 .
976 2196 982 2202 .
1001 2195 1007 2201 .
1027 2169 1148 2201 Servili
1160 2169 1222 2209 pub
1240 2179 1246 2198 :
1271 2178 1338 2199 om.
1356 2167 1422 2197 ΒΨ

93 2228 132 2257 19
155 2219 256 2250 iudic.
274 2229 312 2249 se
327 2217 384 2258 Dp
400 2218 466 2250 rell.
485 2230 491 2249 :
516 2227 553 2248 se
570 2217 669 2248 iudic.
690 2216 778 2253 Asc„
795 2215 902 2247 Sclzol.
921 2215 1061 2247 Gronov.
1154 2222 1192 2243 21
1219 2221 1352 2260 omnem
1370 2210 1397 2239 L
1414 2221 1421 2241 z

89 2263 235 2292 omnium
252 2262 308 2303 Dp
325 2261 389 2293 rell.
541 2272 581 2299 24
602 2261 690 2291 sanis
706 2260 777 2291 suis
795 2270 830 2300 qr
979 2268 1020 2298 25
1045 2257 1194 2296 itemque
1206 2261 1231 2296 p
1247 2256 1290 2287 al.
1307 2266 1314 2285 :
1339 2260 1419 2285 item

88 2305 146 2345 qui
161 2304 228 2336 ΒΨ
