1600 2704
138 152 191 189 92
212 158 273 192 215
575 144 631 183 M.
664 145 832 182 TVLLI
864 143 1170 184 CICERONIS

210 255 249 293 hi
270 254 538 305 sesquimodii,
569 255 618 303 Q.
644 254 846 302 Hortensi,
869 254 1042 301 fuissent,
1066 267 1165 304 quos
1186 262 1228 292 tu
1249 267 1340 293 cum
1359 257 1411 295 ad
1431 269 1539 295 men-

207 333 320 359 surae
358 327 440 358 tam
478 319 657 370 exiguam
696 319 888 359 rationem
923 321 1072 370 populo
1112 321 1297 358 Romano
1335 320 1375 358 in
1410 320 1539 370 capita

207 385 490 435 descripsisses,
531 385 795 435 gratissimum
834 384 1019 423 omnibus
1059 384 1211 431 fecisti;
1254 384 1392 423 caritas
1431 385 1536 424 enim

206 463 389 489 annonae
410 449 579 489 faciebat
600 457 642 488 ut
663 451 773 497 istuc,
797 451 906 500 quod
926 463 966 488 re
987 463 1150 500 parvum
1172 449 1336 496 videtur,
1360 457 1538 500 tempore

208 529 395 566 magnum
425 515 630 554 videretur.
693 516 807 553 Idem
838 514 938 553 istuc
971 514 1001 553 si
1031 514 1071 552 in
1102 515 1248 553 vilitate
1279 516 1427 565 populo
1459 516 1537 554 Ro·
1558 527 1575 558 5

207 593 327 618 mano
347 580 473 629 largiri
494 581 694 627 voluisses,
712 579 885 619 derisum
906 586 1018 618 tuum
1040 579 1278 618 beneficium
1296 586 1398 618 esset
1418 588 1538 629 atque

207 652 493 694 contemptum.

262 709 354 748 Noli
384 709 500 760 igitur
528 708 659 748 dicere
688 709 806 748 istum
834 709 940 749 idem
961 709 1100 748 fecisse
1129 710 1239 759 quod
1269 710 1534 757 Sacerdotem,

205 774 394 825 quoniam
424 787 506 813 non
536 776 679 814 eodem
709 782 887 825 ternpore
915 787 1046 824 neque
1076 773 1194 812 simili
1227 774 1319 813 fecit
1350 788 1536 814 annona:

204 838 327 878 dicito
365 838 507 888 potius,
553 838 742 889 quoniam
782 839 904 878 habes
942 846 1143 878 auctorem
1184 838 1385 886 idoneum,
1427 841 1536 889 quod
1561 851 1597 873 10

204 904 404 943 Antonius
434 917 515 942 uno
543 905 716 943 adventu
747 911 785 943 et
811 904 874 942 vix
904 903 1112 942 menstruis
1142 903 1297 943 cibariis
1327 904 1473 952 fecerit,
1496 904 1538 944 id

204 968 323 1007 istum
353 981 421 1018 per
451 968 662 1007 triennium
693 968 843 1016 fecisse,
866 976 904 1007 et
934 968 1045 1007 istius
1077 968 1345 1008 innocentiam
1378 971 1434 1007 M.
1458 971 1537 1007 An-

204 1033 288 1072 toni
309 1035 414 1072 facto
443 1041 562 1083 atque
590 1033 822 1072 auctoritate
847 1033 1062 1072 defendito.
1125 1034 1229 1072 Nam
1259 1035 1310 1073 de
1340 1035 1425 1073 Sex.
1455 1034 1537 1084 qui-

204 1099 296 1136 dem
328 1099 549 1145 Peducaeo,
571 1097 784 1136 fortissimo
813 1105 933 1148 atque
964 1097 1290 1137 innocentissimo
1321 1098 1414 1145 viro,
1439 1099 1535 1148 quid

203 1163 375 1202 dicetis?
431 1164 481 1201 de
502 1175 582 1212 quo
602 1162 689 1212 quis
710 1175 899 1212 umquam
920 1170 1047 1201 arator
1063 1170 1225 1212 questus
1248 1164 1329 1201 est?
1359 1170 1426 1201 aut
1447 1162 1535 1212 quis
1560 1175 1594 1206 15

203 1241 285 1267 non
315 1228 366 1266 ad
395 1229 471 1266 hoc
502 1235 657 1278 tempus
688 1226 1052 1266 innocentissimam
1078 1226 1257 1265 omnium
1288 1227 1535 1278 diligentissi—

203 1306 389 1342 mamque
420 1300 641 1342 praeturam
680 1292 782 1330 illius
822 1291 993 1331 hominis
1032 1291 1260 1331 existimat?
1319 1292 1533 1331 Biennium

202 1358 445 1407 provinciam
476 1357 658 1396 obtinuit.
719 1358 822 1397 Cum
851 1359 947 1396 alter
976 1370 1102 1395 annus
1132 1356 1172 1394 in
1193 1356 1351 1404 vilitate,
1374 1359 1470 1396 alter
1494 1358 1534 1396 in

203 1435 358 1461 summa
387 1422 547 1461 caritate
568 1421 692 1470 fuerit,
717 1435 812 1461 num
841 1429 909 1460 aut
932 1421 972 1460 in
993 1421 1141 1460 vilitate
1173 1435 1380 1461 nummum
1405 1430 1534 1462 arator

202 1487 412 1538 quisquam
448 1487 558 1527 dedit
589 1494 657 1526 aut
688 1486 728 1525 in
760 1487 919 1526 caritate
955 1488 1006 1526 de
1041 1486 1314 1526 aestimatione
1348 1487 1532 1526 frumenti
1556 1497 1600 1553 ²⁰i

202 1560 364 1602 questus
403 1554 497 1591 est?
572 1554 625 1590 At
664 1551 844 1591 uberiora
893 1550 1038 1590 cibaria
1078 1552 1180 1590 facta
1219 1559 1309 1590 sunt
1358 1552 1529 1592 caritate.
1595 1566 1600 1585 ε

120 1630 181 1665 217
203 1618 358 1665 Cred03
388 1631 518 1668 neque
534 1617 574 1656 id
591 1624 649 1656 est
662 1630 809 1656 novum
827 1629 956 1667 neque
971 1616 1353 1666 reprehendendum.
1404 1618 1532 1656 Modo

204 1685 248 1723 C.
273 1683 452 1722 Sentium
473 1682 655 1730 vidimus,
679 1682 882 1721 hominem
904 1689 1032 1720 vetere
1053 1681 1118 1720 illa
1144 1694 1190 1720 ac
1217 1681 1402 1732 singulari
1423 1682 1534 1721 inno-

202 1748 332 1787 centia
365 1748 600 1798 praeditum,
634 1755 792 1798 propter
823 1747 1024 1786 caritatem
1056 1747 1240 1786 frumenti
1270 1759 1371 1797 quae
1407 1748 1531 1786 fuerat

203 1813 243 1851 in
274 1813 514 1853 Macedonia
543 1826 797 1864 permagnam
824 1826 870 1851 ex
893 1811 1048 1850 cibariis
1075 1811 1284 1862 pecuniam
1310 1813 1528 1862 deportare.
1553 1820 1593 1869 πεξ-

204 1879 336 1927 Quam
366 1879 420 1917 ob
449 1891 530 1917 rem
554 1891 636 1916 non
661 1891 734 1928 ego
763 1877 921 1916 invideo
943 1876 1163 1916 commodis
1184 1875 1271 1923 tuis,
1295 1876 1326 1914 si
1352 1889 1454 1926 quae
1480 1878 1532 1916 ad
1590 1885 1591 1909 ἒ

202 1950 240 1982 te
269 1945 355 1994 lege
384 1951 598 1982 venerunt:
628 1942 809 1981 iniuriam
841 1955 992 1992 queror,
1023 1940 1315 1992 improbitatem
1346 1954 1527 1992 coarguo,
1585 1935 1589 2015 i

201 2008 402 2046 avaritiam
424 2008 463 2046 in
484 2008 632 2048 crimen
654 2016 692 2048 et
713 2008 752 2046 in
774 2007 964 2047 iudicium
986 2019 1093 2046 voco.
1583 2019 1588 2062 ³¹

256 2073 412 2122 Quodsi
442 2073 686 2124 suspiciones
716 2073 861 2111 inicere
891 2071 1016 2110 velitis
1046 2072 1097 2110 ad
1127 2070 1246 2121 pluris
1277 2071 1458 2110 homines
1488 2079 1527 2110 et

200 2138 250 2175 ad
281 2138 400 2187 pluris
430 2138 649 2189 provincias
679 2138 827 2176 crimen
857 2138 934 2175 hoc
964 2135 1167 2186 pertinere,
1197 2148 1277 2174 non
1308 2149 1380 2186 ego
1411 2136 1524 2175 istam
1546 2127 1586 2201 ³‘i

132 686 188 722 93

125 737 186 768 216

245 2249 265 2278 3
290 2240 439 2280 discrips.
460 2241 572 2274 Muell.
667 2253 686 2280 4
712 2241 800 2272 istud
819 2240 850 2271 Ο
953 2250 975 2279 9
998 2240 1117 2270 eodem
1137 2238 1167 2270 O
1184 2250 1191 2268 z
1215 2243 1293 2278 eop
1311 2239 1373 2270 rell.
1396 2240 1428 2281 (ξ
1446 2240 1526 2279 201)
1579 2214 1583 2261 i

201 2293 336 2314 annona
353 2284 400 2314 cO
420 2297 426 2315 2
451 2296 540 2316 anno
553 2290 578 2325 p
596 2284 658 2316 rell.
779 2294 815 2322 17
840 2283 1012 2314 biennium
1030 2283 1078 2314 cO
1094 2293 1101 2313 z
1125 2283 1261 2313 biennio
1274 2287 1298 2322 p
1316 2283 1379 2314 rell.
1490 2284 1528 2314 18
1578 2294 1581 2307 ε

201 2326 288 2366 vulg.
312 2327 467 2363 obtinuit,
487 2339 560 2360 cum
580 2353 587 2359 .
609 2352 615 2358 .
635 2353 642 2360 .
663 2328 774 2360 suerit.
793 2327 880 2358 Num
898 2331 949 2358 etc.
1093 2328 1136 2356 26
1159 2336 1244 2365 quae
1264 2326 1294 2356 O
1311 2337 1317 2356 ε
1341 2331 1444 2366 quap
1461 2326 1524 2358 rell.

201 2379 241 2408 27
266 2380 409 2409 coarguo
426 2372 473 2401 cO
492 2384 498 2402 :
523 2382 626 2411 arguo
638 2377 662 2413 p
679 2372 745 2403 rell.
889 2380 932 2410 29
955 2369 1067 2401 velitis
1086 2369 1116 2400 O
1133 2381 1139 2400 :
1165 2369 1322 2409 voletisp
1339 2370 1403 2401 rell.
1493 2374 1528 2401 et
1576 2389 1578 2407 ,·

194 2421 219 2452 p
233 2413 298 2446 rell.
318 2426 324 2445 :
349 2424 416 2445 om.
439 2414 469 2445 O
486 2415 555 2447 cdd.
