1600 2704
81 129 134 168 70
158 130 214 163 171
522 108 576 144 M.
609 101 777 141 TVLLI
808 91 1113 138 eiCERONis

76 245 135 276 172
156 227 327 277 proferre
347 231 563 273 possemus.
622 216 770 251 Verum
794 207 936 248 accidit
956 212 998 243 ut
1019 197 1280 251 Carpinatius,
1310 193 1378 244 qui
1404 191 1482 229 iam

159 305 249 330 cum
288 289 363 327 isto
402 296 555 324 summa
593 274 893 319 consuetudine,
933 275 1132 320 praeterea
1169 276 1210 301 re
1248 273 1295 299 ac
1334 256 1484 296 ratione

159 355 394 395 coniunctus
421 357 533 394 esset,
556 345 710 384 crebras
740 347 878 391 postea
905 335 1051 374 litteras
1071 331 1122 369 ad
1149 326 1277 367 socios
1298 324 1349 362 de
1375 320 1486 359 istius

161 419 324 460 summis
355 414 492 455 officiis
521 413 561 450 in
591 422 673 448 rem
705 414 958 445 communem
988 393 1273 441 beneficiisque
1303 386 1483 426 mitteret.

163 484 321 525 Etenim
343 494 433 520 cum
454 479 526 516 iste
547 473 680 515 onmia
700 477 974 521 quaecumque
995 457 1243 510 Carpinatius
1263 449 1487 504 postulabat
1507 461 1524 492 5

163 553 289 590 facere
317 561 362 586 ac
392 546 602 584 decernere
630 536 795 581 solebat,
815 541 899 570 turn
926 529 990 567 ille
1018 525 1135 564 etiam
1155 523 1267 572 plura
1294 514 1489 556 scribebat

163 617 214 654 ad
252 612 390 657 socios,
425 615 481 655 ut,
515 605 546 643 si
577 608 723 653 posset,
759 610 860 648 quae
893 601 1008 632 antea
1040 588 1255 638 scripserat,
1291 595 1337 620 ea
1375 581 1491 629 plane

165 678 438 726 exstingueret.
499 670 563 708 Ad
588 674 805 705 extremum
825 672 929 705 vero,
951 669 1042 695 cum
1066 653 1139 691 iste
1159 650 1237 688 iam
1258 644 1489 688 decedebat,

166 744 248 782 eius
279 738 388 778 modi
408 737 554 774 litteras
584 732 635 769 ad
656 742 723 768 eos
746 725 872 765 misit:
903 730 944 760 ut
965 719 1057 758 huic
1084 718 1308 765 frequentes
1332 707 1492 748 obviam

166 806 379 859 prodirent,
414 800 554 852 gratias
588 801 761 845 agerent,
794 792 964 828 facturos
999 797 1040 822 se
1070 782 1101 820 si
1136 779 1232 829 quid
1266 776 1495 825 imperasset
1518 783 1556 804 10

169 871 344 911 studiose
363 867 651 919 pollicerentur.
699 860 839 906 Itaque
860 851 955 892 socii
976 851 1152 888 fecerunt
1167 850 1297 882 vetere
1317 838 1497 878 instituto

170 935 484 988 publicanorum,
508 941 588 966 non
620 937 700 975 quo
719 922 839 960 istum
867 919 947 956 ullo
974 917 1124 953 honore
1151 908 1316 958 dignum
1342 902 1498 942 arbitra-

172 1009 315 1045 rentur,
358 998 428 1036 sed
476 992 585 1043 quod
632 1001 703 1027 sua
749 986 936 1023 interesse
983 977 1175 1029 putabant
1221 985 1263 1010 se
1305 979 1500 1007 memores

174 1074 382 1118 gratosque
429 1054 663 1099 existimari:
711 1049 850 1102 gratias
898 1045 960 1084 isti
1007 1047 1180 1093 egerunt,
1229 1032 1501 1086 Carpinatium

98 1114 157 1205 ,ἔξ
176 1144 292 1180 saepe
321 1129 372 1166 ad
403 1140 443 1164 se
468 1125 518 1162 de
548 1121 632 1160 eius
653 1116 790 1157 officiis
813 1113 959 1151 litteras
988 1107 1140 1147 misisse
1169 1103 1360 1143 dixerunt.
1421 1099 1502 1135 Iste
1526 1107 1562 1138 15

178 1209 267 1235 cum
293 1189 559 1242 respondisset
580 1198 626 1223 ea
653 1196 694 1221 se
714 1180 881 1218 libenter
901 1174 1038 1214 fecisse
1063 1179 1281 1221 operasque
1302 1159 1505 1213 Carpinati

179 1272 323 1309 magno
339 1268 456 1306 opere
476 1252 685 1294 laudasset,
704 1247 770 1284 dat
790 1242 919 1281 amico
939 1251 1010 1277 suo
1030 1236 1187 1275 cuidam
1203 1229 1416 1281 negotium,
1440 1224 1508 1275 qui

181 1334 265 1364 tum
286 1320 467 1371 magister
487 1323 567 1355 erat
588 1313 671 1352 eius
696 1306 903 1353 societatis,
922 1312 965 1342 ut
985 1301 1190 1350 diligenter
1209 1302 1363 1335 caveret
1390 1300 1509 1340 atque

182 1387 422 1440 prospiceret
452 1395 501 1420 ne
530 1378 627 1430 quid
658 1381 759 1415 esset
785 1373 825 1410 in
854 1367 989 1408 litteris
1014 1364 1211 1404 sociorum
1238 1359 1346 1410 quod
1374 1362 1510 1395 contra

185 1460 302 1503 caput
327 1462 442 1489 suurn
469 1453 536 1484 aut
563 1437 893 1482 existimationem
917 1433 1043 1471 valere
1073 1433 1216 1479 posset.
1276 1425 1416 1471 Itaque
1446 1420 1510 1458 ille
1533 1431 1573 1453 20

187 1514 439 1557 multitudine
477 1509 674 1550 sociorum
718 1508 869 1541 remota
906 1499 1149 1537 decumanos
1186 1495 1392 1534 convocat,
1431 1498 1512 1523 rem

188 1584 323 1622 defert.
383 1581 567 1617 Statuunt
588 1570 643 1610 illi
668 1577 787 1618 atque
807 1567 1023 1604 decernunt
1045 1566 1087 1596 ut
1111 1569 1180 1595 eae
1200 1554 1350 1592 litterae
1371 1549 1515 1600 quibus

190 1643 425 1687 existimatio
464 1642 509 1680 C.
545 1635 677 1676 Verris
716 1631 936 1670 laederetur
975 1626 1280 1665 removerentur,
1318 1626 1516 1665 operaque

112 1723 171 1757 174
191 1714 347 1751 daretur
374 1721 423 1745 ne
454 1719 500 1744 ea
523 1716 582 1741 res
605 1702 649 1740 C.
672 1696 784 1736 Verri
813 1691 938 1733 fraudi
966 1702 1050 1728 esse
1077 1692 1221 1737 posset.
1282 1681 1322 1720 Si
1348 1678 1517 1718 ostendo

191 1779 269 1815 hoc
302 1770 521 1813 decrevisse
560 1768 815 1806 decumanos,
856 1758 886 1796 si
924 1757 1086 1806 planum
1117 1749 1219 1788 facio
1250 1748 1327 1785 hoc
1358 1745 1518 1783 decreto
1540 1752 1578 1784 25

193 1847 362 1879 remotas
392 1848 478 1874 esse
505 1832 663 1875 litteras,
694 1825 790 1877 quid
820 1818 1051 1873 exspectatis
1077 1813 1275 1864 amplius?
1306 1819 1520 1860 possumne

197 1903 318 1954 magis
344 1913 426 1939 rem
446 1897 659 1937 iudicatam
682 1892 845 1935 adferre,
868 1884 990 1935 magis
1010 1894 1120 1921 reum
1150 1877 1461 1917 condemnatum
1481 1870 1521 1908 in

197 1967 386 2008 iudicium
424 1961 650 2002 adducere?
706 1958 759 1994 At
797 1963 964 2003 quorum
1003 1944 1150 1985 iudicio
1189 1937 1521 1981 condemnatum!

200 2036 356 2082 Nempe
394 2040 529 2068 eorum
573 2036 672 2074 quos
711 2020 737 2058 ii
776 2017 843 2068 qui
882 2012 1073 2054 severiora
1111 2006 1257 2047 iudicia
1299 2002 1524 2044 desiderant

249 2147 260 2165 1
288 2133 415 2165 accedit
433 2130 502 2161 CO¹
521 2129 569 2168 (ii,
589 2127 609 2166 i,
633 2129 647 2163 ξ
666 2124 702 2162 4δ
919 2119 942 2148 6
965 2115 1020 2146 ille
1037 2114 1138 2145 etiarn
1158 2109 1249 2142 CO¹b
1266 2119 1273 2138 τ
1297 2108 1396 2138 etiarn
1416 2103 1471 2134 ille
1483 2107 1528 2143 pr

206 2191 221 2218 7
242 2189 282 2209 ea
300 2187 386 2216 qnae
404 2199 410 2205 .
431 2198 438 2204 .
459 2197 466 2204 .
487 2183 527 2202 ea
543 2171 643 2210 plane
662 2166 721 2198 CO
787 2170 863 2195 ante
883 2161 911 2192 C
1006 2169 1045 2188 10
1069 2155 1192 2195 gratias
1211 2151 1280 2183 (ΣΟ1
1300 2163 1306 2181 :
1332 2148 1525 2188 gratiasque

199 2229 223 2262 p
241 2221 306 2252 rell.
411 2228 448 2247 se
466 2214 525 2245 CO
542 2226 549 2244 ι
574 2223 650 2244 esse
665 2216 689 2251 p
706 2209 772 2239 rell.
926 2213 962 2242 17
987 2210 1110 2239 magno
1126 2206 1230 2236 opere
1249 2194 1296 2225 C:
1321 2198 1525 2230 magnopere

200 2265 243 2305 pb
260 2265 303 2294 al.
322 2262 358 2301 ti,
380 2264 396 2298 ξ
415 2270 453 2298 27
473 2271 478 2288 :
504 2258 537 2297 ii,
558 2259 573 2294 ξ
592 2256 650 2295 28)
826 2260 868 2280 2ο
891 2251 990 2286 caput
1006 2253 1101 2275 suum
1118 2245 1175 2271 aut
1192 2238 1289 2269 exist.
1311 2235 1381 2267 C01
1397 2246 1404 2264 :
1429 2241 1523 2263 suum

205 2312 305 2346 caput
321 2310 422 2342 atque
440 2301 536 2331 exist.
555 2298 596 2329 πὸ
612 2297 676 2328 rell.
788 2303 829 2323 22
853 2301 914 2322 eae
932 2288 977 2319 C:
1002 2288 1045 2317 he
1064 2284 1155 2325 0qu
1265 2289 1306 2318 25
1331 2275 1527 2309 decrevisse

208 2350 286 2382 COb
302 2361 307 2378 :
331 2349 489 2377 decresse
506 2344 548 2372 nle
680 2349 718 2377 27
745 2337 850 2375 magis
867 2343 936 2364 rem
955 2331 1034 2370 COp
1051 2329 1093 2360 al.
1113 2338 1120 2357 z
1145 2335 1214 2357 rem
1232 2332 1338 2362 magis
1355 2321 1372 2350 b
1389 2318 1458 2350 edd.
