1600 2704
63 124 105 162 13
125 127 163 159 41
495 100 551 138 M.
583 92 753 135 TVLLI
785 82 1091 135 CICERONIS

131 221 258 259 solum
298 221 552 254 commoveor
589 203 735 249 animo,
775 199 845 238 sed
884 194 1001 234 etiam
1045 196 1130 229 toto
1171 195 1336 235 corpore
1379 190 1462 229 per-

72 301 110 331 42
133 287 328 323 horresco.
389 278 476 315 Iam
505 283 611 311 nunc
641 272 773 306 mente
803 270 841 301 et
870 248 1107 309 cogitatione
1136 248 1334 302 prospicio
1360 255 1462 294 quae

134 358 219 388 tum
253 342 384 384 studia
411 337 631 380 hominum,
663 330 730 381 qui
762 336 975 366 concursus
1007 317 1125 358 futuri
1156 315 1244 360 sint,
1275 315 1464 362 quantam

136 407 472 461 exspectationem
519 396 749 449 magnitudo
795 387 915 429 iudici
958 385 1007 424 sit
1047 383 1239 426 adlatura,
1277 379 1466 425 quantam

137 475 363 516 auditorum
407 462 701 507 multitudinem
749 453 908 495 infamia
947 451 991 490 C.
1036 444 1168 484 Verris
1214 438 1469 481 concitatura,
1488 446 1505 477 5

140 546 330 592 quantam
373 532 546 581 denique
593 521 833 564 audientiam
879 511 1044 556 orationi
1090 520 1200 547 meae
1238 500 1469 553 improbitas

142 606 244 645 illius
292 604 441 640 factura
487 595 545 633 sit.
611 592 724 638 Quae
768 597 858 624 cum
902 578 1045 629 cogito,
1084 574 1162 612 iam
1205 581 1313 608 nunc
1350 565 1472 603 timeo

1017 631 1326 647 ........

143 669 335 721 quidnam
364 675 435 713 pro
464 655 682 698 offensione
711 648 930 692 hominum,
959 655 1026 693 qu1
1056 640 1110 678 illl
1139 646 1288 675 inimici
1318 627 1474 669 infensi-

145 747 223 785 que
253 736 356 776 sunt,
378 734 417 765 et
445 718 738 772 exspectatione
768 711 947 752 omnium
977 714 1015 746 et
1044 698 1316 753 magnitudine
1345 705 1473 733 rerum

87 813 127 845 43
148 799 313 848 dignum
351 788 484 839 eloqui
522 783 681 836 possim.
751 780 814 815 Tu
862 777 1003 812 horum
1048 767 1145 807 nihil
1184 761 1337 807 metuis,
1378 755 1537 796 nihi110

149 861 309 912 cogitas,
340 855 439 895 nihil
472 851 650 891 laboras:
694 844 726 883 si
760 840 856 892 quid
890 852 937 877 ex
969 842 1099 874 vetere
1127 830 1260 879 aliqua
1288 823 1476 867 oratione,

154 929 315 966 ‘Iovem
354 933 427 971 ego
467 914 674 967 Optimum
715 902 960 948 Maximumss
999 905 1067 938 aut
1100 895 1287 938 ‘Vellem‚
1328 888 1361 928 si
1398 883 1481 925 fieri

152 990 355 1044 potuisset,
382 981 555 1027 iudices‚'
576 984 644 1016 aut
669 971 818 1023 aliquid
845 968 929 1007 eius
957 962 1067 1003 modi
1092 959 1267 1000 ediscere
1295 949 1481 1005 potueris,

155 1055 351 1108 praeclare
371 1058 409 1089 te
430 1052 608 1098 paratum
629 1041 670 1079 in
691 1035 881 1076 iudicium
902 1036 1109 1070 venturum
1130 1019 1337 1063 arbitraris.

96 1139 138 1169 44
211 1123 271 1159 Ac
296 1117 327 1156 si
354 1113 425 1154 tibi
452 1122 570 1150 nemo
597 1113 854 1154 responsurus
875 1102 987 1142 esset,
1009 1100 1142 1131 tamen
1166 1088 1292 1139 ipsam
1313 1092 1483 1127 causam,
1509 1094 1545 1128 15

158 1194 201 1225 ut
235 1195 309 1233 ego
339 1177 515 1222 arbitror,
548 1174 818 1211 demonstrare
852 1174 932 1200 non
966 1168 1126 1209 posses:
1165 1163 1272 1190 nunc
1305 1161 1356 1186 ne
1389 1144 1487 1184 illud

159 1249 324 1301 quidem
355 1242 514 1292 cogitas,
550 1235 622 1276 tibi
656 1245 747 1272 cum
781 1226 944 1267 homine
977 1216 1234 1261 disertissimo
1272 1220 1311 1252 et
1349 1212 1401 1250 ad
1434 1208 1490 1247 di-

161 1315 334 1354 cendum
361 1303 607 1360 paratissimo
633 1301 808 1337 futurum
835 1303 921 1331 esse
947 1294 1158 1329 certamen,
1179 1279 1342 1330 quicum
1368 1275 1491 1313 modo

162 1375 448 1420 disserendum,
467 1368 589 1408 modo
605 1362 713 1403 omni
735 1359 885 1399 ratione
904 1350 1164 1405 pugnandum
1180 1342 1493 1390 certandumque

164 1445 223 1483 sit.
283 1438 407 1481 Cuius
429 1448 502 1486 ego
521 1428 724 1482 ingenium
748 1425 801 1463 ita
826 1421 947 1460 laudo
967 1424 1009 1455 ut
1029 1426 1111 1453 non
1131 1408 1418 1462 pertimescam,
1441 1403 1494 1441 ita
1515 1417 1556 1440 20

165 1508 292 1559 probo
320 1511 363 1543 ut
393 1514 456 1540 me
485 1498 536 1537 ab
565 1508 613 1534 eo
642 1487 826 1532 delectari
863 1482 1013 1523 facilius
1043 1489 1162 1529 quam
1194 1469 1324 1521 decipi
1358 1475 1495 1520 putem

113 1585 152 1622 14
166 1584 294 1624 posse.
362 1568 593 1614 Numquam
632 1559 696 1596 ille
736 1567 799 1593 me
834 1548 1029 1600 opprimet
1063 1538 1241 1585 consilio,
1278 1545 1496 1583 numquam

168 1639 249 1676 ullo
287 1631 452 1672 artificio
490 1630 694 1678 pervertet,
728 1627 947 1666 numquam
986 1607 1144 1660 ingenio
1183 1616 1247 1642 me
1285 1613 1358 1639 suo
1396 1597 1499 1636 labe-

170 1704 313 1740 factare
351 1704 471 1746 atque
513 1692 709 1730 infirmare
749 1679 980 1724 conabitur3
1028 1672 1119 1713 novi
1158 1667 1288 1709 omnis
1326 1661 1500 1703 hominis

170 1763 381 1816 petitiones
412 1757 662 1803 rationesque
694 1745 853 1789 dicendi
870 1759 879 1792 3
922 1752 1038 1790 saepe
1072 1737 1112 1775 in
1144 1735 1282 1778 isdem,
1315 1740 1431 1777 saepe
1461 1725 1502 1763 in
1523 1739 1562 1770 25

172 1825 375 1868 contrariis
405 1820 533 1862 causis
562 1814 703 1856 versati
735 1822 869 1851 sumus
886 1823 896 1856 3
938 1806 992 1844 ita
1024 1808 1161 1842 contra
1194 1809 1258 1836 me
1291 1794 1355 1833 ille
1385 1791 1502 1835 dicet,

174 1890 354 1943 quamvis
375 1888 423 1927 sit
444 1882 682 1936 ingeniosus,
705 1885 748 1917 ut
769 1888 849 1914 non
871 1872 1023 1910 nullum
1044 1866 1162 1905 etiam
1183 1863 1234 1902 de
1254 1872 1326 1898 suo
1346 1854 1505 1906 ingenio

116 1974 155 2005 45
175 1956 368 1996 iudicium
388 1950 472 1990 fieri
491 1947 706 1988 arbitretur.
758 1943 819 1978 Te
835 1949 937 1982 vero,
957 1930 1116 1977 Caecili,
1134 1939 1253 1978 quem
1274 1924 1325 1962 ad
1341 1921 1506 1959 modum

178 2022 227 2060 sit
264 2022 454 2063 elusurus,
495 2025 614 2064 quam
653 2006 763 2048 omni
801 2002 950 2042 ratione
996 1998 1218 2039 iactaturus,
1258 1988 1391 2027 videre
1429 1984 1507 2022 iam

178 2087 340 2131 videor;
368 2080 552 2132 quotiens
579 2077 643 2115 ille
670 2072 739 2112 tibi
767 2072 1003 2121 potestatem
1030 2059 1313 2111 optionemque
1337 2053 1508 2089 facturus
1529 2059 1569 2091 30

181 2150 229 2189 sit
250 2157 292 2187 ut
313 2147 432 2196 eligas
453 2151 584 2182 utrum
604 2136 903 2185 velis—,factum
928 2140 1012 2167 esse
1039 2135 1176 2169 necne,
1198 2130 1333 2157 verum
1354 2127 1438 2153 esse
1459 2124 1509 2151 an

229 2263 264 2283 11
293 2252 321 2283 si
338 2250 417 2291 quid
435 2246 562 2279 Dvnb:
587 2248 621 2274 et
637 2239 761 2280 siquid
778 2239 794 2268 δ
810 2234 880 2268 cdd.
1020 2238 1056 2267 15
1079 2225 1125 2257 At
1141 2225 1169 2256 si
1186 2219 1284 2253 LKZ
1386 2217 1424 2247 16
1448 2222 1511 2246 nec

185 2297 266 2328 illud
282 2308 303 2325 π
394 2303 431 2323 21
459 2300 513 2321 me
529 2299 594 2320 om.
615 2286 649 2317 D
665 2284 708 2316 al.
800 2289 841 2318 23
865 2286 926 2308 suo
952 2284 1004 2306 me
1024 2269 1128 2310 G2LZ
