1600 2704
1462 81 1544 98 sa-.

1454 100 1541 112 «ΑΛ

83 126 350 165 ACTIONIS
382 126 443 164 IN
473 126 519 165 C.
541 125 783 163 VERREM
813 126 1115 165 SECVNDAE
1147 127 1249 164 LIB.
1276 128 1293 164 Ι
1365 135 1408 173 51
1431 141 1489 173 135

80 236 211 286 itaque
243 250 362 287 quem
395 237 641 275 admodum
670 236 907 275 ostendisset
935 249 977 275 se
1001 236 1041 274 id
1068 245 1296 275 exacturum
1321 251 1406 276 esse

78 301 291 350 respondit.
352 302 456 341 Cum
476 300 550 339 sibi
576 300 705 339 omnis
725 302 776 339 ad
796 300 914 339 istum
933 300 1203 351 adlegationes
1223 300 1403 346 difficilis,
1429 306 1489 346 136

77 364 206 403 omnis
236 366 366 404 aditus
396 366 541 405 arduos
565 378 611 403 ac
643 364 772 415 potius
806 365 1038 403 interclusos
1066 364 1405 414 viderent—apud

77 442 195 479 quem
227 443 309 469 non
339 429 411 477 ius,
446 443 528 468 non
560 430 749 480 aequitem,
786 442 867 468 non
900 429 1177 475 misericordia,
1209 442 1290 467 non
1322 442 1405 478 pro-

38 508 55 539 5
75 494 213 545 pinqui
233 495 367 542 oratio,
390 508 473 534 non
491 495 609 534 amici
627 496 818 541 voluntas,
841 508 922 533 non
943 495 1176 545 cuiusquam
1192 494 1404 532 auctoritas

76 557 164 611 [pro
207 558 360 612 pretio]‚
406 573 489 599 non
534 560 656 611 gratia
698 561 1074 599 valeret—statuunt
1115 559 1156 599 id
1199 559 1274 598 sibi
1318 572 1404 598 esse

74 623 270 674 optimum
308 625 425 672 factu,
465 625 575 675 quod
612 624 734 663 cuivis
772 624 942 663 venisset
973 624 1014 662 in
1050 631 1237 671 mentem,
1270 631 1403 673 petere

73 687 262 727 auxilium
281 701 305 727 a
331 688 563 736 Chelidone,
587 702 688 739 quae
713 689 787 727 isto
812 697 988 740 praetore
1011 702 1094 728 non
1114 690 1236 728 modo
1261 688 1301 726 in
1321 688 1403 726 iure

74 751 179 790 civili
199 752 520 803 privatorumque
544 753 725 792 omnium
744 753 1019 792 controversiis
1044 755 1194 804 populo
1217 755 1404 791 Romano

17 833 56 854 10
73 817 251 866 praefuit,
280 831 416 856 verum
443 818 562 857 etiarn
582 818 621 856 in
648 818 707 856 his
734 818 845 856 sartis
873 818 1066 868 tectisque
1096 818 1303 857 dominata
1330 825 1400 856 est.
1423 850 1474 890 52

72 881 194 920 Venit
223 882 275 921 ad
304 882 570 922 Chelidonem
600 883 644 922 C.
669 882 851 929 Mustius,
875 896 996 933 eques
1028 885 1247 929 Romanus,
1278 882 1404 933 publi·
1426 910 1486 941 137

71 958 205 993 canuS,
253 947 376 985 homo
417 960 509 986 cum
551 947 685 998 primis
730 948 942 995 honestus;
995 948 1101 986 venit
1146 949 1201 986 M.
1251 948 1399 993 Iunius,

71 1018 234 1060 patruus
271 1011 392 1061 pueri,
432 1011 714 1062 frugalissimus
753 1013 874 1050 homo
912 1020 950 1050 et
988 1011 1254 1058 castissimu53
1296 1012 1401 1050 venit

71 1075 194 1113 homo
214 1088 372 1115 summo
392 1077 554 1126 pudore,
577 1089 734 1114 summo
754 1076 894 1122 officio,
919 1075 1230 1125 spectatissimus
1251 1076 1399 1114 ordinis

8 1151 50 1184 ,15
70 1139 142 1187 sui,
173 1141 214 1179 P.
244 1140 373 1179 Titius
398 1148 511 1179 tutor.
572 1140 609 1180 Ο
637 1140 768 1179 multis
792 1141 986 1186 acerbam,
1017 1154 1042 1180 o
1073 1140 1255 1179 miseram
1279 1148 1399 1191 atque

67 1203 271 1255 indignam
288 1213 509 1255 praeturam
529 1213 637 1244 tuam
654 1208 660 1243 ἔ
704 1207 757 1243 Vt
777 1205 957 1244 omittam
978 1214 1118 1252 cetera,
1134 1218 1215 1255 quo
1236 1207 1396 1244 tandem

66 1270 219 1319 pudore
253 1269 340 1308 talis
373 1270 486 1316 viros,
522 1283 604 1320 quo
634 1271 771 1310 dolore
807 1269 1018 1308 meretricis
1048 1270 1214 1309 domum
1245 1270 1397 1309 venisse

65 1332 337 1372 arbitramini?
370 1334 438 1385 qui
467 1348 685 1385 numquam
717 1336 795 1373 ulla.
824 1334 1062 1374 condicione
1092 1334 1205 1372 istam
1237 1334 1398 1384 turpitu-

66 1398 202 1438 dinem
223 1399 421 1438 subissent
446 1400 520 1439 nisi
540 1400 643 1439 offici
667 1400 1050 1450 necessitudinisque
1072 1394 1169 1438 ratio
1190 1399 1393 1449 coegisset.

7 1481 47 1504 20
65 1464 254 1511 Veniunt,
295 1473 338 1504 ut
375 1464 477 1511 dico,
518 1466 570 1504 ad
609 1465 884 1505 Chelidonem.
948 1466 1101 1503 Domus
1140 1472 1221 1503 erat
1256 1465 1398 1514 plena3

64 1542 167 1568 nova
197 1528 289 1577 iura,
321 1542 424 1569 nova
452 1530 621 1577 decreta,
653 1542 755 1569 nova
785 1529 929 1569 iudicia
963 1530 1207 1580 petebantur.
1270 1528 1397 1566 ‘Mihi

63 1595 131 1633 det
159 1594 462 1644 possessionem,
486 1595 582 1633 mihi
606 1608 655 1634 ne
683 1595 842 1642 adimat,
866 1595 905 1632 in
933 1608 995 1633 me
1023 1594 1212 1633 iudicium
1240 1607 1290 1633 ne
1314 1594 1393 1640 det,

62 1658 158 1697 mihi
198 1659 303 1698 bona
334 1659 518 1698 addicat!
574 1659 653 1698 Alii
687 1672 871 1698 nummos
909 1658 1180 1703 numerabant,
1221 1658 1271 1696 ab
1309 1657 1394 1696 aliis

62 1724 230 1763 tabellae
262 1723 597 1774 obsignabantur;
639 1726 783 1764 domus
814 1732 895 1763 erat
934 1737 1014 1762 non
1049 1722 1269 1762 meretricio
1303 1735 1395 1762 eon-

3 1802 43 1836 ²5
62 1796 181 1827 ventu
198 1789 268 1827 sed
288 1789 481 1839 praetoria
500 1790 614 1828 turba
634 1791 783 1829 referta.
824 1789 948 1828 Simul
969 1802 1015 1827 ac
1035 1795 1208 1838 potestas
1221 1787 1393 1837 primum
1417 1797 1477 1836 138

61 1853 155 1891 data
178 1860 248 1899 est,
280 1854 429 1892 adeunt
456 1853 497 1892 hi
521 1867 621 1904 quos
651 1854 741 1894 dixi.
803 1853 996 1904 Loquitur
1024 1853 1068 1893 C.
1098 1852 1280 1899 Mustius,
1311 1866 1393 1891 rem

61 1917 318 1964 demonstrat,
338 1917 435 1967 petit
455 1918 653 1965 auxilium,
676 1918 885 1969 pecuniam
907 1917 1123 1968 pollicetur.
1170 1916 1393 1966 Respondit

60 1980 126 2019 illa
163 1988 205 2019 ut
237 1981 417 2020 meretrix
454 1995 535 2020 non
577 1982 866 2029 inhumaniter3
905 1982 1072 2020 libenter
1110 1981 1163 2019 ait
1194 1993 1236 2019 se
1273 1981 1393 2018 factu-

104 2095 124 2124 3
147 2086 262 2116 vident
274 2091 299 2125 p
398 2087 419 2116 6
442 2095 503 2126 pro
522 2086 631 2126 pretio
646 2090 729 2116 auct.
751 2084 864 2116 Garat.
878 2084 946 2115 secl.
959 2084 1029 2115 edd.
1133 2093 1210 2115 esse
1226 2083 1391 2122 optimum

56 2128 137 2169 pbr:
155 2133 225 2168 opt.
242 2138 318 2160 esse
329 2127 400 2159 edd.
495 2138 533 2167 13
556 2129 648 2160 venit
670 2127 712 2158 Vb
735 2140 741 2159 :
759 2139 825 2159 om.
839 2139 861 2157 π
953 2137 991 2166 14
1017 2128 1147 2167 pudore
1162 2126 1193 2155 V
1205 2127 1244 2166 (i,
1261 2129 1276 2163 ξ
1294 2127 1367 2167 126)
1384 2137 1391 2156 :

61 2172 189 2210 pudore
205 2176 240 2202 et
256 2183 278 2201 π
412 2173 451 2202 16
478 2172 606 2203 mittam
624 2171 664 2202 nb
781 2182 816 2211 17
842 2171 919 2202 talis
941 2171 1031 2201 viros
1052 2180 1118 2210 quo
1141 2170 1258 2201 dolore
1270 2168 1311 2209 p2
1328 2179 1354 2199 s.
1367 2169 1388 2199 Ι.

42 2211 43 2214 ’
64 2216 103 2245 18
127 2224 308 2254 numquam
335 2214 402 2246 ulla
427 2227 472 2246 n:
497 2225 611 2255 numq.
642 2215 732 2246 nulla
761 2214 811 2246 V:
843 2214 934 2244 nulla
961 2214 980 2244 b
1098 2223 1139 2244 22
1159 2213 1240 2243 mihi
1265 2212 1390 2243 adimat

56 2257 116 2298 pq¹
292 2269 334 2298 23
356 2259 398 2289 ab
414 2258 489 2289 aliis
506 2259 572 2290 tab.
591 2258 720 2298 obsign.
744 2257 793 2288 V:
815 2257 871 2288 alii
896 2257 1027 2289 tabulas
1044 2256 1268 2295 obsignabant
1279 2261 1305 2296 p
1323 2255 1387 2285 rell.

61 2302 104 2330 28
129 2301 356 2332 inhumaniter
384 2301 417 2331 V
428 2301 553 2333 Prisc.:
579 2302 760 2332 inhumane
789 2313 809 2331 π
828 2300 892 2331 rell.
1061 2309 1098 2331 se
1116 2299 1277 2331 facturam
1308 2298 1340 2329 V
1363 2302 1391 2328 et

61 2342 184 2375 Donat.
204 2356 211 2375 :
235 2355 273 2375 se
289 2355 366 2376 esse
382 2345 542 2375 facturam
556 2345 677 2385 prrell.
700 2346 736 2383 vgi,
755 2347 771 2382 ξ
794 2344 867 2384 156)
