1600 2704
0 0 25 117 >
92 88 361 127 ACTIONIS
391 88 453 127 IN
481 88 529 128 C.
551 89 793 126 VERREM
823 87 1120 128 SECVNDAE
1151 91 1256 128 LIB.
1278 92 1314 127 V
1375 100 1420 137 31
1440 96 1482 127 80

92 200 283 239 luxuriem
321 198 586 249 libidinesque
623 212 713 237 suas
752 200 875 238 domo
912 213 982 238 sua
1019 200 1281 250 regia—quae
1320 200 1419 250 regis

93 263 282 303 Hieronis
302 265 388 312 suit,
407 277 486 314 qua
508 270 705 314 praetores
725 263 781 301 uti
803 266 1196 303 solent—contentus
1222 278 1301 304 non
1323 266 1395 304 fuit
1411 280 1420 313 3

91 328 355 376 tabernacula,
373 342 491 378 quern
507 329 559 366 ad
579 329 744 367 modum
762 337 970 366 consuerat
986 329 1230 378 temporibus
1251 329 1418 376 aestivis,

90 393 199 442 quod
233 400 349 431 antea
382 392 659 439 demonstravi,
690 391 885 431 carbaseis
914 392 1066 431 intenta
1097 392 1191 431 velis
1221 394 1420 431 conlocari

52 470 69 502 5
89 456 200 495 iussit
220 456 261 494 in
280 456 402 503 litore,
425 457 535 507 quod
564 464 623 495 est
652 456 742 495 litus
771 457 810 494 in
837 457 973 494 Insula
998 457 1198 506 Syracusis
1218 465 1308 507 post
1328 459 1421 495 Are-

88 522 228 559 thusae
247 523 398 559 fontem
419 529 578 571 propter
596 521 726 570 ipsum
746 520 950 559 introitum
971 528 1090 571 atque
1118 521 1262 559 ostium
1283 529 1418 571 portus

87 598 258 624 amoeno
278 599 372 624 sane
392 592 431 624 et
450 586 500 624 ab
521 585 674 623 arbitris
701 593 854 624 remoto
882 587 981 623 loco.
1044 586 1125 624 Hic
1146 587 1230 625 dies
1249 586 1418 624 aestivos
1438 593 1477 624 81

86 656 242 701 praetor
269 649 404 699 populi
436 649 623 697 Romani,
651 657 783 688 custos
812 651 1074 700 defensorque
1103 651 1339 701 provinciae,
1362 652 1418 690 sic

86 714 179 752 vixit
210 722 253 753 ut
286 713 493 753 muliebria
527 714 672 753 cotidie
697 714 877 753 convivia
905 723 1048 763 essent,
1079 716 1136 754 vir
1163 717 1417 756 accumberet

28 791 67 814 10
86 791 206 817 nemo
224 786 378 829 praeter
397 778 526 829 ipsum
547 786 585 817 et
613 787 897 829 praetextatum
919 780 1172 819 filium—etsi
1200 789 1304 820 recte
1332 782 1417 821 sine

85 843 318 894 exceptione
338 844 512 883 dixeram
533 844 669 891 virum,
694 857 785 882 cum
805 844 868 882 isti
897 853 1037 891 essent,
1060 847 1261 883 neminem
1283 846 1412 884 fuisse.

84 910 179 947 Non
213 922 431 959 numquam
470 908 588 947 etiam
626 908 787 947 libertus
826 908 1100 948 Timarchides
1137 909 1411 957 adhibebatur,

83 975 266 1013 mulieres
294 982 426 1012 autem
456 981 603 1024 nuptae
632 973 786 1012 nobiles
816 981 968 1023 praeter
996 988 1116 1012 unam
1137 974 1247 1012 mimi
1270 975 1411 1014 Isidori

82 1037 216 1085 filiam,
247 1051 368 1088 quarn
397 1038 470 1076 iste
498 1045 658 1087 propter
685 1051 860 1076 amorem
890 1038 941 1076 ab
972 1039 1136 1077 Rhodio
1167 1039 1328 1078 tibicine
1348 1040 1413 1078 ab·

24 1117 61 1149 ¹5
81 1105 256 1144 duxerat.
314 1104 425 1142 Erat
442 1102 540 1153 Pipa
559 1104 766 1153 quaedam,
783 1116 879 1141 uxor
894 1103 1149 1141 Aeschrionis
1166 1104 1409 1152 Syracusani,

80 1169 132 1208 de
163 1181 242 1218 qua
272 1167 435 1206 muliere
466 1166 623 1218 plurimi
654 1180 787 1206 versus
826 1167 893 1217 qui
933 1167 972 1205 in
1012 1167 1121 1206 istius
1154 1168 1410 1218 cupiditatem

80 1232 172 1271 facti
220 1239 311 1270 sunt
354 1239 437 1270 tota
474 1231 605 1270 Sicilia
649 1232 992 1282 percelebrantur;
1040 1241 1120 1271 erat
1161 1233 1272 1280 Nice,
1313 1234 1411 1272 facie
1430 1243 1472 1274 82

80 1296 236 1344 eximia,
264 1304 307 1335 ut
335 1296 593 1347 praedicatur,
628 1309 724 1335 uxor
755 1297 959 1336 Cleomeni
990 1298 1230 1346 Syracusani.
1292 1300 1410 1337 Hanc

79 1361 135 1400 vir
155 1362 323 1408 amabat,
346 1374 481 1400 verum
501 1369 634 1399 tamen
655 1362 770 1399 huius
791 1361 944 1400 libidini
958 1362 1151 1400 adversari
1169 1375 1242 1401 nec
1259 1371 1410 1413 poterat

22 1444 63 1468 20
81 1439 155 1465 nec
186 1426 372 1473 audebat,
406 1433 445 1464 et
478 1425 594 1464 simul
627 1426 678 1463 ab
709 1425 784 1464 isto
818 1426 932 1464 donis
970 1427 1250 1477 beneficiisque
1278 1429 1409 1467 multis

79 1490 385 1530 devinciebatur.
447 1491 522 1528 Illo
559 1497 691 1528 autern
730 1497 907 1540 tempore
951 1491 1034 1539 iste,
1075 1492 1228 1530 tametsi
1267 1506 1312 1531 ea
1351 1502 1409 1533 est

78 1554 251 1594 hominis
281 1554 527 1605 impudentia
555 1567 674 1605 quam
704 1555 840 1602 nostis,
863 1555 946 1605 ipse
966 1563 1097 1594 tamen
1119 1569 1209 1594 cum
1231 1558 1287 1595 vir
1306 1566 1407 1597 esset

77 1619 287 1669 Syracusis,
310 1632 470 1658 uxorem
491 1620 574 1658 eius
591 1632 727 1669 parum
748 1627 901 1669 poterat
914 1619 1048 1658 animo
1068 1621 1198 1659 soluto
1218 1634 1263 1659 ac
1284 1622 1407 1661 libero

76 1691 135 1722 tot
154 1683 195 1722 in
215 1691 302 1722 acta
323 1683 407 1723 dies
428 1696 563 1722 secum
583 1684 739 1722 habere.
801 1685 942 1735 Itaque
963 1684 1155 1735 excogitat
1176 1699 1257 1724 rem
1279 1687 1407 1738 singu-

18 1765 56 1798 ²5
75 1750 196 1788 larem
215 1764 224 1797 3
262 1749 372 1787 navis
406 1748 550 1798 quibus
584 1750 733 1799 legatus
770 1751 989 1798 praefuerat
1029 1750 1235 1789 Cleomeni
1276 1752 1404 1799 tradit,

75 1813 189 1852 classi
220 1813 357 1864 populi
390 1813 563 1852 Romani
601 1814 860 1853 Cleomenem
900 1814 1184 1863 Syracusanum
1225 1828 1405 1865 praeesse

121 1928 135 1948 1
162 1918 328 1950 luxuriem
345 1917 468 1950 RSD:
492 1928 558 1949 -arn
581 1917 627 1948 VB
752 1927 837 1956 quae
863 1941 870 1948 .
899 1940 906 1949 .
934 1941 941 1948 .
968 1916 1079 1947 solent
1103 1915 1161 1947 del.
1179 1916 1261 1946 Ern.
1279 1921 1309 1947 et
1331 1917 1400 1950 edd.

74 1971 145 1993 recc.
165 1973 172 1992 :
198 1961 241 2001 iv,
258 1964 273 2000 ξ
295 1963 357 1993 118
475 1972 499 1999 4
523 1966 622 1992 antea
639 1961 703 1991 iam
717 1960 781 2001 pkfi
904 1970 924 2000 5
950 1960 983 1990 in
1003 1961 1093 2000 (ante
1110 1959 1234 1997 Insula)
1253 1970 1318 1991 om.
1338 1960 1405 1992 RS

73 2015 90 2044 7
117 2005 268 2037 aestivos
285 2006 350 2036 iam
369 2005 549 2036 continuos
573 2004 604 2034 V
608 2006 661 2044 (ἐξ
675 2014 729 2043 94,
751 2013 810 2042 137
830 2004 932 2044 infra>
949 2014 955 2033 :
979 2002 1127 2034 aestivos
1145 2012 1187 2033 Lx
1197 2004 1241 2042 pb
1380 2006 1402 2036 8

72 2053 210 2086 praetor
227 2058 258 2088 p.
277 2059 302 2080 r.
314 2050 358 2088 ρδ
375 2061 381 2080 :
420 2058 489 2079 PRO
507 2057 561 2078 PR.
587 2046 634 2077 V:
674 2056 729 2077 PR.
753 2046 784 2076 R
800 2058 807 2077 t
844 2056 904 2086 -pr-
922 2046 1008 2077 SD:
1048 2056 1126 2085 pop.
1146 2045 1245 2076 Rom.
1264 2051 1401 2085 praetor

70 2090 171 2122 Klotz
189 2092 246 2129 (iv,
268 2094 284 2129 ξ
307 2093 389 2131 1463
414 2102 445 2131 v,
464 2095 479 2129 §
501 2092 577 2130 136)
741 2100 763 2129 9
787 2090 964 2120 accubaret
984 2089 1015 2119 V
1169 2099 1209 2120 10
1232 2090 1294 2120 etsi
1312 2089 1398 2120 RS:

70 2135 204 2166 tametsi
225 2135 312 2175 Vpk5
331 2136 363 2174 (ξ
382 2145 422 2174 37
440 2134 558 2175 supra)
674 2143 712 2163 12
736 2133 874 2164 libertus
891 2133 991 2164 etiam
1007 2133 1027 2162 k
1144 2142 1181 2171 15
1209 2132 1289 2164 Erat
1308 2134 1403 2173 (post

70 2177 266 2216 abduxerat)
295 2179 402 2218 suppl.
430 2176 595 2209 Schuetz:
620 2176 704 2214 Pipa
728 2174 794 2206 RS
818 2175 909 2207 rell.:
944 2181 977 2206 et
1005 2175 1087 2214 Pipa
1119 2175 1157 2205 V:
1191 2176 1225 2206 in
1251 2176 1302 2206 his
1325 2182 1397 2207 erat

70 2219 154 2260 Pipa
170 2221 304 2252 Richter
437 2223 541 2259 16-17
566 2220 608 2250 de
625 2229 691 2258 qua
708 2241 716 2249 .
738 2243 746 2251 .
763 2242 771 2250 .
793 2219 978 2258 percelebr.
999 2219 1067 2249 secl.
1087 2218 1180 2249 Bake
1267 2220 1397 2258 cupidi-

69 2267 139 2294 tate
165 2264 254 2295 codd.
277 2268 406 2304 praeter
431 2264 494 2305 Lg.
524 2273 566 2302 42
725 2262 764 2292 18
791 2262 985 2293 Cleomenis
1019 2261 1064 2291 VB
1226 2271 1265 2301 19
1296 2262 1394 2293 Cleo-

69 2316 188 2337 menes
209 2307 262 2338 vir
285 2306 351 2339 RS
374 2307 437 2339 rell.
458 2318 465 2338 :
489 2307 542 2338 vir
565 2305 769 2337 Cleomenes
791 2305 837 2335 V:
863 2304 1068 2336 Cleomenes
1093 2304 1163 2336 secl.
1195 2303 1311 2345 Kays,
1338 2317 1397 2346 ego

68 2348 169 2381 delevi

112 2402 175 2425 cic.
192 2403 271 2424 sz.
1266 2392 1307 2422 27
