1600 2704
140 100 164 138 8

130 420 169 442 20

141 1197 176 1218 21

159 1741 187 1778 9

148 1801 186 1822 22

189 116 226 147 19
553 93 609 130 M.
642 88 811 129 TVLLI
843 81 1150 126 CICERONIS

185 210 297 250 nicae
328 206 423 259 legis
455 211 605 244 mutare
637 201 872 240 noluerunt:
915 202 968 240 tu,
1009 193 1130 230 homo
1170 184 1322 225 minimi
1360 179 1511 226 consili,

187 274 330 314 nullius
360 268 612 313 auctoritatis,
645 264 794 303 iniussu
825 258 959 312 populi
989 269 1034 295 ac
1066 260 1235 298 senatus,
1268 256 1349 288 tota
1381 244 1515 285 Sicilia

187 345 407 384 recusante,
439 347 530 373 cum
562 330 733 370 maximo
763 324 1000 366 detrimento
1030 327 1149 369 atque
1178 316 1279 355 adeo
1307 311 1424 352 exitio
1453 323 1515 348 ve-

189 403 388 454 ctigalium
418 407 541 439 totam
573 392 831 434 Hieronicam
866 390 993 438 legem
1032 380 1251 424 sustulisti?
1307 380 1360 416 At
1394 388 1513 427 quam

189 471 315 519 legem
336 463 501 514 corrigit,
520 460 681 505 iudices,
700 465 818 507 atque
837 454 940 492 adeo
960 457 1084 490 totam
1105 446 1205 486 tollit
1225 448 1231 482 l
1277 439 1515 482 Acutissime
1535 453 1552 485 5

190 546 234 572 ac
256 527 552 581 diligentissime
574 523 768 572 scriptam,
793 531 894 568 quae
916 518 977 554 lex
1004 512 1189 552 omnibus
1214 504 1404 548 custodiis
1425 503 1517 542 sub-

190 599 336 637 iectum
366 601 558 632 aratorem
589 589 812 627 decumano
841 580 1012 626 tradidit,
1035 586 1077 617 ut
1107 588 1238 626 neque
1258 573 1299 611 in
1320 568 1517 620 segetibus

191 674 320 710 neque
350 659 389 696 in
418 656 516 695 areis
546 665 676 702 neque
702 651 742 688 in
764 646 910 687 horreis
932 656 1062 693 neque
1082 642 1122 679 in
1143 637 1368 678 amovendo
1389 645 1518 683 neque

192 728 231 765 in
270 721 513 774 exportando
553 719 751 756 frumento
800 723 920 762 grano
969 720 1050 746 uno
1099 711 1232 756 posset
1270 707 1397 740 arator
1437 697 1520 735 sine

194 789 362 829 maxima
391 797 520 837 poena
548 781 727 820 fraudare
750 779 1027 817 decumanum.
1090 768 1241 818 Scripta
1270 768 1332 804 lex
1356 764 1409 801 ita
1438 760 1521 800 dili-

192 862 327 905 genter
347 859 405 890 est
426 858 468 888 ut
488 861 579 887 eum
601 843 800 894 scripsisse
828 843 1013 890 appareat
1034 834 1102 886 qui
1122 833 1196 872 alia
1217 827 1421 879 vectigalia
1441 839 1522 864 non

193 920 367 964 haberet,
390 916 443 953 ita
462 920 576 952 acute
598 918 639 949 ut
662 908 848 951 Siculum,
871 904 925 942 ita
952 912 1084 940 severe
1108 905 1151 937 ut
1181 904 1389 946 tyrannum
1407 906 1418 940 3
1446 903 1524 940 qua

195 986 279 1033 lege
301 980 440 1021 Siculis
461 987 594 1017 tamen
614 986 721 1013 arare
743 968 943 1021 expediret
961 981 970 1013 3
999 977 1092 1003 nam
1119 962 1173 1000 ita
1201 959 1407 1009 diligenter
1433 968 1525 994 con-

197 1049 332 1088 stituta
352 1052 443 1084 sunt
463 1044 546 1082 iura
566 1042 789 1079 decumano
811 1042 853 1072 ut
875 1041 1008 1071 tamen
1029 1029 1080 1067 ab
1107 1025 1230 1065 invito
1259 1029 1410 1062 aratore
1437 1020 1524 1070 plus

198 1115 368 1152 decuma
388 1122 468 1147 non
489 1105 612 1157 possit
632 1100 781 1142 auferri.

255 1177 359 1216 Cum
389 1175 487 1211 haec
517 1175 646 1209 essent
678 1167 731 1204 ita
761 1161 984 1206 constituta,
1007 1159 1148 1196 Verres
1179 1160 1237 1193 tot
1266 1149 1379 1191 annis
1408 1155 1527 1198 atque

201 1243 303 1281 adeo
333 1236 498 1277 saeculis
534 1241 590 1273 tot
624 1232 805 1270 inventus
836 1234 894 1265 est
923 1223 991 1274 qui
1024 1223 1122 1260 haec
1153 1231 1235 1257 non
1268 1219 1528 1255 commutaret

202 1307 274 1345 sed
306 1308 506 1347 everteret,
538 1310 664 1347 eaque
700 1306 801 1344 quae
832 1292 910 1330 iam
943 1288 1011 1327 diu
1045 1286 1096 1324 ad
1130 1284 1297 1322 salutem
1331 1278 1528 1318 sociorum

203 1370 490 1416 utilitatemque
520 1363 574 1402 rei
603 1360 786 1412 publicae
813 1352 1033 1404 composita
1064 1353 1369 1398 comparataque
1399 1348 1529 1381 essent

201 1437 254 1475 ad
283 1446 374 1473 suos
405 1426 718 1480 improbissimos
750 1426 935 1473 quaestus
970 1419 1238 1458 converteret3
1267 1408 1335 1460 qui
1359 1407 1530 1457 primum

203 1509 330 1540 certos
359 1493 569 1535 instituerit
600 1489 762 1529 nomine
792 1487 1047 1527 decumanos,
1071 1492 1110 1517 re
1140 1489 1230 1516 vera
1259 1473 1456 1512 ministros
1485 1483 1532 1509 ac

204 1564 390 1604 satellites
420 1557 683 1610 cupiditatum
713 1563 881 1596 suarum,
906 1561 973 1598 per
1003 1557 1104 1595 quos
1134 1541 1342 1580 ostendam
1372 1537 1426 1575 sic
1448 1548 1531 1586 pro-

204 1629 373 1669 vinciam
403 1639 472 1676 per
496 1620 708 1662 triennium
729 1623 908 1656 vexatam
937 1619 1055 1660 atque
1076 1614 1277 1651 vastatam,
1307 1601 1468 1644 iudices,
1492 1606 1533 1636 ut

206 1708 293 1734 eam
315 1690 446 1730 multis
467 1686 580 1727 annis
602 1685 816 1723 multorum
833 1674 1060 1717 innocentia
1076 1669 1345 1721 sapientiaque
1361 1677 1533 1705 recreare

208 1768 462 1808 nequeamus.
534 1753 684 1790 Eorum
723 1743 902 1784 omniurn
942 1738 1009 1790 qui
1048 1733 1259 1776 decumani
1291 1730 1533 1770 vocabantur

208 1824 390 1875 princeps
421 1825 502 1857 erat
537 1817 587 1863 Q.
623 1813 687 1851 ille
723 1807 933 1860 Apronius,
968 1815 1087 1853 quem
1125 1797 1266 1837 videtis
1285 1811 1294 1843 ς
1334 1796 1384 1834 de
1423 1792 1534 1832 cuius

209 1885 460 1937 improbitate
499 1876 683 1930 singulari
720 1871 1033 1925 gravissimarum
1072 1862 1313 1914 legationum
1344 1857 1537 1909 querimo-

211 1954 294 1991 nias
342 1946 555 1989 audivistis.
634 1939 821 1991 Aspicite,
871 1933 1031 1977 iudices,
1081 1930 1232 1967 vultum
1281 1922 1452 1963 hominis
1500 1927 1538 1958 et

211 2023 426 2068 aspectum,
450 2019 488 2051 et
515 2024 562 2049 ex
586 2022 632 2047 ea
659 2000 909 2045 contumacia
937 2009 1057 2049 quam
1081 1995 1145 2033 hic
1170 1993 1210 2030 in
1237 1988 1398 2042 perditis
1422 1985 1538 2025 rebus

256 2133 275 2159 4
300 2127 369 2151 tum
387 2122 489 2148 totam
509 2113 550 2145 Ο1
572 2125 578 2144 z
595 2112 675 2151 forl.
694 2115 730 2140 tu
748 2112 850 2139 totam
869 2106 986 2142 (totam
1004 2105 1108 2132 totam
1127 2094 1254 2134 M=C)
1461 2092 1482 2121 6
1505 2094 1537 2119 et

214 2165 305 2202 dilig.
326 2162 355 2193 O
373 2162 406 2199 (ξ
429 2160 502 2199 Ι43Ἲ
594 2156 649 2185 lex
666 2152 734 2184 cO:
758 2161 825 2181 om.
847 2148 913 2179 rcll.
1019 2145 1039 2175 8
1064 2151 1173 2181 neque
1188 2142 1260 2179 post
1277 2135 1407 2167 horreis
1424 2143 1487 2164 om.
1510 2131 1540 2163 Ο

213 2219 235 2247 9
258 2204 470 2245 exportando
492 2201 553 2241 ch
570 2200 612 2230 al.
633 2209 639 2228 z
664 2193 870 2235 asportando
890 2189 920 2221 O
1098 2195 1135 2222 14
1160 2183 1351 2219 decumano
1365 2176 1460 2208 VcO:
1485 2175 1539 2207 de-

216 2249 382 2287 cumanis>
400 2246 463 2277 rell.
583 2251 620 2280 15
646 2242 760 2279 posset
779 2235 820 2266 Ol
936 2233 975 2262 16
1000 2231 1044 2261 ita
1057 2231 1170 2260 essent
1191 2225 1222 2255 V
1331 2222 1369 2251 18
1393 2222 1540 2250 verteret

221 2293 253 2323 V
396 2299 434 2327 19
458 2287 704 2323 utilitatemque
726 2280 805 2311 VO:
831 2276 1008 2308 utilitatem
1024 2278 1046 2313 p
1062 2271 1106 2303 al.
1249 2277 1287 2297 21
1315 2264 1504 2295 institueret
1520 2271 1542 2289 π

219 2345 258 2375 25
284 2333 430 2365 omniurn
449 2341 513 2361 om.
538 2329 568 2357 V
696 2325 737 2355 28
761 2319 935 2354 audivistis
955 2316 1004 2349 Ο·.
1030 2313 1207 2352 audistisp
1224 2309 1315 2350 vulg.

1545 775 1582 797 10

1549 1096 1585 1126 ¹5

1552 1418 1591 1440 20

1556 1740 1592 1772 25
