1600 2704
82 104 137 151 56
164 108 226 150 146
532 103 588 140 M.
620 103 787 141 TVLLI
820 102 1126 142 CICERONIS

156 214 328 260 linteam,
355 227 531 264 gemmas
562 213 627 252 alii
657 221 695 253 et
725 213 961 264 margaritas,
984 213 1074 252 vina
1104 226 1183 252 non
1215 212 1310 252 nulli
1336 214 1488 252 Graeca

156 278 383 328 venalisque
415 278 622 325 Asiaticos,
652 286 693 316 ut
728 278 1015 328 intellegeretur
1042 292 1087 317 ex
1118 278 1313 317 mercibus
1343 278 1487 328 quibus

156 356 202 381 ex
223 342 319 380 locis
340 342 577 392 navigarent.
638 343 730 380 Non
748 342 999 392 providerant
1023 355 1088 381 eas
1116 342 1219 392 ipsas
1247 341 1320 381 sibi
1351 355 1488 381 causas

157 419 241 444 esse
267 406 439 456 periculi,
467 406 612 456 quibus
641 405 879 456 argumentis
907 419 947 445 se
974 408 1024 445 ad
1052 408 1217 445 salutem
1248 406 1303 444 uti
1332 406 1489 445 arbitra—

157 471 308 508 bantur.
371 471 449 508 Iste
471 470 574 509 enim
604 471 702 508 haec
723 483 790 509 eos
811 484 857 508 ex
877 470 1087 521 piratarum
1110 471 1296 510 societate
1323 472 1488 521 adeptos
1509 483 1526 513 5

156 548 241 573 esse
272 534 455 581 dicebat,-
494 534 600 584 ipsos
632 534 670 571 in
703 535 911 573 lautumias
942 535 1087 574 abduci
1122 535 1350 585 imperabat,
1380 536 1488 574 navis

87 587 134 653 53
157 612 291 638 eorum
326 606 445 649 atque
484 611 604 637 onera
641 598 847 649 diligenter
884 601 1128 639 adservanda
1166 600 1337 639 curabat.
1411 601 1488 639 His

72 646 126 678 ¹⁴¹
156 663 342 701 institutis
364 675 455 701 cum
477 664 696 713 completus
718 662 794 701 iam
817 672 1077 702 mercatorum
1108 677 1238 703 carcer
1268 672 1381 711 esset,
1404 672 1486 703 tum

155 727 219 765 illa
251 728 397 766 fiebant
425 739 526 777 quae
554 729 597 765 L.
630 727 834 774 Suettium,
859 728 1031 778 equitem
1061 730 1301 777 Romanum,
1330 729 1489 768 lectissi-

155 805 263 830 mum
299 792 435 839 virum,
487 792 617 831 dicere
664 792 840 840 audistis,
882 801 921 832 et
968 806 1070 844 quae
1118 802 1268 832 ceteros
1307 793 1486 833 audietis.
1513 808 1550 830 10

155 856 337 897 Cervices
366 856 405 894 in
437 870 591 895 carcere
623 857 900 908 frangebantur
933 857 1206 908 indignissime
1236 858 1379 897 civium
1411 860 1490 898 Ro-

155 934 373 968 manorum,
402 929 443 959 ut
476 921 552 959 iam
586 921 650 960 illa
674 934 748 960 vox
778 929 816 960 et
848 922 1081 972 imploratiO,
1120 923 1248 963 ‘Civis
1282 925 1489 962 Romanus

155 988 267 1033 sum‚’
298 999 400 1036 quae
435 998 551 1036 saepe
580 986 711 1024 multis
746 986 785 1024 in
820 986 966 1025 ultimis
994 986 1103 1026 terris
1133 1000 1249 1038 opem
1278 987 1378 1026 inter
1408 989 1491 1027 bar-

156 1051 270 1090 baros
309 1059 347 1089 et
387 1052 553 1089 salutem
593 1051 692 1098 tulit,
734 1065 780 1090 ea
825 1059 991 1091 mortem
1040 1052 1114 1091 illis
1161 1052 1403 1091 acerbiorem
1452 1062 1489 1092 et

155 1115 391 1166 supplicium
423 1115 612 1154 maturius
642 1117 766 1155 ferret.
1513 1131 1548 1163 15

209 1180 318 1230 Quid
358 1188 426 1227 est,
468 1182 638 1219 Verres?
686 1180 782 1231 quid
820 1182 872 1220 ad
906 1182 1005 1221 haec
1043 1182 1191 1233 cogitas
1223 1184 1491 1233 respondere?

155 1259 249 1284 num
272 1245 428 1284 mentiri
450 1259 524 1293 me,
548 1258 643 1284 num
666 1246 810 1296 fingere
837 1246 997 1297 aliquid,
1022 1260 1117 1285 num
1146 1260 1287 1298 augere
1312 1248 1490 1287 crimen?

156 1324 250 1349 num
290 1310 387 1360 quid
427 1311 567 1349 horum
607 1309 738 1349 dicere
776 1310 859 1350 istis
899 1312 1172 1351 defensoribus
1221 1312 1296 1351 tuis
1334 1314 1491 1352 audes?

156 1376 269 1416 Cedo
300 1374 407 1422 mihi,
436 1387 596 1424 quaeso,
626 1387 672 1413 ex
697 1375 818 1425 ipsius
850 1375 938 1414 sinu
970 1376 1114 1415 litteras
1142 1378 1485 1427 Syracusanorum,

155 1452 252 1490 quas
281 1438 364 1489 ipse
384 1440 436 1477 ad
460 1438 663 1477 arbitrium
685 1452 799 1478 suum
821 1441 1022 1479 confectas
1043 1454 1128 1480 esse
1148 1440 1363 1488 arbitratur,
1387 1443 1488 1481 cedo
1510 1454 1549 1475 20

155 1504 347 1543 rationem
369 1503 544 1551 carceris,
561 1517 662 1554 quae
678 1504 976 1555 diligentissime
993 1505 1209 1553 conficitur,
1225 1519 1306 1556 quo
1321 1506 1488 1557 quisque

156 1569 220 1608 die
260 1570 374 1607 datus
414 1568 453 1607 in
494 1569 727 1617 custodiam,
761 1583 842 1620 quo
881 1578 1069 1618 mortuuS,
1109 1583 1190 1620 quo
1227 1578 1388 1610 necatus
1427 1571 1486 1610 sit.

76 1640 135 1680 148
158 1636 374 1673 LITTERAE
403 1635 783 1673 SYRACVSANORVM.
855 1635 1009 1674 Videtis
1044 1635 1138 1673 civis
1174 1637 1379 1676 Romanos
1410 1649 1489 1687 gre-

156 1699 276 1748 gatim
307 1698 508 1738 coniectos
534 1698 573 1736 in
608 1699 828 1747 lautumias,
856 1699 996 1738 videtis
1026 1699 1300 1750 indignissimo
1329 1700 1367 1739 in
1400 1702 1488 1740 loco

157 1771 427 1801 coacervatam
472 1763 766 1802 multitudinem
816 1771 1031 1802 vestrorum
1075 1764 1229 1803 civium.
1301 1766 1488 1814 Quaerite
1509 1779 1547 1811 25

157 1840 263 1866 nunc
283 1827 444 1878 vestigia
464 1828 608 1878 quibus
629 1827 754 1867 exitus
775 1841 911 1867 eorum
938 1841 984 1867 ex
1011 1828 1077 1867 illo
1105 1831 1195 1867 loco
1223 1838 1485 1879 compareant.

158 1894 277 1931 Nulla
308 1899 409 1930 sunt.
471 1893 675 1932 Omnesne
709 1893 882 1931 mortui?
939 1892 978 1932 Si
1013 1892 1065 1932 ita
1097 1901 1229 1944 posset
1263 1895 1484 1940 defendere,

157 1965 288 1996 tamen
310 1957 409 1996 fides
436 1957 528 1996 huic
558 1957 779 1997 defensioni
807 1971 886 1996 non
917 1958 1137 1997 haberetur.
1195 1959 1273 1997 Sed
1299 1958 1486 2009 scriptum

157 2029 279 2060 exstat
325 2021 363 2059 in
410 2021 535 2060 isdem
581 2021 716 2061 litteris
765 2023 874 2072 quod
921 2022 994 2061 iste
1041 2023 1163 2061 homo
1206 2022 1393 2061 barbarus
1440 2035 1486 2060 ac

157 2086 369 2125 dissolutus
418 2100 548 2137 neque
594 2088 797 2126 attendere
845 2100 1034 2137 umquam
1084 2100 1213 2137 neque
1263 2087 1485 2137 intellegere
1504 2099 1547 2131 30

199 2200 219 2227 4
243 2190 524 2230 arbitrarentur-p
645 2190 665 2219 8
690 2200 765 2220 cum
783 2190 905 2230 plenus
922 2191 986 2220 iam
1002 2188 1153 2221 Heraeus
1271 2200 1293 2229 9
1317 2189 1484 2221 Suettium

156 2231 255 2262 RSD
273 2245 278 2262 :
304 2233 456 2263 Suetium
475 2234 491 2262 δ
508 2231 575 2264 edd.
739 2243 776 2264 12
801 2233 858 2264 illa
874 2233 1065 2272 imploratio
1077 2238 1101 2273 p
1264 2232 1302 2262 18
1326 2233 1398 2264 istis
1416 2233 1481 2263 def.

157 2275 221 2305 tuis
239 2275 292 2315 Rp
310 2286 316 2305 :
342 2277 414 2307 istis
431 2276 496 2307 tuis
515 2275 581 2307 def.
599 2274 693 2307 ΞΒΨ
826 2286 868 2307 20
891 2286 974 2315 quas
991 2275 1062 2315 ipse
1078 2277 1119 2306 ad
1136 2274 1229 2306 SDW
1245 2286 1251 2305 :
1275 2276 1412 2314 quasise
1429 2276 1462 2305 R
1478 2287 1485 2305 :

157 2328 241 2356 quas
258 2319 320 2348 iste
338 2320 378 2348 ad
394 2324 418 2358 p
559 2329 600 2349 22
625 2329 690 2358 quo
708 2320 860 2358 emissus,
881 2329 946 2358 quo
964 2324 1114 2349 mortuus
1131 2317 1290 2349 Zt'clinski
1443 2320 1485 2349 26

159 2367 339 2399 conpareat
358 2360 422 2392 SD
