1600 2704
83 141 110 178 6
137 141 174 173 16
502 116 558 154 M.
585 104 755 150 TVLLI
785 88 1093 141 CICERONIS

135 257 223 285 sum
247 229 470 289 inquirendi
495 236 613 266 causa
639 217 837 270 profectus
855 223 863 256 3
891 217 971 256 quo
991 201 1030 238 in
1051 190 1212 244 negotio
1231 181 1464 227 industriam

138 320 267 349 meam
294 298 470 341 celeritas
498 283 712 330 reditionis,
736 270 979 325 diligentiam
1010 257 1224 302 multitudo
1252 251 1467 290 litterarum

884 346 976 374 vero
1007 341 1053 367 ac
1087 319 1316 371 religionem
1348 308 1470 361 quod,

139 383 177 415 et
210 368 369 411 testium
401 353 623 400 declaravit,

812 405 817 410 ’
1020 393 1032 430 i
1062 382 1250 430 Romani,
1271 377 1339 428 qui
1362 375 1404 412 in
1427 384 1474 409 ea

1033 533 1078 560 us
1099 526 1218 567 quam
1246 510 1297 548 ad
1323 516 1391 544 eos
1413 499 1479 550 qui

1162 580 1330 618 dventus
1356 563 1481 607 labori

808 591 971 637 Nemini
999 597 1110 627 meus
1137 594 1159 619 a

1112 647 1118 653 ’
1244 640 1250 646 ’
1287 654 1294 676 :
1332 634 1412 672 vim
1443 629 1484 667 in

157 830 346 878 quantam
372 815 475 855 habe

104 905 138 936 ῐ7
160 894 334 931 Romam
367 888 411 920 ut
444 890 491 917 ex
525 870 603 912 Sici

160 954 342 996 homines
370 943 466 985 lauti
496 947 534 979 et
564 930 715 977 urbani,
742 941 759 965 s

604 869 656 907 lia
690 860 799 907 redii,
833 867 924 895 cum
958 850 989 888 is

762 931 943 965 ermones
974 914 1057 954 eius
1087 903 1197 947 modi
1225 897 1495 947 dissipassent,

164 1033 244 1072 quo
273 1014 426 1054 animos
456 1003 615 1045 testium
645 992 896 1035 retardarent,
920 994 984 1020 me
1009 985 1151 1024 magna
1174 961 1343 1019 pecunia
1366 973 1389 997 a
1408 967 1497 994 vera

1059 1035 1298 1090 probabatur
1338 1019 1498 1066 nemini,

166 1079 417 1125 accusatione
460 1082 545 1110 esse
586 1063 814 1103 deductum,
857 1044 1013 1089 tametsi

196 1148 278 1188 uod
311 1151 350 1183 et
384 1153 430 1179 ex
461 1131 592 1174 Sicilia
622 1132 741 1166 testes
776 1123 885 1159 erant
919 1112 946 1150 ii
978 1107 1045 1158 qui
1081 1105 1331 1154 quaestorem
1365 1100 1430 1127 me
1463 1084 1502 1122 in
1525 1091 1562 1124 15

137 1487 159 1524 7
234 1467 417 1510 Sciebam
454 1459 496 1497 in
537 1451 628 1493 reici
1536 1421 1576 1443 20

183 1543 315 1577 nostra
359 1521 552 1580 pactionis
602 1510 786 1564 suspicior

130 1615 164 1645 18
185 1594 436 1642 accusatione
464 1596 600 1627 eorum
631 1571 823 1617 industria
854 1581 899 1606 ac

188 1662 304 1707 reieci
324 1657 474 1698 iudices
496 1658 538 1689 ut
558 1650 635 1686 hoc
657 1644 822 1682 constet,
846 1637 936 1684 post
957 1630 1040 1666 hun

574 1727 590 1750 r
622 1705 738 1748 simili
778 1698 987 1752 splendore
1022 1697 1059 1729 et
1093 1685 1187 1734 dign

787 1518 867 1545 iem
911 1511 993 1538 non
1031 1494 1185 1534 vitasse,
1226 1495 1317 1523 cum
1356 1478 1396 1515 in
1434 1474 1518 1524 ipsa

930 1556 1131 1611 diligentia
1160 1550 1398 1603 probaretur.
1459 1539 1521 1575 Ita

1043 1638 1064 1662 c
1089 1626 1233 1659 statum
1261 1610 1315 1650 rei
1342 1603 1523 1658 publicae

191 1744 271 1783 quo
305 1736 412 1765 nunc
444 1717 570 1757 utimu
1190 1681 1283 1719 itate
1317 1668 1525 1712 consilium

194 1796 347 1836 nullum
385 1785 515 1825 fuisse.
579 1779 711 1825 Quam
755 1769 804 1806 ist
1363 1734 1437 1775 sibi
1475 1730 1529 1769 ait
1550 1741 1588 1773 25

203 1997 302 2031 reret
337 1997 406 2023 cur
439 1988 532 2018 suos

208 2054 362 2096 sidium,
388 2048 438 2094 Q.
462 2038 623 2081 Iunium
653 2028 744 2071 reici

684 2159 691 2166 .
709 2132 849 2164 vexarat
861 2124 895 2166 p‘2
912 2123 945 2155 in
964 2129 1032 2160 mg.
1155 2120 1194 2140 10
1217 2108 1356 2137 istorum
1373 2096 1429 2136 Dp
1445 2092 1511 2125 rell.
1531 2100 1537 2119 t

874 2178 910 2200 11
936 2173 1011 2196 cum
1037 2157 1175 2191 comites
1197 2149 1292 2181 istius
1316 2148 1415 2181 atque
1443 2133 1540 2168 amici

896 2220 933 2241 us
952 2205 1040 2239 modi
1052 2203 1069 2232 b
1083 2198 1146 2231 rell.
1160 2194 1254 2237 (Div.
1268 2193 1283 2228 ξ
1299 2188 1340 2227 38
1355 2197 1362 2226 ;
1383 2184 1418 2222 ii,
1435 2182 1473 2218 ἐξ
1487 2177 1539 2217 56,

1264 2243 1306 2264 20
1330 2222 1508 2260 reiciendis
1520 2223 1544 2259 p

773 2034 911 2077 passus
941 2022 1056 2058 esset.
1076 2002 1279 2058 respondit
1309 1993 1440 2047 ‘quod
1470 2001 1537 2027 eos

254 2164 341 2197 9-10
365 2160 433 2182 non
451 2148 608 2186 quantam
629 2161 636 2169 .
657 2160 663 2167 .

214 2203 346 2233 illorum
370 2192 440 2225 edd.
460 2202 467 2221 :
493 2190 641 2226 ipsorum
668 2174 779 2209 Muell.

418 2245 456 2265 12
482 2232 553 2262 eius
568 2219 754 2256 modiDal.
767 2229 788 2247 π
805 2227 812 2246 2
835 2212 892 2244 hui

217 2245 346 2328 ἔοοςωιδ
394 2289 431 2318 13
449 2285 514 2315 quo
526 2269 605 2313 pbK
620 2279 627 2298 ε
652 2273 735 2304 quos
753 2256 864 2297 DG,Z
880 2267 887 2285 ε
911 2261 973 2293 per
990 2255 1074 2289 quos
1092 2242 1133 2280 G:

222 2342 259 2363 21
287 2330 360 2368 ipsa
377 2323 411 2354 in
429 2332 448 2361 q
537 2324 578 2352 23
601 2314 724 2341 statum
737 2305 808 2346 135⁴.
821 2300 860 2330 nb
958 2302 999 2332 25
1023 2288 1086 2322 sibi
1103 2286 1147 2317 ait
1166 2290 1240 2313 csse
1258 2276 1366 2307 Dqlrr:
1392 2267 1454 2301 sibi
1470 2272 1545 2296 esse

224 2376 269 2407 ait
286 2371 339 2403 K:
367 2368 412 2398 ait
429 2362 492 2395 sibi
511 2368 585 2389 esse
604 2355 641 2384 ὂδ
