1600 2704
1440 46 1471 76 fs
1485 57 1507 79 'x
1529 54 1546 78 κ’

77 107 346 148 ACTIONIS
368 108 430 147 IN
451 108 495 148 C.
518 109 762 147 VERREM
784 109 1086 149 SECVNDAE
1108 110 1212 148 LIB.
1237 111 1304 148 III
1357 108 1410 148 88
1432 125 1497 156 204

76 219 241 271 graviter
265 227 304 258 et
338 217 498 269 copiose
518 218 662 258 dixisse
689 232 734 257 ac
755 220 982 268 deplorasse
1003 218 1170 266 dicitur3
1199 233 1244 257 ex
1266 219 1411 269 quibus

77 287 153 324 hoc
176 283 222 323 iis
245 284 313 334 qui
337 285 663 333 aderant,—nam
687 296 832 334 magno
858 292 1057 323 conventu
1081 292 1168 322 acta
1198 297 1257 322 res
1286 293 1413 332 est,—

76 349 393 400 indignissimum
432 349 649 397 videbatur,
686 362 765 400 qua
811 349 851 387 in
900 362 941 388 re
980 357 1138 388 senatus
1178 349 1329 398 optime
1367 362 1413 388 ac

76 414 356 465 benignissime
395 428 486 454 cum
525 414 742 454 aratoribus
781 413 934 465 egisset,
972 415 1075 465 large
1123 413 1413 464 liberaliterque

38 494 56 526 5
76 479 330 528 aestimasset,
354 480 394 519 in
425 493 471 519 ea
500 493 540 519 re
570 480 746 530 praedari
778 489 1011 530 praetorem,
1035 479 1151 518 bonis
1181 479 1301 518 everti
1331 493 1412 518 ara-

75 553 190 593 tores,
222 553 260 585 et
290 544 331 585 id
361 558 442 584 non
474 547 595 585 modo
626 545 705 584 fieri
739 547 808 584 sed
839 545 892 584 ita
922 545 1003 584 fieri
1035 545 1145 596 quasi
1177 545 1290 584 liceat
1322 557 1412 584 con-

76 623 311 661 cessumque
341 610 399 650 sit.

130 675 240 724 Quid
271 677 322 715 ad
352 677 450 715 haec
482 676 752 715 Hortensius?
793 677 934 715 falsum
966 689 1051 715 esse
1081 675 1260 714 crimen?
1319 675 1413 714 Hoc
1436 691 1450 713 2
1484 689 1496 697 ·

76 752 294 790 numquam
342 741 458 780 dicet.
529 742 623 780 Non
666 754 850 792 magnam
899 743 972 780 hac
1011 740 1162 779 ratione
1201 734 1437 790 pecuniam'

19 819 59 844 ιο
76 807 263 857 captam?
338 807 400 846 Ne
442 806 483 845 id
522 806 684 857 quidem
724 807 840 846 dicet.
901 808 994 845 Non
1038 806 1220 845 iniuriam
1269 807 1413 845 factam

76 869 217 910 Siculis
255 878 374 921 atque
407 871 654 910 aratoribus?
711 871 790 920 Qui
823 871 964 922 poterit
992 871 1152 910 dicere?
1210 871 1319 920 Quid
1350 871 1416 921 igi-

75 943 138 974 tur
166 935 302 975 dicet?
360 935 516 974 Fecisse
545 935 654 975 alios.
716 935 824 985 Quid
856 944 913 974 est
943 937 1050 974 hoc?
1098 943 1228 974 utrum
1260 935 1414 974 crimini

76 1000 256 1040 defensio
295 1013 345 1040 an
381 1000 591 1040 comitatus
624 1000 760 1040 exsilio
792 1000 1022 1051 quaeritur?
1078 1002 1140 1038 Tu
1180 1001 1220 1038 in
1260 1002 1334 1039 hac
1374 1014 1414 1040 re

75 1065 236 1117 publica
258 1074 378 1116 atque
402 1066 441 1104 in
466 1067 541 1104 hac
568 1065 775 1104 hominum
802 1065 966 1104 libidine
987 1073 1036 1112 et,
1061 1074 1101 1103 ut
1123 1066 1255 1104 adhuc
1277 1065 1415 1104 babuit

20 1143 58 1178 15
76 1144 118 1171 se
147 1138 269 1170 status
300 1131 547 1179 iudiciorum,
581 1131 698 1170 etiam
730 1131 898 1179 licentia,
932 1143 1012 1170 non
1043 1144 1089 1170 ex
1120 1130 1213 1178 iure,
1246 1144 1326 1169 non
1368 1145 1414 1170 ex

76 1196 289 1248 aequitate,
308 1209 389 1235 non
413 1209 460 1235 ex
487 1198 582 1247 lege,
607 1210 686 1236 non
717 1211 763 1236 ex
790 1210 838 1236 eo
863 1197 971 1247 quod
997 1196 1224 1246 oportuerit,
1255 1209 1335 1236 non
1369 1210 1415 1235 ex

77 1275 126 1301 eo
155 1262 263 1312 quod
303 1261 465 1309 licuerit,
499 1262 569 1301 sed
599 1275 646 1301 ex
675 1274 724 1301 eo
756 1263 865 1312 quod
901 1261 1023 1311 aliqui
1054 1261 1199 1309 fecerit,
1233 1262 1272 1300 id
1305 1263 1415 1311 quod

77 1326 375 1378 reprehenditur
407 1334 512 1365 recte
551 1327 697 1366 factum
729 1340 814 1366 esse
844 1328 1068 1366 defendes?
1126 1328 1320 1365 Fecerunt
1350 1326 1414 1365 alii

77 1391 239 1442 quidem
260 1391 434 1442 aliquam
455 1393 579 1431 multa
593 1406 605 1440 ,-
633 1405 701 1431 cur
722 1392 761 1430 in
783 1394 859 1431 hoc
881 1405 962 1431 uno
983 1391 1146 1430 crimine
1169 1391 1243 1430 isto
1272 1405 1415 1442 genere

21 1469 60 1492 20
78 1457 319 1497 defensionis
341 1457 494 1496 uteris?
549 1458 648 1497 Sunt
669 1459 864 1508 quaedam
887 1457 1052 1496 omnino
1073 1456 1112 1495 in
1134 1465 1171 1495 te
1193 1456 1412 1508 singularia,

78 1535 180 1573 quae
194 1521 234 1560 in
256 1523 408 1561 nullum
429 1521 633 1561 hominem
650 1522 769 1561 alium
785 1522 861 1561 dici
877 1535 1007 1573 neque
1024 1521 1235 1561 convenire
1249 1521 1412 1572 possint,

78 1588 274 1638 quaedam
313 1587 384 1626 tibi
422 1600 513 1627 cum
549 1588 682 1627 multis
712 1588 951 1627 communia.
1013 1589 1129 1637 Ergo,
1161 1595 1203 1625 ut
1234 1586 1414 1625 omittam

1438 1330 1498 1363 206

78 1660 166 1692 tuos
196 1654 416 1703 peculatus,
445 1661 487 1692 ut
517 1653 569 1692 ob
600 1653 659 1691 ius
689 1653 904 1692 dicendum
936 1651 1124 1702 pecunias
1153 1659 1351 1702 acceptaS,
1373 1659 1442 1690 ut‘

78 1716 162 1756 eius
192 1717 301 1757 modi
331 1726 459 1757 cetera
489 1731 591 1768 quae
621 1717 781 1757 forsitan
811 1717 874 1756 alii
906 1730 1066 1768 quoque
1093 1716 1210 1756 etiam
1238 1716 1412 1764 fecerint,

22 1793 61 1826 25
80 1782 177 1822 illud
206 1782 246 1822 in
276 1797 356 1834 quo
386 1792 424 1823 te
455 1783 682 1834 gravissime
712 1783 905 1831 accusavi,
938 1784 1047 1833 quod
1077 1783 1130 1822 ob
1160 1782 1414 1822 iudicandam

79 1861 161 1887 rem
199 1849 407 1900 pecuniam
448 1849 678 1900 accepisses,
720 1851 860 1888 eadem
900 1849 973 1888 ista
1011 1848 1162 1888 ratione
1209 1849 1413 1894 defendes,

78 1913 217 1953 fecisse
255 1914 382 1953 alios?
456 1916 510 1953 Vt
553 1927 626 1965 ego
673 1914 873 1953 adsentiar
920 1913 1099 1961 orationi,
1141 1913 1414 1952 defensionem

79 1986 212 2018 tamen
251 1993 331 2018 non
370 1979 560 2030 probabo.
640 1979 776 2018 Potius
816 1979 921 2018 enim
962 1988 1000 2017 te
1039 1980 1229 2018 damnato
1277 1977 1416 2016 ceteris

126 2093 165 2115 12
191 2082 271 2115 dicit
282 2088 328 2125 pq
418 2082 566 2124 crimini]
584 2082 636 2115 his
654 2083 781 2115 crimen
801 2082 832 2114 Ο
969 2092 1007 2121 14
1031 2092 1068 2114 se
1085 2081 1202 2113 habuit
1219 2092 1238 2121 q
1378 2090 1416 2120 15

79 2127 152 2159 iure
169 2138 238 2159 non
257 2138 301 2159 ex
318 2137 390 2167 aeq.
412 2137 480 2159 non
498 2137 542 2158 ex
558 2137 625 2159 om.
646 2127 677 2158 O
812 2127 852 2157 16
874 2136 944 2157 non
973 2137 1017 2157 ex
1044 2137 1086 2157 eo
1114 2125 1205 2165 quod
1229 2124 1418 2164 oportuerit

81 2169 151 2202 cO:
177 2182 242 2203 om.
256 2176 282 2211 p
299 2171 364 2202 rell.
483 2171 522 2201 18
545 2170 601 2201 alii
620 2171 756 2210 quidem
776 2170 806 2202 O
826 2182 831 2201 τ
856 2170 911 2201 alii
929 2170 1009 2210 quid
1031 2169 1074 2201 Vc
1090 2170 1146 2209 (φ)
1164 2181 1170 2199 1
1194 2168 1332 2208 aliquip
1351 2168 1415 2198 rell.

85 2223 123 2253 19
145 2215 293 2255 aliquam
319 2214 451 2255 scripsi:
477 2215 542 2245 alia
567 2224 668 2253 quam
696 2213 786 2246 codd.
818 2215 877 2254 (iv,
910 2217 925 2252 ξ
953 2214 1021 2252 56).
1126 2212 1219 2243 Forte
1248 2212 1416 2242 Fecerunt

81 2258 184 2297 aliqui
210 2258 393 2298 aliquando
420 2258 535 2298 multa,
564 2258 598 2298 ii,
624 2258 644 2298 i,
678 2261 693 2297 ς
723 2269 787 2297 443
823 2258 855 2297 ii,
889 2260 904 2296 ξ
937 2258 1000 2296 78;
1033 2255 1117 2288 Sest.
1151 2260 1166 2293 ς
1197 2265 1258 2294 Ι4;
1285 2255 1413 2286 Cluent.

85 2305 100 2340 ἕ
120 2311 163 2341 92
