1600 2704
114 110 167 146 52

116 218 167 255 52

104 862 163 892 116

195 115 254 146 115
559 101 614 137 M.
646 100 814 137 TVLLI
848 99 1155 138 CICERONIS

244 210 370 249 Vnius
402 210 519 250 etiam
550 210 657 249 urbis
691 209 870 249 omnium
901 208 1187 259 pulcherrimae
1216 215 1334 259 atque
1361 208 1522 248 ornatis-

187 275 319 322 simae,
371 277 658 325 Syracusarum,
713 274 975 323 direptionem
1024 273 1348 312 commemorabo
1395 280 1433 312 et
1480 273 1521 311 in

189 340 363 379 medium
412 341 617 390 proferam,
667 339 829 386 iudices,
883 346 925 377 ut
971 338 1187 388 aliquando
1234 344 1357 376 totam
1404 337 1521 375 huius

188 404 340 453 generis
371 404 589 443 orationem
619 405 857 442 concludam
882 411 1001 452 atque
1031 402 1230 441 definiam.
1290 403 1421 440 Nemo
1442 403 1521 441 sere

188 476 357 507 vestrum
389 478 447 506 est
479 468 573 518 quin
606 481 724 517 quem
755 469 807 506 ad
837 468 1001 506 modum
1033 474 1171 517 captae
1197 466 1274 504 sint
1294 479 1316 504 a
1338 468 1393 504 M.
1419 467 1521 504 Mar·
1540 483 1559 514 5

187 534 288 571 cello
327 534 540 582 Syracusae
580 545 697 581 saepe
736 531 914 578 audierit,
955 545 1037 570 non
1077 544 1294 581 numquam
1330 531 1448 569 etiam
1480 531 1520 569 in

186 596 394 634 annalibus
428 595 571 645 legerit.
633 596 821 635 Conferte
855 597 958 633 hanc
995 608 1135 645 pacem
1174 608 1265 634 cum
1297 595 1363 633 illo
1403 595 1517 642 bello,

188 660 302 698 huius
335 659 523 710 praetoris
555 661 771 698 adventum
806 672 897 697 cum
936 659 1039 697 illius
1070 659 1314 710 imperatoris
1345 658 1517 706 victoria,

186 725 302 763 huius
332 726 535 763 cohortem
566 724 760 774 impuram
788 737 879 762 cum
909 723 1011 762 illius
1032 723 1202 762 exercitu
1222 722 1380 770 invicto,
1402 723 1519 762 huius

186 788 370 828 libidines
401 802 491 827 cum
522 789 624 827 illius
654 787 898 827 continentia
917 803 924 826 :
953 788 1004 826 ab
1025 787 1092 826 illo
1112 787 1179 837 qui
1201 787 1304 838 cepit
1325 787 1515 835 conditas,
1540 802 1579 827 10

186 855 237 891 ab
259 855 334 892 hoc
356 853 423 903 qui
445 853 677 891 constitutas
706 851 859 903 accepit
881 859 1014 902 captas
1035 851 1174 890 dicetis
1196 854 1414 902 Syracusas.
1459 854 1519 890 Ac

186 919 264 957 iam
285 918 349 956 illa
370 917 511 957 omitto
532 931 633 968 quae
654 917 828 967 disperse
857 931 880 955 a
909 930 973 955 me
1003 916 1135 955 multis
1162 917 1202 955 in
1222 916 1318 955 locis
1339 917 1519 955 dicentur

185 997 231 1022 ac
252 983 357 1022 dicta
379 991 479 1030 sunt,
503 984 630 1021 forum
653 985 996 1032 Syracusanorum,
1027 983 1136 1032 quod
1157 981 1317 1020 introitu
1340 981 1518 1020 Marcelli

187 1062 327 1098 purum
357 1061 380 1086 a
409 1048 530 1086 caede
560 1055 756 1086 servatum
787 1055 856 1093 est,
879 1047 919 1085 id
948 1048 1122 1086 adventu
1142 1046 1274 1086 Verris
1296 1047 1517 1086 Siculorum

186 1112 457 1151 innocentium
488 1112 678 1162 sanguine
708 1113 962 1158 redundasse,
985 1118 1141 1161 portum
1171 1113 1516 1161 Syracusanorum,
1539 1124 1573 1158 15

185 1177 252 1227 qui
284 1185 367 1215 tum
403 1184 441 1215 et
474 1176 616 1215 nostris
648 1176 839 1215 classibus
875 1183 913 1214 et
945 1175 1330 1226 Carthaginiensium
1362 1178 1517 1214 clausus

185 1241 333 1289 fuisset,
349 1254 439 1280 eum
458 1240 532 1279 isto
549 1249 726 1291 praetore
741 1240 910 1280 Cilicum
925 1240 1156 1291 myoparoni
1170 1240 1518 1291 praedonibusque

185 1306 381 1355 patuisse3
421 1305 536 1344 mitto
569 1305 787 1344 adhibitam
823 1304 902 1343 vim
936 1304 1132 1355 ingenuis,
1170 1313 1312 1344 matres
1351 1305 1516 1344 familias

183 1370 356 1417 violatas,
381 1383 483 1420 quae
503 1378 587 1408 tum
609 1370 648 1408 in
674 1370 771 1409 urbe
797 1377 913 1420 capta
939 1369 1151 1408 commissa
1171 1383 1252 1409 non
1274 1378 1364 1408 sunt
1386 1384 1515 1421 neque

183 1435 277 1473 odio
298 1434 430 1473 hostili
451 1448 581 1485 neque
601 1435 759 1474 licentia
785 1434 940 1473 militari
970 1448 1099 1484 neque
1129 1448 1238 1473 more
1262 1434 1354 1473 belli
1384 1448 1514 1485 neque
1534 1451 1550 1473 2

182 1499 264 1537 iure
285 1499 470 1538 victoriae
487 1515 497 1547 3
527 1500 652 1546 mitto,
675 1499 848 1549 inquam,
872 1500 970 1538 haec
991 1498 1135 1546 omnia,
1159 1512 1260 1549 quae
1280 1499 1331 1537 ab
1352 1499 1427 1538 isto
1447 1513 1515 1550 per

183 1564 393 1603 triennium
415 1565 587 1614 perfecta
607 1572 722 1611 sunt,
752 1577 798 1603 ea
824 1577 926 1614 quae
956 1563 1168 1602 coniuncta
1192 1577 1283 1602 cum
1304 1564 1377 1603 illis
1399 1566 1515 1604 rebus
1570 1549 1574 1560 Ι

183 1636 272 1666 sunt
293 1630 343 1667 de
364 1628 508 1678 quibus
528 1636 644 1667 antea
664 1628 743 1667 dixi
765 1628 1002 1679 cognoscite.

235 1693 385 1731 Vrbem
425 1691 633 1742 'Syracusas
668 1692 879 1731 maximam
919 1706 1004 1731 esse
1044 1693 1296 1742 Graecarum,
1336 1696 1512 1744 pulcher-

180 1757 318 1795 rimam
350 1757 527 1795 omnium
550 1771 667 1808 saepe
687 1757 864 1796 audistis.
924 1759 1005 1804 Est,
1030 1756 1190 1805 iudices,
1214 1758 1267 1796 ita
1293 1766 1335 1796 ut
1356 1758 1510 1797 dicitur.
1531 1773 1563 1804 2„
1592 1782 1596 1812 ,²

181 1823 286 1859 Nam
317 1829 355 1860 et
384 1822 460 1860 situ
490 1830 548 1860 est
578 1836 668 1861 cum
700 1822 854 1861 munito
884 1830 967 1861 tum
998 1835 1045 1861 ex
1071 1823 1180 1861 omni
1200 1823 1311 1862 aditu
1331 1826 1391 1862 vel
1413 1832 1512 1863 terra

180 1888 239 1924 vel
270 1886 366 1925 mari
396 1888 596 1936 praeclaro
624 1888 675 1926 ad
700 1895 915 1937 aspectum,
939 1894 977 1926 et
1007 1895 1141 1936 portus
1169 1889 1289 1927 habet
1319 1901 1442 1938 prope
1471 1889 1511 1926 in

178 1950 453 1989 aedificatione
480 1953 745 2002 amplexuque
771 1951 877 1990 urbis
902 1951 1075 1990 inclusos
1090 1966 1100 2000 3
1131 1952 1197 2002 qui
1225 1967 1315 1991 cum
1337 1953 1510 1992 diversos

179 2015 278 2053 inter
299 2029 339 2054 se
359 2015 489 2054 aditus
519 2017 701 2063 habeant,
725 2016 765 2054 in
794 2016 898 2055 exitu
920 2015 1214 2066 coniunguntur
1233 2024 1271 2056 et
1292 2018 1508 2056 confluunt.

180 2081 328 2117 Eorum
361 2080 643 2119 coniunctione
674 2093 763 2130 pars
798 2080 935 2131 oppidi
969 2094 1071 2130 quae
1102 2083 1321 2132 appellatur
1361 2083 1505 2130 Insula,
1528 2077 1600 2131 3213]

225 2191 262 2211 12
289 2181 321 2211 in
340 2192 403 2212 om.
418 2182 461 2221 pb
584 2193 621 2221 14
647 2191 767 2222 purum
786 2193 805 2213 a
821 2182 925 2213 caede
948 2181 1138 2213 Turnebus:
1166 2193 1285 2223 purum
1302 2185 1408 2215 caede
1424 2184 1506 2215 RS:
1559 2181 1563 2201 ”

179 2223 321 2262 plurima
341 2226 446 2255 caede
458 2225 526 2264 qu
541 2237 547 2254 :
572 2235 591 2255 a
608 2224 749 2265 plurima
767 2226 872 2256 caede
889 2227 905 2255 δ
993 2231 1085 2257 esset
1101 2226 1193 2258 Bake
1326 2238 1365 2267 19
1389 2227 1423 2257 in
1441 2237 1505 2258 om.
1558 2234 1560 2238 ·
1598 2250 1600 2256 .

173 2268 216 2340 sn&
230 2309 333 2340 Ebffll
348 2269 637 2341 advzgilplexuque
665 2268 821 2301 Classen:
854 2273 1064 2309 aspectuque
1088 2269 1178 2302 codd.
1314 2280 1358 2310 3ο
1383 2270 1509 2302 Eorum
1557 2283 1560 2301 z
1596 2279 1600 2296 ³

1558 2209 1562 2230 l

1557 2243 1561 2278 l

1556 2306 1560 2331 l

1555 2342 1559 2394 l

1554 2396 1558 2442 l

1553 2448 1558 2477 l

1551 2523 1556 2579 ἶ
