1600 2704
79 85 349 123 ACTIONIS
379 86 441 123 IN
471 86 516 124 C.
538 86 781 124 VERREM
811 88 1111 126 SECVNDAE
1142 91 1245 127 LIB.
1270 91 1312 127 II
1351 91 1408 127 68
1429 78 1490 136 164

78 196 296 246 posuisset:
326 198 444 237 velim
469 211 655 248 quaerere
681 211 788 237 nunc
817 212 863 237 ex
888 199 975 249 ipso
1006 201 1182 247 Metello,
1215 202 1404 251 quidnam

77 273 147 299 sua
184 260 221 298 vi
260 269 299 300 et
337 263 568 302 auctoritate
612 262 704 301 mihi
745 276 791 301 ex
833 265 908 302 hac
946 264 1123 302 oratione
1161 265 1401 315 praeciderit.

78 326 230 364 Eadem
258 326 399 377 opinor
422 327 555 367 omnia
582 327 803 366 convenire.
864 329 1007 378 Neque
1037 329 1153 375 enirn,
1177 329 1210 367 si
1239 330 1406 369 maxime

74 397 226 430 statuae
246 392 423 431 deiectae
446 400 577 431 essent
597 406 670 443 ego
690 406 756 431 eas
776 393 888 432 vobis
910 407 1067 443 possem
1092 394 1255 433 iacentis
1280 403 1406 433 osten-

36 468 52 498 5
73 456 211 503 dere3'
234 458 312 496 hoc
349 471 431 495 uno
472 465 609 505 uterer,
650 457 848 496 civitatem
892 466 972 497 tam
1011 472 1168 509 gravem
1212 459 1406 499 iudicasse

73 529 220 560 statuas
251 523 298 562 C.
328 522 461 562 Verris
494 523 778 562 demoliendas.
841 525 934 562 Hoc
967 524 1064 562 mihi
1100 526 1287 563 Metellus
1323 539 1404 564 non

72 586 239 636 eripuit;
268 587 366 626 haec
395 587 513 626 etiarn
537 587 702 634 addidit,
732 596 775 626 ut
802 601 994 638 quererer,
1019 589 1049 626 si
1078 589 1174 627 mihi
1195 589 1401 636 videretur,

71 658 150 688 tam
186 650 324 702 iniquo
355 652 437 691 iure
466 652 581 691 sociis
610 660 729 702 atque
760 653 896 691 amicis
927 653 1108 704 imperari
1139 662 1180 692 ut
1209 654 1255 693 iis
1284 669 1334 694 ne
1363 655 1402 694 in

69 716 149 754 suis
197 716 360 766 quidem
409 717 611 756 beneficiis
664 718 788 756 libero
835 718 982 757 iudicio
1031 719 1085 757 uti
1139 719 1282 765 liceret,
1333 734 1402 759 vos

12 796 49 818 10
68 794 244 831 rogarem
275 789 317 820 ut
346 782 613 821 coniecturam
649 782 827 821 faceretis
858 784 1016 832 qualem
1047 783 1086 821 in
1119 784 1179 822 his
1213 785 1330 823 rebus
1362 785 1400 823 in

68 859 131 884 me
156 848 199 884 L.
231 848 440 886 Metellum
465 846 583 885 fuisse
608 846 805 897 putaretis,
829 847 868 885 in
897 848 1041 897 quibus
1073 846 1228 902 [rebus]
1259 850 1400 888 obesse

68 909 164 948 mihi
193 918 338 961 posset,
370 924 462 949 cum
492 911 531 949 in
563 912 637 949 hac
672 925 711 950 re
743 919 824 950 tarn
857 920 991 961 aperta
1020 912 1237 963 cupiditate
1272 914 1396 960 fuerit,

66 975 106 1012 in
137 988 217 1025 qua
250 975 349 1014 nihil
378 975 514 1014 obfuit.
575 977 654 1014 Sed
684 989 758 1026 ego
788 978 953 1015 Metello
983 990 1064 1015 non
1095 977 1240 1016 irascor
1269 992 1398 1029 neque

65 1039 100 1077 ei
141 1053 252 1078 suam
290 1040 538 1079 vacationem
574 1040 708 1090 eripio,
744 1054 822 1090 qua
861 1041 924 1078 ille
963 1042 1069 1090 apud
1102 1042 1233 1080 omnis
1265 1043 1394 1087 utitur,

7 1118 43 1151 15
65 1111 107 1142 ut
128 1104 225 1142 nihil
246 1104 438 1143 malitiose
459 1117 589 1154 neque
609 1106 792 1143 consulto
811 1105 950 1144 fecisse
971 1106 1158 1144 videatur.
1415 1139 1443 1176 6

120 1170 205 1207 Iam
226 1169 341 1220 igitur
355 1177 413 1208 est
433 1169 487 1208 ita
506 1170 757 1220 perspicuum
778 1178 819 1208 ut
836 1184 978 1220 negare
998 1184 1078 1210 non
1100 1172 1226 1222 possis
1247 1175 1394 1211 nullam
1419 1200 1478 1239 155

63 1234 133 1272 tibi
163 1242 331 1273 statuam
360 1236 561 1274 voluntate
585 1235 818 1285 cuiusquam
840 1237 985 1283 datam,
1014 1238 1162 1275 nullam
1184 1238 1393 1288 pecuniam

61 1306 277 1338 statuarum
315 1299 478 1338 nomine
515 1299 589 1339 nisi
629 1300 665 1339 vi
705 1314 926 1351 expressam
971 1311 1010 1340 et
1050 1311 1239 1342 coactam.
1301 1305 1394 1353 Quo

61 1364 223 1413 quidem
253 1364 294 1402 in
328 1364 491 1403 crimine
523 1378 602 1403 non
639 1364 736 1404 illud
769 1367 897 1404 solum
931 1367 1101 1417 intellegi
1135 1370 1236 1414 volo,
1273 1377 1310 1407 te
1341 1370 1392 1407 ad

2 1442 42 1466 20
59 1436 206 1467 statuas
236 1430 308 1468 HS
333 1429 481 1468 viciens
510 1430 696 1480 coegisse,
727 1432 797 1469 sed
827 1433 953 1469 multo
982 1432 1098 1470 etiam
1130 1432 1226 1471 illud
1257 1434 1389 1484 magis,

58 1495 168 1544 quod
215 1494 332 1532 simul
379 1495 692 1533 demonstratum
741 1503 799 1534 est
847 1504 1039 1546 quantum
1088 1497 1224 1536 odium
1272 1498 1312 1536 in
1354 1506 1391 1537 te

56 1566 265 1605 aratorum,
299 1566 491 1609 quantum
524 1559 703 1597 omnium
742 1560 963 1599 Siculorum
1004 1561 1052 1599 sit
1083 1570 1122 1601 et
1156 1563 1279 1601 fuerit.
1342 1565 1387 1602 In

56 1636 137 1672 quo
163 1636 266 1674 quae
285 1631 413 1662 vestra
439 1624 618 1663 defensio
644 1625 772 1663 futura
792 1625 840 1663 sit
867 1626 1094 1665 coniectura
1114 1627 1279 1677 adsequi
1307 1642 1387 1666 non

56 1701 171 1737 queo.
230 1690 240 1707 ‘
255 1688 438 1727 Oderunt
458 1688 601 1737 Sicu1i3
631 1697 852 1739 togatorum
876 1691 981 1729 enim
1003 1705 1121 1730 causa
1141 1694 1265 1730 multa
1289 1693 1388 1732 feci.'
1412 1698 1470 1730 166

0 1771 36 1802 ²5
57 1755 109 1791 At
130 1753 170 1791 hi
191 1753 353 1803 quidem
373 1753 550 1792 acerrimi
571 1754 717 1792 inimici
740 1763 840 1793 sunt.
904 1759 912 1775 ‘
928 1756 1117 1796 Inimicos
1141 1758 1271 1796 habeo
1292 1758 1385 1796 civis,

57 1819 272 1864 Romanos,
301 1821 410 1868 quod
440 1818 635 1857 sociorum
666 1822 879 1859 commoda
904 1834 951 1859 ac
981 1821 1063 1860 iura
1090 1822 1276 1860 defendi.’
1333 1825 1385 1861 At

53 1881 149 1920 socii
182 1881 222 1919 in
261 1882 433 1921 hostium
466 1896 630 1922 numero
669 1897 754 1923 sese
791 1885 862 1922 abs
897 1892 934 1923 te
966 1886 1122 1924 habitos
1157 1894 1382 1936 queruntur.

97 1996 115 2023 4
142 1994 204 2024 ego
221 1995 278 2015 eas
297 1983 356 2015 CO
372 1997 378 2016 :
403 1994 462 2016 eas
481 1996 546 2024 ego
559 1992 584 2026 p
599 1987 689 2027 vulg.
803 1998 822 2027 5
847 1988 1014 2020 iudicasse
1032 1993 1160 2020 statuas
1179 1989 1281 2030 COp:
1306 1994 1381 2021 stat.

53 2029 119 2059 iud.
139 2028 157 2057 b
172 2027 243 2059 edd.
469 2039 486 2067 7
512 2030 574 2060 hoc
596 2029 645 2060 Ob
865 2042 886 2070 9
910 2042 972 2063 vos
991 2042 1145 2071 rogarem
1165 2032 1224 2064 CO
1241 2045 1248 2064 :
1272 2038 1308 2064 ut
1326 2044 1385 2065 vos

54 2081 124 2110 rog.
139 2077 164 2111 p
182 2072 246 2103 rell.
385 2082 425 2103 10
449 2072 502 2103 his
519 2072 608 2104 codd.
629 2084 635 2102 ς
665 2073 707 2104 iis
723 2073 793 2105 edd.
808 2079 883 2115 post
900 2076 1077 2106 Gruterum
1222 2087 1258 2106 11
1284 2077 1384 2109 rebus

51 2125 118 2145 om.
140 2115 200 2146 CO
217 2126 224 2145 :
247 2126 303 2156 ego
318 2115 436 2146 seclusi
568 2126 606 2154 14
630 2118 837 2148 vacationem
857 2117 936 2148 CO:
961 2124 1069 2158 vagat.
1084 2124 1131 2160 pq
1147 2119 1211 2151 rell.
1229 2131 1236 2150 ε
1260 2129 1382 2160 purga-

53 2159 176 2188 tionem
194 2158 306 2199 Naug.
326 2158 414 2190 Iord.
514 2169 557 2190 20
581 2160 643 2191 HS
661 2160 804 2202 viciens]
825 2165 860 2190 ut
877 2164 893 2198 ξ
914 2172 970 2200 141
989 2168 1112 2202 snpra:
1140 2162 1202 2195 HS
1221 2174 1250 2194 00
1278 2174 1307 2194 00
1337 2165 1383 2195 C:

53 2201 114 2232 HS
133 2211 220 2232 cxx·
239 2202 330 2232 milia
344 2207 367 2242 p
499 2213 538 2233 21
566 2203 831 2235 demonstratum
850 2204 931 2236 CO:
962 2206 1101 2237 —andum
1114 2212 1139 2248 p
1157 2207 1224 2238 rell.
1332 2213 1382 2238 est

50 2250 214 2283 quantum
231 2256 297 2275 om.
317 2245 388 2276 C0¹
493 2246 525 2276 in
544 2252 577 2277 te
596 2246 676 2278 CO:
701 2258 766 2279 om.
781 2248 824 2287 pb
840 2249 929 2289 vulg.
1074 2260 1116 2290 25
1140 2250 1187 2282 At
1204 2251 1237 2281 hi
1252 2256 1275 2292 p
1290 2251 1358 2282 cdd.
1376 2264 1382 2281 :

51 2288 96 2318 At
113 2288 158 2318 hii
176 2287 201 2319 C
220 2300 227 2320 :
250 2289 306 2319 Ali
328 2288 358 2318 V
488 2290 613 2321 inimici
633 2290 717 2322 CO:
742 2292 1030 2332 inimicissimique
1044 2299 1067 2333 p
1084 2294 1149 2325 rell.
1340 2305 1379 2333 27

53 2341 191 2363 numero
209 2341 285 2363 sese
304 2333 357 2373 (se
374 2332 407 2373 b)
426 2333 483 2363 abs
503 2333 581 2364 COb
600 2346 605 2364 ς
629 2345 790 2366 numeros
808 2345 846 2366 se
863 2336 921 2366 abs
943 2335 989 2366 V:
1016 2347 1154 2368 numero
1164 2338 1205 2377 s)
1225 2338 1283 2369 abs
1301 2339 1344 2368 vrk
