1600 2704
101 137 117 164 1
142 143 156 164 2
501 127 557 164 M.
590 127 759 164 TVLLI
792 126 1100 166 CICERONIS

139 244 362 275 vexatorem
377 235 494 274 Asiae
515 243 633 286 atque
655 235 920 285 Pamphyliae,
940 235 1181 284 praedonem
1203 233 1294 273 iuris
1315 234 1465 282 urbani,

101 315 118 345 3
139 302 268 340 labem
296 309 414 351 atque
442 300 656 350 perniciem
684 299 908 350 provinciae
937 299 1102 338 Siciliae.
1164 301 1225 338 De
1246 313 1326 350 quo
1347 300 1378 338 si
1399 313 1469 338 vos

138 379 270 404 severe
315 379 360 403 ac
406 364 585 415 religiose
630 363 903 410 iudicaveritis,
945 363 1155 402 auctoritas
1197 377 1244 402 ea
1283 377 1384 414 quae
1429 365 1469 403 in

137 432 250 470 vobis
277 445 477 470 remanere
505 431 625 469 debet
653 430 828 469 haerebit
843 443 851 476 ;
882 431 941 468 sin
969 429 1078 468 istius
1106 430 1284 479 ingentes
1312 430 1470 469 divitiae

138 496 373 535 iudiciorum
409 495 637 545 religionem
667 495 951 544 veritatemque
986 495 1250 544 perfregerint,
1286 508 1359 545 ego
1394 497 1470 534 hoc
1491 509 1508 540 5

139 569 271 600 tamen
293 562 500 610 adsequar,
521 568 563 598 ut
591 559 780 598 iudicium
808 559 938 610 potius
969 559 1021 598 rei
1052 559 1234 609 publicae
1255 572 1373 610 quam
1404 568 1471 598 aut

138 639 225 664 reus
248 625 445 664 iudicibus
465 632 532 663 aut
554 632 758 663 accusator
780 638 846 663 reo
867 624 1038 663 defuisse
1058 623 1246 663 videatur.

94 697 118 724 2
194 690 391 739 Equidem
423 697 465 727 ut
492 691 542 728 de
574 703 636 727 me
665 690 864 736 confitear,
892 689 1052 735 iudiceS,
1076 703 1167 728 cum
1200 690 1345 728 multae
1376 688 1473 727 mihi

138 768 161 793 a
185 755 229 794 C.
253 756 374 792 Verre
404 753 569 792 insidiae
599 761 699 792 terra
728 753 905 803 marique
936 755 1063 792 factae
1093 754 1180 800 sint,
1204 767 1301 804 quas
1331 754 1471 803 partim

139 831 227 857 mea
247 817 450 868 diligentia
474 817 690 864 devitarim,
708 817 847 867 partim
869 818 1086 856 amicorum
1108 818 1240 857 studio
1262 819 1473 868 officioque
1496 834 1535 856 10

139 883 387 933 reppulerim,
411 896 630 933 numquam
652 889 785 920 tamen
806 895 936 932 neque
961 890 1113 921 tantum
1138 883 1355 932 periculum
1378 883 1474 921 mihi

140 949 248 988 adire
279 948 385 987 visus
421 962 508 987 sum
543 961 673 998 neque
708 955 818 986 tanto
850 961 969 997 opere
1000 947 1183 997 pertimui
1218 956 1260 986 ut
1294 962 1400 986 nunc
1435 948 1474 986 in

101 1027 122 1057 4
141 1014 228 1064 ipso
259 1013 417 1052 iudicio.
480 1014 623 1062 Neque
656 1020 809 1050 tantum
844 1026 908 1050 me
941 1012 1182 1062 exspectatio
1212 1013 1476 1052 accusationis

142 1092 255 1117 meae
283 1091 579 1127 concursusque
609 1084 741 1116 tantae
771 1077 1045 1124 multitudinis,
1077 1077 1222 1127 quibus
1254 1090 1327 1127 ego
1359 1078 1476 1117 rebus

141 1142 490 1182 vehementissime
525 1142 742 1192 perturbor,
782 1150 1007 1181 commovet
1042 1150 1234 1192 quantum
1274 1142 1384 1181 istius
1423 1143 1477 1181 in·
1499 1157 1534 1190 15

142 1208 266 1247 sidiae
287 1207 468 1254 nefariae,
486 1221 584 1257 quas
606 1221 686 1246 uno
708 1215 884 1257 tempore
903 1207 1009 1253 mihi,
1029 1207 1153 1254 vobis,
1174 1209 1240 1245 Μ’.
1259 1207 1475 1254 Glabrioni,

142 1275 292 1324 populo
324 1275 520 1318 Romano,
553 1272 681 1319 sociis,
714 1272 853 1310 exteris
883 1272 1124 1320 nationibus,
1153 1272 1292 1319 ordini,
1326 1272 1478 1311 nomini

143 1339 316 1388 denique
346 1337 544 1376 senatorio
573 1339 701 1376 facere
731 1346 921 1385 conatur,
955 1338 1022 1387 qui
1053 1338 1105 1376 ita
1132 1338 1296 1385 dictitat,
1319 1338 1365 1376 iis
1393 1351 1478 1376 esse

144 1403 402 1441 metuendum
432 1402 499 1452 qui
530 1403 639 1451 quod
671 1402 763 1452 ipsis
798 1402 891 1440 solis
926 1402 1017 1440 satis
1052 1410 1154 1441 esset
1188 1402 1474 1452 surripuissent‚

143 1481 184 1506 se
205 1475 357 1506 tantum
379 1467 567 1517 eripuisse
588 1474 629 1506 ut
651 1467 690 1505 id
713 1467 844 1505 multis
867 1467 959 1506 satis
980 1480 1065 1506 esse
1091 1467 1238 1517 possit;
1274 1467 1371 1505 nihil
1392 1480 1477 1506 esse
1498 1479 1538 1501 20

143 1540 224 1571 tam
242 1540 422 1570 sanctum
438 1533 547 1582 quod
569 1546 649 1570 non
667 1532 814 1579 violari,
833 1532 929 1570 nihil
951 1540 1030 1571 tam
1053 1532 1249 1570 munitum
1267 1533 1376 1582 quod
1396 1545 1478 1571 non

107 1597 357 1647 5expugnari
397 1597 566 1647 pecunia
606 1597 738 1648 possit.
811 1597 967 1647 Quodsi
1006 1611 1125 1647 quam
1164 1598 1294 1636 audax
1332 1604 1391 1635 est
1428 1598 1479 1636 ad

145 1663 372 1701 conandum
409 1670 488 1700 tam
524 1670 626 1700 esset
661 1663 852 1701 obscurus
883 1662 922 1700 in
956 1663 1122 1712 agendo,
1156 1663 1318 1701 fortasse
1347 1663 1480 1712 aliqua

145 1727 184 1764 in
224 1740 263 1765 re
303 1740 374 1764 nos
414 1727 630 1777 aliquando
669 1727 894 1774 fefellisset,
936 1740 1070 1765 verum
1110 1728 1187 1765 hoc
1225 1727 1357 1765 adhuc
1396 1740 1479 1776 per-
1598 1765 1600 1778 1

146 1793 358 1830 commode
387 1791 503 1838 cadit,
530 1792 639 1840 quod
669 1805 759 1830 cum
791 1791 1010 1830 incredibili
1041 1791 1124 1830 eius
1155 1791 1321 1830 audacia
1351 1793 1479 1842 singu·
1499 1808 1538 1840 25
1595 1783 1600 1856 l

145 1856 232 1895 laris
261 1856 423 1894 stultitia
444 1856 657 1895 coniuncta
678 1864 761 1904 est3
791 1870 882 1895 nam
911 1864 952 1895 ut
978 1841 1135 1907 aperius
1158 1856 1197 1894 in
1222 1856 1479 1907 corripiendis
1594 1858 1600 1915 s

145 1921 322 1972 pecuniis
353 1921 435 1967 fuit,
459 1921 514 1959 sic
545 1921 583 1958 in
614 1934 683 1971 spe
713 1921 993 1971 corrumpendi
1024 1920 1144 1959 iudici
1175 1920 1380 1971 perspicua
1410 1934 1480 1959 sua
1593 1918 1598 1929 ⁴

145 1987 309 2025 consilia
344 1994 590 2036 conatusque
625 1986 810 2025 omnibus
842 1985 943 2024 fecit.
1004 1986 1134 2024 Semel
1170 1985 1223 2023 ait
1257 1998 1299 2024 se
1330 1985 1370 2023 in
1401 1985 1480 2023 vita

146 2052 548 2101 pertimuisse,—tun·1
570 2064 660 2089 cum
682 2051 852 2101 primum
873 2064 895 2088 a
916 2064 980 2089 me
1000 2063 1087 2089 reus
1109 2051 1234 2089 factus
1254 2050 1326 2098 sit3
1356 2051 1475 2100 quod,

146 2129 237 2154 curn
267 2130 288 2154 e
323 2115 524 2165 provincia
559 2129 694 2154 recens
726 2124 838 2162 esset,
872 2115 1098 2164 invidiaque
1133 2123 1170 2153 et
1205 2114 1366 2153 infamia
1396 2127 1478 2153 non
1498 2129 1540 2160 30

193 2230 206 2250 1
234 2220 315 2250 iuris
332 2220 448 2250 urbani
468 2220 518 2251 πΙ),
532 2219 610 2250 Asc.
629 2231 636 2249 τ
661 2219 742 2250 iuris
755 2219 820 2249 ΒΨ
838 2230 845 2249 ;
870 2217 962 2249 urbis
981 2217 1029 2249 W.
1042 2217 1135 2248 Paul
1157 2217 1212 2256 (cf.
1229 2217 1300 2248 Act.
1315 2216 1373 2249 Pr.
1389 2219 1404 2254 ξ
1420 2218 1475 2258 3ο)
1501 2218 1503 2220 ’

145 2263 205 2293 An
224 2263 322 2293 huius
340 2264 455 2294 urbis?
483 2262 529 2294 Cl.
551 2263 628 2294 Rev.
647 2264 724 2294 xvii.
740 2273 804 2293 200
987 2272 1007 2300 3
1033 2266 1135 2301 atque
1154 2260 1248 2298 G2K5
1440 2271 1476 2300 17

146 2306 271 2346 populo
290 2317 314 2336 Γ.
335 2306 414 2336 πΚ;
441 2317 472 2345 p.
488 2316 512 2336 r.
534 2306 622 2337 Dal.
641 2318 647 2337 :
663 2306 810 2345 praetori
828 2306 844 2334 δ
874 2305 963 2336 Fors.
984 2304 1156 2335 Glabrioni
1177 2305 1338 2344 praetori,
1351 2304 1476 2344 populo

148 2350 326 2380 Romano:
353 2349 398 2380 Cl.
427 2349 508 2380 Rev.
537 2350 560 2379 l.
588 2361 614 2380 c.
800 2360 843 2380 20
867 2349 1020 2388 rapuisse
1047 2348 1083 2378 ὂδ
1226 2348 1331 2388 possit
1358 2347 1476 2379 codd.:

147 2399 262 2432 posset
279 2394 358 2423 coni.
378 2393 488 2423 Muell.
504 2392 595 2431 (Dsv.
617 2396 631 2430 5
650 2394 705 2432 55ss
818 2402 861 2432 29
885 2393 1012 2432 primus
1023 2392 1066 2432 p&
1082 2403 1089 2422 :
1112 2390 1219 2431 prImo
1237 2392 1265 2422 L
1283 2403 1289 2422 :
1313 2402 1379 2423 om.
1397 2390 1475 2421 Asc.

148 2447 226 2468 reus
243 2448 260 2468 a
278 2447 330 2467 me
347 2437 365 2467 b
380 2435 487 2466 Sclzol.
511 2436 651 2467 Gronov.
