<?xml version="1.0" encoding="UTF-8"?>
<!DOCTYPE html PUBLIC "-//W3C//DTD XHTML 1.0 Transitional//EN"
    "http://www.w3.org/TR/xhtml1/DTD/xhtml1-transitional.dtd">
<html xmlns="http://www.w3.org/1999/xhtml" xml:lang="en" lang="en">
 <head>
  <title>
</title>
<meta http-equiv="Content-Type" content="text/html;charset=utf-8" />
  <meta name='ocr-system' content='tesseract 3.04.00' />
  <meta name='ocr-capabilities' content='ocr_page ocr_carea ocr_par ocr_line ocrx_word'/>
</head>
<body>
  <div class='ocr_page' id='page_1' title='image "./orationesrecogno02ciceuoft/orationesrecogno02ciceuoft_0379.png"; bbox 0 0 1600 2704; ppageno 0'>
   <div class='ocr_carea' id='block_1_1' title="bbox 1384 53 1481 79">
    <p class='ocr_par' dir='ltr' id='par_1_1' title="bbox 1384 53 1481 79">
     <span class='ocr_line' id='line_1_1' title="bbox 1384 53 1481 67; baseline 0 0"><span class='ocrx_word' id='word_1_1' title='bbox 1384 62 1394 67; x_wconf 64' lang='grc'><strong><em>,</em></strong></span> <span class='ocrx_word' id='word_1_2' title='bbox 1463 53 1481 62; x_wconf 70' lang='grc' dir='ltr'><em>Γ</em></span> 
     </span>
     <span class='ocr_line' id='line_1_2' title="bbox 1388 65 1479 79; baseline -0.022 -7"><span class='ocrx_word' id='word_1_3' title='bbox 1388 65 1479 79; x_wconf 58' lang='grc'>&gt;--«,</span> 
     </span>
    </p>
   </div>
   <div class='ocr_carea' id='block_1_2' title="bbox 57 84 1448 153">
    <p class='ocr_par' dir='ltr' id='par_1_2' title="bbox 57 84 1448 153">
     <span class='ocr_line' id='line_1_3' title="bbox 57 84 1448 153; baseline 0.002 -12"><span class='ocrx_word' id='word_1_4' title='bbox 57 102 325 143; x_wconf 88' lang='lat' dir='ltr'>ACTIONIS</span> <span class='ocrx_word' id='word_1_5' title='bbox 346 104 407 142; x_wconf 95' lang='lat' dir='ltr'>IN</span> <span class='ocrx_word' id='word_1_6' title='bbox 429 103 474 142; x_wconf 89' lang='lat' dir='ltr'>C.</span> <span class='ocrx_word' id='word_1_7' title='bbox 497 104 739 141; x_wconf 86' lang='lat' dir='ltr'><strong>VERREM</strong></span> <span class='ocrx_word' id='word_1_8' title='bbox 762 104 1060 153; x_wconf 87' lang='lat' dir='ltr'><strong>SECVNDAE</strong></span> <span class='ocrx_word' id='word_1_9' title='bbox 1083 107 1187 144; x_wconf 87' lang='lat' dir='ltr'>LIB.</span> <span class='ocrx_word' id='word_1_10' title='bbox 1212 108 1270 144; x_wconf 94' lang='lat' dir='ltr'>IV</span> <span class='ocrx_word' id='word_1_11' title='bbox 1342 116 1384 144; x_wconf 87' lang='lat'>12</span> <span class='ocrx_word' id='word_1_12' title='bbox 1407 84 1448 153; x_wconf 16' lang='lat' dir='ltr'>2v7</span> 
     </span>
    </p>
   </div>
   <div class='ocr_carea' id='block_1_3' title="bbox 0 210 1388 2143">
    <p class='ocr_par' dir='ltr' id='par_1_3' title="bbox 0 210 1388 2143">
     <span class='ocr_line' id='line_1_4' title="bbox 56 210 1386 264; baseline 0.004 -15"><span class='ocrx_word' id='word_1_13' title='bbox 56 211 176 262; x_wconf 87' lang='lat' dir='ltr'>fugit:</span> <span class='ocrx_word' id='word_1_14' title='bbox 205 210 336 249; x_wconf 90' lang='lat' dir='ltr'>minus</span> <span class='ocrx_word' id='word_1_15' title='bbox 367 212 515 249; x_wconf 91' lang='lat' dir='ltr'>clarum</span> <span class='ocrx_word' id='word_1_16' title='bbox 548 210 698 261; x_wconf 85' lang='lat' dir='ltr'>putavit</span> <span class='ocrx_word' id='word_1_17' title='bbox 730 211 812 249; x_wconf 91' lang='lat' dir='ltr'>fore</span> <span class='ocrx_word' id='word_1_18' title='bbox 847 213 955 261; x_wconf 89' lang='lat' dir='ltr'>quod</span> <span class='ocrx_word' id='word_1_19' title='bbox 991 214 1041 251; x_wconf 91' lang='lat' dir='ltr'>de</span> <span class='ocrx_word' id='word_1_20' title='bbox 1069 213 1236 252; x_wconf 89' lang='lat' dir='ltr'>armario</span> <span class='ocrx_word' id='word_1_21' title='bbox 1267 227 1386 264; x_wconf 85' lang='lat' dir='ltr'>quam</span> 
     </span>
     <span class='ocr_line' id='line_1_5' title="bbox 53 274 1388 325; baseline 0.003 -12"><span class='ocrx_word' id='word_1_22' title='bbox 53 276 164 325; x_wconf 87' lang='lat' dir='ltr'>quod</span> <span class='ocrx_word' id='word_1_23' title='bbox 192 276 243 313; x_wconf 93' lang='lat' dir='ltr'>de</span> <span class='ocrx_word' id='word_1_24' title='bbox 272 274 438 313; x_wconf 89' lang='lat' dir='ltr'>sacrario</span> <span class='ocrx_word' id='word_1_25' title='bbox 467 282 570 313; x_wconf 90' lang='lat' dir='ltr'>esset</span> <span class='ocrx_word' id='word_1_26' title='bbox 599 275 785 313; x_wconf 87' lang='lat' dir='ltr'>ablatum.</span> <span class='ocrx_word' id='word_1_27' title='bbox 844 277 898 313; x_wconf 93' lang='lat' dir='ltr'>At</span> <span class='ocrx_word' id='word_1_28' title='bbox 927 288 1008 325; x_wconf 89' lang='lat' dir='ltr'>quo</span> <span class='ocrx_word' id='word_1_29' title='bbox 1041 278 1164 315; x_wconf 90' lang='lat' dir='ltr'>modo</span> <span class='ocrx_word' id='word_1_30' title='bbox 1197 278 1388 317; x_wconf 87' lang='lat' dir='ltr'>abstulit?</span> 
     </span>
     <span class='ocr_line' id='line_1_6' title="bbox 55 339 1383 390; baseline 0.002 -12"><span class='ocrx_word' id='word_1_31' title='bbox 55 341 149 378; x_wconf 91' lang='lat' dir='ltr'>Non</span> <span class='ocrx_word' id='word_1_32' title='bbox 164 352 326 390; x_wconf 87' lang='lat' dir='ltr'>possum</span> <span class='ocrx_word' id='word_1_33' title='bbox 347 339 477 378; x_wconf 82' lang='lat' dir='ltr'>dicere</span> <span class='ocrx_word' id='word_1_34' title='bbox 493 339 647 390; x_wconf 91' lang='lat' dir='ltr'>planius</span> <span class='ocrx_word' id='word_1_35' title='bbox 668 353 787 389; x_wconf 86' lang='lat' dir='ltr'>quam</span> <span class='ocrx_word' id='word_1_36' title='bbox 809 339 892 390; x_wconf 89' lang='lat' dir='ltr'>ipse</span> <span class='ocrx_word' id='word_1_37' title='bbox 907 342 1016 390; x_wconf 93' lang='lat' dir='ltr'>apud</span> <span class='ocrx_word' id='word_1_38' title='bbox 1036 354 1105 380; x_wconf 86' lang='lat' dir='ltr'>vos</span> <span class='ocrx_word' id='word_1_39' title='bbox 1126 341 1221 379; x_wconf 79' lang='lat' dir='ltr'>dixit</span> <span class='ocrx_word' id='word_1_40' title='bbox 1244 342 1383 381; x_wconf 84' lang='lat' dir='ltr'>Heius.</span> 
     </span>
     <span class='ocr_line' id='line_1_7' title="bbox 56 404 1387 456; baseline 0.002 -12"><span class='ocrx_word' id='word_1_41' title='bbox 56 405 159 444; x_wconf 91' lang='lat' dir='ltr'>Cum</span> <span class='ocrx_word' id='word_1_42' title='bbox 180 404 420 455; x_wconf 83' lang='lat' dir='ltr'><strong>quaesissem</strong></span> <span class='ocrx_word' id='word_1_43' title='bbox 442 418 538 443; x_wconf 90' lang='lat' dir='ltr'>num</span> <span class='ocrx_word' id='word_1_44' title='bbox 559 404 657 455; x_wconf 87' lang='lat' dir='ltr'>quid</span> <span class='ocrx_word' id='word_1_45' title='bbox 683 404 789 444; x_wconf 90' lang='lat' dir='ltr'>aliud</span> <span class='ocrx_word' id='word_1_46' title='bbox 817 406 867 444; x_wconf 90' lang='lat' dir='ltr'>de</span> <span class='ocrx_word' id='word_1_47' title='bbox 897 406 1012 444; x_wconf 88' lang='lat' dir='ltr'>bonis</span> <span class='ocrx_word' id='word_1_48' title='bbox 1039 405 1122 444; x_wconf 93' lang='lat' dir='ltr'>eius</span> <span class='ocrx_word' id='word_1_49' title='bbox 1146 407 1387 456; x_wconf 88' lang='lat' dir='ltr'>pervenisset</span> 
     </span>
     <span class='ocr_line' id='line_1_8' title="bbox 16 469 1387 520; baseline 0.002 -13"><span class='ocrx_word' id='word_1_50' title='bbox 16 483 36 515; x_wconf 87' lang='lat'><strong>5</strong></span> <span class='ocrx_word' id='word_1_51' title='bbox 54 471 105 508; x_wconf 92' lang='lat' dir='ltr'>ad</span> <span class='ocrx_word' id='word_1_52' title='bbox 132 471 307 517; x_wconf 84' lang='lat' dir='ltr'>Verrem,</span> <span class='ocrx_word' id='word_1_53' title='bbox 333 469 536 520; x_wconf 87' lang='lat' dir='ltr'>respondit</span> <span class='ocrx_word' id='word_1_54' title='bbox 566 469 684 508; x_wconf 90' lang='lat' dir='ltr'>istum</span> <span class='ocrx_word' id='word_1_55' title='bbox 706 471 758 508; x_wconf 90' lang='lat' dir='ltr'>ad</span> <span class='ocrx_word' id='word_1_56' title='bbox 788 483 829 508; x_wconf 92' lang='lat' dir='ltr'>se</span> <span class='ocrx_word' id='word_1_57' title='bbox 858 469 1011 509; x_wconf 83' lang='lat' dir='ltr'>misisse</span> <span class='ocrx_word' id='word_1_58' title='bbox 1040 478 1083 508; x_wconf 93' lang='lat' dir='ltr'>ut</span> <span class='ocrx_word' id='word_1_59' title='bbox 1112 471 1186 509; x_wconf 91' lang='lat' dir='ltr'>sibi</span> <span class='ocrx_word' id='word_1_60' title='bbox 1217 471 1387 511; x_wconf 89' lang='lat' dir='ltr'>mitteret</span> 
     </span>
     <span class='ocr_line' id='line_1_9' title="bbox 54 534 1383 586; baseline 0.002 -14"><span class='ocrx_word' id='word_1_61' title='bbox 54 534 311 585; x_wconf 84' lang='lat' dir='ltr'>Agrigentum</span> <span class='ocrx_word' id='word_1_62' title='bbox 328 534 642 585; x_wconf 81' lang='lat' dir='ltr'>peripetasmata.</span> <span class='ocrx_word' id='word_1_63' title='bbox 695 534 882 583; x_wconf 85' lang='lat' dir='ltr'>Quaesivi</span> <span class='ocrx_word' id='word_1_64' title='bbox 899 535 1140 584; x_wconf 74' lang='lat' dir='ltr'>misissetne,</span> <span class='ocrx_word' id='word_1_65' title='bbox 1169 536 1383 586; x_wconf 88' lang='lat' dir='ltr'>respondit,</span> 
     </span>
     <span class='ocr_line' id='line_1_10' title="bbox 53 599 1384 651; baseline 0.003 -14"><span class='ocrx_word' id='word_1_66' title='bbox 53 599 94 638; x_wconf 96' lang='lat' dir='ltr'>id</span> <span class='ocrx_word' id='word_1_67' title='bbox 125 600 234 649; x_wconf 90' lang='lat' dir='ltr'>quod</span> <span class='ocrx_word' id='word_1_68' title='bbox 265 613 427 639; x_wconf 89' lang='lat' dir='ltr'>necesse</span> <span class='ocrx_word' id='word_1_69' title='bbox 458 608 554 648; x_wconf 92' lang='lat' dir='ltr'>erat,</span> <span class='ocrx_word' id='word_1_70' title='bbox 580 613 620 639; x_wconf 91' lang='lat' dir='ltr'>se</span> <span class='ocrx_word' id='word_1_71' title='bbox 655 599 763 638; x_wconf 91' lang='lat' dir='ltr'>dicto</span> <span class='ocrx_word' id='word_1_72' title='bbox 794 600 1021 638; x_wconf 86' lang='lat' dir='ltr'>audientem</span> <span class='ocrx_word' id='word_1_73' title='bbox 1054 600 1173 639; x_wconf 91' lang='lat' dir='ltr'>fuisse</span> <span class='ocrx_word' id='word_1_74' title='bbox 1204 602 1384 651; x_wconf 89' lang='lat' dir='ltr'>praetori,</span> 
     </span>
     <span class='ocr_line' id='line_1_11' title="bbox 53 663 1386 717; baseline 0.004 -16"><span class='ocrx_word' id='word_1_75' title='bbox 53 663 214 702; x_wconf 89' lang='lat' dir='ltr'>misisse.</span> <span class='ocrx_word' id='word_1_76' title='bbox 275 665 427 715; x_wconf 85' lang='lat' dir='ltr'>Rogavi</span> <span class='ocrx_word' id='word_1_77' title='bbox 461 664 783 715; x_wconf 89' lang='lat' dir='ltr'>pervenissentne</span> <span class='ocrx_word' id='word_1_78' title='bbox 814 665 1098 715; x_wconf 69' lang='lat' dir='ltr'>Agrigentum,</span> <span class='ocrx_word' id='word_1_79' title='bbox 1127 666 1223 704; x_wconf 80' lang='lat' dir='ltr'>dixit</span> <span class='ocrx_word' id='word_1_80' title='bbox 1255 680 1386 717; x_wconf 83' lang='lat' dir='ltr'>perve-</span> 
     </span>
     <span class='ocr_line' id='line_1_12' title="bbox 52 728 1384 782; baseline 0.003 -16"><span class='ocrx_word' id='word_1_81' title='bbox 52 728 166 767; x_wconf 92' lang='lat' dir='ltr'>nisse.</span> <span class='ocrx_word' id='word_1_82' title='bbox 228 729 414 778; x_wconf 87' lang='lat' dir='ltr'>Quaesivi</span> <span class='ocrx_word' id='word_1_83' title='bbox 454 743 572 780; x_wconf 89' lang='lat' dir='ltr'>quem</span> <span class='ocrx_word' id='word_1_84' title='bbox 612 731 663 768; x_wconf 88' lang='lat' dir='ltr'>ad</span> <span class='ocrx_word' id='word_1_85' title='bbox 703 731 868 769; x_wconf 90' lang='lat' dir='ltr'>modum</span> <span class='ocrx_word' id='word_1_86' title='bbox 909 730 1157 769; x_wconf 88' lang='lat' dir='ltr'>revertissent</span> <span class='ocrx_word' id='word_1_87' title='bbox 1176 746 1185 778; x_wconf 62' lang='grc' dir='ltr'><em>ς</em></span> <span class='ocrx_word' id='word_1_88' title='bbox 1228 732 1384 782; x_wconf 82' lang='lat' dir='ltr'>negavit</span> 
     </span>
     <span class='ocr_line' id='line_1_13' title="bbox 0 794 1384 845; baseline 0.002 -13"><span class='ocrx_word' id='word_1_89' title='bbox 0 810 34 832; x_wconf 87' lang='grc' dir='ltr'>ιο</span> <span class='ocrx_word' id='word_1_90' title='bbox 51 795 182 833; x_wconf 90' lang='lat' dir='ltr'>adhuc</span> <span class='ocrx_word' id='word_1_91' title='bbox 216 794 428 833; x_wconf 88' lang='lat' dir='ltr'>revertisse.</span> <span class='ocrx_word' id='word_1_92' title='bbox 490 794 609 833; x_wconf 86' lang='lat' dir='ltr'>Risus</span> <span class='ocrx_word' id='word_1_93' title='bbox 641 795 777 845; x_wconf 90' lang='lat' dir='ltr'>populi</span> <span class='ocrx_word' id='word_1_94' title='bbox 811 803 929 845; x_wconf 88' lang='lat' dir='ltr'>atque</span> <span class='ocrx_word' id='word_1_95' title='bbox 962 795 1169 835; x_wconf 88' lang='lat' dir='ltr'>admiratio</span> <span class='ocrx_word' id='word_1_96' title='bbox 1204 797 1384 835; x_wconf 87' lang='lat' dir='ltr'>omnium</span> 
     </span>
     <span class='ocr_line' id='line_1_14' title="bbox 51 859 1383 900; baseline 0.002 -3"><span class='ocrx_word' id='word_1_97' title='bbox 51 867 223 897; x_wconf 90' lang='lat' dir='ltr'>vestrum</span> <span class='ocrx_word' id='word_1_98' title='bbox 244 860 346 898; x_wconf 88' lang='lat' dir='ltr'>facta</span> <span class='ocrx_word' id='word_1_99' title='bbox 366 867 434 899; x_wconf 92' lang='lat' dir='ltr'>est.</span> <span class='ocrx_word' id='word_1_100' title='bbox 496 859 576 899; x_wconf 91' lang='lat' dir='ltr'>Hic</span> <span class='ocrx_word' id='word_1_101' title='bbox 598 860 669 898; x_wconf 87' lang='lat' dir='ltr'>tibi</span> <span class='ocrx_word' id='word_1_102' title='bbox 690 860 729 898; x_wconf 92' lang='lat' dir='ltr'>in</span> <span class='ocrx_word' id='word_1_103' title='bbox 758 868 931 898; x_wconf 89' lang='lat' dir='ltr'>mentem</span> <span class='ocrx_word' id='word_1_104' title='bbox 956 873 1036 898; x_wconf 91' lang='lat' dir='ltr'>non</span> <span class='ocrx_word' id='word_1_105' title='bbox 1058 860 1165 899; x_wconf 91' lang='lat' dir='ltr'>venit</span> <span class='ocrx_word' id='word_1_106' title='bbox 1186 860 1320 900; x_wconf 89' lang='lat' dir='ltr'>iubere</span> <span class='ocrx_word' id='word_1_107' title='bbox 1341 869 1383 900; x_wconf 89' lang='lat' dir='ltr'>ut</span> 
     </span>
     <span class='ocr_line' id='line_1_15' title="bbox 51 924 1383 974; baseline 0.002 -12"><span class='ocrx_word' id='word_1_108' title='bbox 51 924 149 962; x_wconf 86' lang='lat' dir='ltr'>haec</span> <span class='ocrx_word' id='word_1_109' title='bbox 179 937 339 974; x_wconf 86' lang='lat' dir='ltr'>quoque</span> <span class='ocrx_word' id='word_1_110' title='bbox 369 925 526 963; x_wconf 89' lang='lat' dir='ltr'>referret</span> <span class='ocrx_word' id='word_1_111' title='bbox 557 924 626 963; x_wconf 85' lang='lat' dir='ltr'>Hs</span> <span class='ocrx_word' id='word_1_112' title='bbox 648 937 688 962; x_wconf 80' lang='lat' dir='ltr'>vi</span> <span class='ocrx_word' id='word_1_113' title='bbox 720 924 878 963; x_wconf 88' lang='lat' dir='ltr'>milibus</span> <span class='ocrx_word' id='word_1_114' title='bbox 906 936 934 962; x_wconf 89' lang='lat' dir='ltr'>D</span> <span class='ocrx_word' id='word_1_115' title='bbox 961 938 1002 963; x_wconf 94' lang='lat' dir='ltr'>se</span> <span class='ocrx_word' id='word_1_116' title='bbox 1033 925 1103 963; x_wconf 91' lang='lat' dir='ltr'>tibi</span> <span class='ocrx_word' id='word_1_117' title='bbox 1125 926 1383 965; x_wconf 86' lang='lat' dir='ltr'>vendidisse?</span> 
     </span>
     <span class='ocr_line' id='line_1_16' title="bbox 53 988 1380 1036; baseline 0.002 -10"><span class='ocrx_word' id='word_1_118' title='bbox 53 988 232 1028; x_wconf 88' lang='lat' dir='ltr'>Metuisti</span> <span class='ocrx_word' id='word_1_119' title='bbox 261 1003 312 1028; x_wconf 89' lang='lat' dir='ltr'>ne</span> <span class='ocrx_word' id='word_1_120' title='bbox 340 1002 406 1028; x_wconf 88' lang='lat' dir='ltr'>aes</span> <span class='ocrx_word' id='word_1_121' title='bbox 435 989 608 1028; x_wconf 92' lang='lat' dir='ltr'>alienum</span> <span class='ocrx_word' id='word_1_122' title='bbox 637 989 707 1027; x_wconf 84' lang='lat' dir='ltr'>tibi</span> <span class='ocrx_word' id='word_1_123' title='bbox 736 997 937 1036; x_wconf 86' lang='lat' dir='ltr'>cresceret,</span> <span class='ocrx_word' id='word_1_124' title='bbox 961 989 992 1027; x_wconf 92' lang='lat' dir='ltr'>si</span> <span class='ocrx_word' id='word_1_125' title='bbox 1021 990 1089 1028; x_wconf 91' lang='lat' dir='ltr'>HS</span> <span class='ocrx_word' id='word_1_126' title='bbox 1111 1002 1151 1028; x_wconf 79' lang='lat' dir='ltr'>vl</span> <span class='ocrx_word' id='word_1_127' title='bbox 1174 990 1332 1030; x_wconf 89' lang='lat' dir='ltr'>milibus</span> <span class='ocrx_word' id='word_1_128' title='bbox 1353 1003 1380 1029; x_wconf 91' lang='lat' dir='ltr'>D</span> 
     </span>
     <span class='ocr_line' id='line_1_17' title="bbox 50 1053 1382 1105; baseline 0.002 -14"><span class='ocrx_word' id='word_1_129' title='bbox 50 1053 121 1092; x_wconf 91' lang='lat' dir='ltr'>tibi</span> <span class='ocrx_word' id='word_1_130' title='bbox 142 1062 368 1093; x_wconf 87' lang='lat' dir='ltr'>constarent</span> <span class='ocrx_word' id='word_1_131' title='bbox 388 1067 434 1093; x_wconf 92' lang='lat' dir='ltr'>ea</span> <span class='ocrx_word' id='word_1_132' title='bbox 454 1067 555 1105; x_wconf 89' lang='lat' dir='ltr'>quae</span> <span class='ocrx_word' id='word_1_133' title='bbox 576 1062 617 1092; x_wconf 86' lang='lat' dir='ltr'>tu</span> <span class='ocrx_word' id='word_1_134' title='bbox 638 1054 751 1093; x_wconf 87' lang='lat' dir='ltr'>facile</span> <span class='ocrx_word' id='word_1_135' title='bbox 772 1067 908 1105; x_wconf 90' lang='lat' dir='ltr'>posses</span> <span class='ocrx_word' id='word_1_136' title='bbox 922 1055 1092 1093; x_wconf 89' lang='lat' dir='ltr'>vendere</span> <span class='ocrx_word' id='word_1_137' title='bbox 1110 1055 1182 1092; x_wconf 87' lang='lat' dir='ltr'>HS</span> <span class='ocrx_word' id='word_1_138' title='bbox 1200 1056 1382 1095; x_wconf 88' lang='lat' dir='ltr'>ducentis</span> 
     </span>
     <span class='ocr_line' id='line_1_18' title="bbox 0 1117 1383 1169; baseline 0.002 -13"><span class='ocrx_word' id='word_1_139' title='bbox 0 1132 31 1165; x_wconf 83' lang='lat'>¹5</span> <span class='ocrx_word' id='word_1_140' title='bbox 50 1117 239 1157; x_wconf 90' lang='lat' dir='ltr'>milibus?</span> <span class='ocrx_word' id='word_1_141' title='bbox 295 1118 385 1157; x_wconf 90' lang='lat' dir='ltr'>Fuit</span> <span class='ocrx_word' id='word_1_142' title='bbox 405 1118 514 1166; x_wconf 88' lang='lat' dir='ltr'>tanti,</span> <span class='ocrx_word' id='word_1_143' title='bbox 531 1119 626 1157; x_wconf 92' lang='lat' dir='ltr'>mihi</span> <span class='ocrx_word' id='word_1_144' title='bbox 644 1120 785 1167; x_wconf 79' lang='lat' dir='ltr'>crede3</span> <span class='ocrx_word' id='word_1_145' title='bbox 815 1119 980 1157; x_wconf 90' lang='lat' dir='ltr'>haberes</span> <span class='ocrx_word' id='word_1_146' title='bbox 998 1120 1106 1169; x_wconf 88' lang='lat' dir='ltr'>quod</span> <span class='ocrx_word' id='word_1_147' title='bbox 1121 1121 1354 1159; x_wconf 87' lang='lat' dir='ltr'>defenderes</span> <span class='ocrx_word' id='word_1_148' title='bbox 1373 1135 1383 1168; x_wconf 78' lang='lat'><em>3</em></span> 
     </span>
     <span class='ocr_line' id='line_1_19' title="bbox 49 1184 1381 1235; baseline 0.002 -14"><span class='ocrx_word' id='word_1_149' title='bbox 49 1197 169 1223; x_wconf 88' lang='lat' dir='ltr'>nemo</span> <span class='ocrx_word' id='word_1_150' title='bbox 200 1192 403 1234; x_wconf 87' lang='lat' dir='ltr'>quaereret</span> <span class='ocrx_word' id='word_1_151' title='bbox 437 1184 573 1234; x_wconf 87' lang='lat' dir='ltr'>quanti</span> <span class='ocrx_word' id='word_1_152' title='bbox 605 1184 670 1222; x_wconf 90' lang='lat' dir='ltr'>illa</span> <span class='ocrx_word' id='word_1_153' title='bbox 701 1197 761 1223; x_wconf 88' lang='lat' dir='ltr'>res</span> <span class='ocrx_word' id='word_1_154' title='bbox 795 1192 897 1223; x_wconf 90' lang='lat' dir='ltr'>esset</span> <span class='ocrx_word' id='word_1_155' title='bbox 915 1199 925 1233; x_wconf 80' lang='lat'>3</span> <span class='ocrx_word' id='word_1_156' title='bbox 954 1184 985 1223; x_wconf 93' lang='lat' dir='ltr'>si</span> <span class='ocrx_word' id='word_1_157' title='bbox 1021 1186 1143 1223; x_wconf 89' lang='lat' dir='ltr'>modo</span> <span class='ocrx_word' id='word_1_158' title='bbox 1176 1193 1214 1224; x_wconf 89' lang='lat' dir='ltr'>te</span> <span class='ocrx_word' id='word_1_159' title='bbox 1245 1199 1381 1235; x_wconf 89' lang='lat' dir='ltr'>posses</span> 
     </span>
     <span class='ocr_line' id='line_1_20' title="bbox 49 1248 1382 1301; baseline 0.002 -14"><span class='ocrx_word' id='word_1_160' title='bbox 49 1248 180 1288; x_wconf 89' lang='lat' dir='ltr'>dicere</span> <span class='ocrx_word' id='word_1_161' title='bbox 200 1248 353 1297; x_wconf 89' lang='lat' dir='ltr'>emisse,</span> <span class='ocrx_word' id='word_1_162' title='bbox 375 1248 488 1288; x_wconf 85' lang='lat' dir='ltr'>facile</span> <span class='ocrx_word' id='word_1_163' title='bbox 509 1248 572 1288; x_wconf 93' lang='lat' dir='ltr'>cui</span> <span class='ocrx_word' id='word_1_164' title='bbox 592 1250 711 1287; x_wconf 92' lang='lat' dir='ltr'>velles</span> <span class='ocrx_word' id='word_1_165' title='bbox 739 1257 847 1287; x_wconf 90' lang='lat' dir='ltr'>tuam</span> <span class='ocrx_word' id='word_1_166' title='bbox 875 1262 1033 1288; x_wconf 88' lang='lat' dir='ltr'>causam</span> <span class='ocrx_word' id='word_1_167' title='bbox 1060 1258 1098 1288; x_wconf 90' lang='lat' dir='ltr'>et</span> <span class='ocrx_word' id='word_1_168' title='bbox 1128 1251 1275 1289; x_wconf 88' lang='lat' dir='ltr'>factum</span> <span class='ocrx_word' id='word_1_169' title='bbox 1298 1264 1382 1301; x_wconf 93' lang='lat' dir='ltr'>pro-</span> 
     </span>
     <span class='ocr_line' id='line_1_21' title="bbox 49 1314 1381 1366; baseline 0.002 -14"><span class='ocrx_word' id='word_1_170' title='bbox 49 1314 160 1353; x_wconf 88' lang='lat' dir='ltr'>bares</span> <span class='ocrx_word' id='word_1_171' title='bbox 177 1329 187 1363; x_wconf 78' lang='lat'><em>3</em></span> <span class='ocrx_word' id='word_1_172' title='bbox 216 1327 323 1353; x_wconf 90' lang='lat' dir='ltr'>nunc</span> <span class='ocrx_word' id='word_1_173' title='bbox 343 1316 394 1354; x_wconf 91' lang='lat' dir='ltr'>de</span> <span class='ocrx_word' id='word_1_174' title='bbox 413 1314 726 1365; x_wconf 86' lang='lat' dir='ltr'>peripetasmatis</span> <span class='ocrx_word' id='word_1_175' title='bbox 747 1328 865 1364; x_wconf 88' lang='lat' dir='ltr'>quem</span> <span class='ocrx_word' id='word_1_176' title='bbox 886 1316 936 1353; x_wconf 90' lang='lat' dir='ltr'>ad</span> <span class='ocrx_word' id='word_1_177' title='bbox 959 1316 1122 1353; x_wconf 88' lang='lat' dir='ltr'>modum</span> <span class='ocrx_word' id='word_1_178' title='bbox 1145 1323 1183 1353; x_wconf 87' lang='lat' dir='ltr'>te</span> <span class='ocrx_word' id='word_1_179' title='bbox 1197 1316 1381 1366; x_wconf 83' lang='lat' dir='ltr'>expedias</span> 
     </span>
     <span class='ocr_line' id='line_1_22' title="bbox 47 1380 282 1419; baseline 0.004 -2"><span class='ocrx_word' id='word_1_180' title='bbox 47 1392 128 1419; x_wconf 90' lang='lat' dir='ltr'>non</span> <span class='ocrx_word' id='word_1_181' title='bbox 149 1380 282 1419; x_wconf 87' lang='lat' dir='ltr'>habes.</span> 
     </span>
     <span class='ocr_line' id='line_1_23' title="bbox 0 1444 1381 1496; baseline 0.004 -16"><span class='ocrx_word' id='word_1_182' title='bbox 0 1457 30 1480; x_wconf 76' lang='grc' dir='ltr'>ιο</span> <span class='ocrx_word' id='word_1_183' title='bbox 102 1444 244 1494; x_wconf 86' lang='lat' dir='ltr'>Quid?</span> <span class='ocrx_word' id='word_1_184' title='bbox 284 1458 307 1483; x_wconf 90' lang='lat' dir='ltr'>a</span> <span class='ocrx_word' id='word_1_185' title='bbox 342 1446 562 1496; x_wconf 88' lang='lat' dir='ltr'>Phylarcho</span> <span class='ocrx_word' id='word_1_186' title='bbox 597 1444 868 1495; x_wconf 88' lang='lat' dir='ltr'>Centuripino,</span> <span class='ocrx_word' id='word_1_187' title='bbox 909 1444 1072 1483; x_wconf 89' lang='lat' dir='ltr'>homine</span> <span class='ocrx_word' id='word_1_188' title='bbox 1110 1445 1296 1495; x_wconf 84' lang='lat' dir='ltr'>locupleti</span> <span class='ocrx_word' id='word_1_189' title='bbox 1335 1459 1381 1485; x_wconf 88' lang='lat' dir='ltr'>ac</span> 
     </span>
     <span class='ocr_line' id='line_1_24' title="bbox 48 1510 1380 1561; baseline 0.002 -13"><span class='ocrx_word' id='word_1_190' title='bbox 48 1510 182 1558; x_wconf 88' lang='lat' dir='ltr'>nobili,</span> <span class='ocrx_word' id='word_1_191' title='bbox 224 1512 402 1561; x_wconf 90' lang='lat' dir='ltr'>phaleras</span> <span class='ocrx_word' id='word_1_192' title='bbox 441 1510 705 1560; x_wconf 90' lang='lat' dir='ltr'>pulcherrime</span> <span class='ocrx_word' id='word_1_193' title='bbox 744 1512 879 1557; x_wconf 85' lang='lat' dir='ltr'>factas,</span> <span class='ocrx_word' id='word_1_194' title='bbox 915 1523 1016 1560; x_wconf 84' lang='lat' dir='ltr'>quae</span> <span class='ocrx_word' id='word_1_195' title='bbox 1055 1511 1154 1560; x_wconf 90' lang='lat' dir='ltr'>regis</span> <span class='ocrx_word' id='word_1_196' title='bbox 1194 1510 1380 1550; x_wconf 89' lang='lat' dir='ltr'>Hieronis</span> 
     </span>
     <span class='ocr_line' id='line_1_25' title="bbox 47 1575 1380 1625; baseline 0.002 -13"><span class='ocrx_word' id='word_1_197' title='bbox 47 1575 166 1614; x_wconf 88' lang='lat' dir='ltr'>fuisse</span> <span class='ocrx_word' id='word_1_198' title='bbox 198 1576 396 1625; x_wconf 90' lang='lat' dir='ltr'>dicuntur,</span> <span class='ocrx_word' id='word_1_199' title='bbox 431 1584 561 1614; x_wconf 91' lang='lat' dir='ltr'>utrum</span> <span class='ocrx_word' id='word_1_200' title='bbox 597 1577 757 1614; x_wconf 89' lang='lat' dir='ltr'>tandem</span> <span class='ocrx_word' id='word_1_201' title='bbox 790 1576 986 1614; x_wconf 87' lang='lat' dir='ltr'>abstulisti</span> <span class='ocrx_word' id='word_1_202' title='bbox 1025 1589 1076 1614; x_wconf 91' lang='lat' dir='ltr'>an</span> <span class='ocrx_word' id='word_1_203' title='bbox 1117 1576 1274 1614; x_wconf 88' lang='lat' dir='ltr'>emisti?</span> <span class='ocrx_word' id='word_1_204' title='bbox 1331 1578 1380 1615; x_wconf 92' lang='lat' dir='ltr'>In</span> 
     </span>
     <span class='ocr_line' id='line_1_26' title="bbox 49 1640 1379 1691; baseline 0.001 -13"><span class='ocrx_word' id='word_1_205' title='bbox 49 1640 179 1679; x_wconf 85' lang='lat' dir='ltr'>Sicilia</span> <span class='ocrx_word' id='word_1_206' title='bbox 209 1641 371 1691; x_wconf 88' lang='lat' dir='ltr'>quidem</span> <span class='ocrx_word' id='word_1_207' title='bbox 402 1654 493 1680; x_wconf 91' lang='lat' dir='ltr'>cum</span> <span class='ocrx_word' id='word_1_208' title='bbox 524 1654 662 1688; x_wconf 89' lang='lat' dir='ltr'>essem,</span> <span class='ocrx_word' id='word_1_209' title='bbox 687 1641 743 1679; x_wconf 94' lang='lat' dir='ltr'>sic</span> <span class='ocrx_word' id='word_1_210' title='bbox 769 1654 792 1678; x_wconf 87' lang='lat' dir='ltr'>a</span> <span class='ocrx_word' id='word_1_211' title='bbox 820 1640 1098 1690; x_wconf 87' lang='lat' dir='ltr'>Centuripinis,</span> <span class='ocrx_word' id='word_1_212' title='bbox 1123 1640 1177 1679; x_wconf 92' lang='lat' dir='ltr'>sic</span> <span class='ocrx_word' id='word_1_213' title='bbox 1198 1654 1220 1679; x_wconf 92' lang='lat' dir='ltr'>a</span> <span class='ocrx_word' id='word_1_214' title='bbox 1239 1641 1379 1679; x_wconf 88' lang='lat' dir='ltr'>ceteris</span> 
     </span>
     <span class='ocr_line' id='line_1_27' title="bbox 46 1706 1378 1756; baseline -0.002 -12"><span class='ocrx_word' id='word_1_215' title='bbox 46 1706 409 1754; x_wconf 86' lang='lat' dir='ltr'>audiebam‚—non</span> <span class='ocrx_word' id='word_1_216' title='bbox 445 1706 550 1745; x_wconf 92' lang='lat' dir='ltr'>enim</span> <span class='ocrx_word' id='word_1_217' title='bbox 585 1719 723 1756; x_wconf 91' lang='lat' dir='ltr'>parum</span> <span class='ocrx_word' id='word_1_218' title='bbox 755 1719 814 1744; x_wconf 89' lang='lat' dir='ltr'>res</span> <span class='ocrx_word' id='word_1_219' title='bbox 847 1713 927 1744; x_wconf 88' lang='lat' dir='ltr'>erat</span> <span class='ocrx_word' id='word_1_220' title='bbox 962 1707 1090 1743; x_wconf 87' lang='lat' dir='ltr'>clara:</span> <span class='ocrx_word' id='word_1_221' title='bbox 1131 1713 1209 1743; x_wconf 88' lang='lat' dir='ltr'>tam</span> <span class='ocrx_word' id='word_1_222' title='bbox 1241 1713 1278 1743; x_wconf 92' lang='lat' dir='ltr'>te</span> <span class='ocrx_word' id='word_1_223' title='bbox 1308 1707 1378 1743; x_wconf 87' lang='lat' dir='ltr'>has</span> 
     </span>
     <span class='ocr_line' id='line_1_28' title="bbox 0 1770 1377 1821; baseline 0 -14"><span class='ocrx_word' id='word_1_224' title='bbox 0 1786 4 1806; x_wconf 75' lang='grc' dir='ltr'>ι</span> <span class='ocrx_word' id='word_1_225' title='bbox 11 1785 28 1818; x_wconf 86' lang='lat'>5</span> <span class='ocrx_word' id='word_1_226' title='bbox 46 1771 225 1821; x_wconf 89' lang='lat' dir='ltr'>phaleras</span> <span class='ocrx_word' id='word_1_227' title='bbox 245 1784 268 1809; x_wconf 89' lang='lat' dir='ltr'>a</span> <span class='ocrx_word' id='word_1_228' title='bbox 289 1773 509 1821; x_wconf 87' lang='lat' dir='ltr'>Phylarcho</span> <span class='ocrx_word' id='word_1_229' title='bbox 530 1770 791 1821; x_wconf 88' lang='lat' dir='ltr'>Centuripino</span> <span class='ocrx_word' id='word_1_230' title='bbox 815 1770 1022 1809; x_wconf 81' lang='lat' dir='ltr'>abstulisse</span> <span class='ocrx_word' id='word_1_231' title='bbox 1051 1770 1237 1809; x_wconf 88' lang='lat' dir='ltr'>dicebant</span> <span class='ocrx_word' id='word_1_232' title='bbox 1259 1782 1377 1819; x_wconf 81' lang='lat' dir='ltr'>quam</span> 
     </span>
     <span class='ocr_line' id='line_1_29' title="bbox 46 1834 1377 1884; baseline -0.001 -11"><span class='ocrx_word' id='word_1_233' title='bbox 46 1835 140 1874; x_wconf 90' lang='lat' dir='ltr'>alias</span> <span class='ocrx_word' id='word_1_234' title='bbox 170 1836 264 1875; x_wconf 91' lang='lat' dir='ltr'>item</span> <span class='ocrx_word' id='word_1_235' title='bbox 294 1835 438 1874; x_wconf 89' lang='lat' dir='ltr'>nobilis</span> <span class='ocrx_word' id='word_1_236' title='bbox 468 1836 519 1874; x_wconf 91' lang='lat' dir='ltr'>ab</span> <span class='ocrx_word' id='word_1_237' title='bbox 540 1835 673 1874; x_wconf 88' lang='lat' dir='ltr'>Aristo</span> <span class='ocrx_word' id='word_1_238' title='bbox 702 1834 1023 1882; x_wconf 89' lang='lat' dir='ltr'>Panhormitano,</span> <span class='ocrx_word' id='word_1_239' title='bbox 1054 1848 1172 1884; x_wconf 90' lang='lat' dir='ltr'>quam</span> <span class='ocrx_word' id='word_1_240' title='bbox 1204 1834 1335 1872; x_wconf 87' lang='lat' dir='ltr'>tertias</span> <span class='ocrx_word' id='word_1_241' title='bbox 1355 1847 1377 1872; x_wconf 89' lang='lat' dir='ltr'>a</span> 
     </span>
     <span class='ocr_line' id='line_1_30' title="bbox 46 1899 1374 1952; baseline -0.003 -11"><span class='ocrx_word' id='word_1_242' title='bbox 46 1900 235 1952; x_wconf 89' lang='lat' dir='ltr'>Cratippo</span> <span class='ocrx_word' id='word_1_243' title='bbox 261 1901 544 1951; x_wconf 88' lang='lat' dir='ltr'>Tyndaritano.</span> <span class='ocrx_word' id='word_1_244' title='bbox 604 1900 763 1939; x_wconf 90' lang='lat' dir='ltr'>Etenim</span> <span class='ocrx_word' id='word_1_245' title='bbox 794 1900 824 1938; x_wconf 90' lang='lat' dir='ltr'>si</span> <span class='ocrx_word' id='word_1_246' title='bbox 856 1901 1097 1949; x_wconf 89' lang='lat' dir='ltr'>Phylarchus</span> <span class='ocrx_word' id='word_1_247' title='bbox 1122 1899 1374 1946; x_wconf 89' lang='lat' dir='ltr'>vendidisset,</span> 
     </span>
     <span class='ocr_line' id='line_1_31' title="bbox 44 1964 1377 2017; baseline -0.002 -14"><span class='ocrx_word' id='word_1_248' title='bbox 44 1979 123 2004; x_wconf 88' lang='lat' dir='ltr'>non</span> <span class='ocrx_word' id='word_1_249' title='bbox 163 1966 209 2013; x_wconf 91' lang='lat' dir='ltr'>ei,</span> <span class='ocrx_word' id='word_1_250' title='bbox 258 1974 516 2017; x_wconf 86' lang='lat' dir='ltr'>posteaquam</span> <span class='ocrx_word' id='word_1_251' title='bbox 555 1979 643 2004; x_wconf 90' lang='lat' dir='ltr'>reus</span> <span class='ocrx_word' id='word_1_252' title='bbox 681 1967 805 2003; x_wconf 91' lang='lat' dir='ltr'>factus</span> <span class='ocrx_word' id='word_1_253' title='bbox 845 1978 897 2012; x_wconf 88' lang='lat' dir='ltr'>es,</span> <span class='ocrx_word' id='word_1_254' title='bbox 937 1964 1181 2003; x_wconf 90' lang='lat' dir='ltr'>redditurum</span> <span class='ocrx_word' id='word_1_255' title='bbox 1221 1971 1258 2002; x_wconf 88' lang='lat' dir='ltr'>te</span> <span class='ocrx_word' id='word_1_256' title='bbox 1291 1977 1377 2014; x_wconf 84' lang='lat' dir='ltr'>pro-</span> 
     </span>
     <span class='ocr_line' id='line_1_32' title="bbox 44 2028 1374 2083; baseline -0.001 -15"><span class='ocrx_word' id='word_1_257' title='bbox 44 2030 226 2069; x_wconf 89' lang='lat' dir='ltr'>misisses.</span> <span class='ocrx_word' id='word_1_258' title='bbox 288 2032 409 2080; x_wconf 92' lang='lat' dir='ltr'>Quod</span> <span class='ocrx_word' id='word_1_259' title='bbox 445 2030 537 2080; x_wconf 87' lang='lat' dir='ltr'>quia</span> <span class='ocrx_word' id='word_1_260' title='bbox 571 2030 702 2068; x_wconf 90' lang='lat' dir='ltr'>vidisti</span> <span class='ocrx_word' id='word_1_261' title='bbox 733 2029 853 2080; x_wconf 90' lang='lat' dir='ltr'>pluris</span> <span class='ocrx_word' id='word_1_262' title='bbox 892 2029 1001 2076; x_wconf 89' lang='lat' dir='ltr'>scire,</span> <span class='ocrx_word' id='word_1_263' title='bbox 1043 2028 1233 2077; x_wconf 83' lang='lat' dir='ltr'>cogitasti,</span> <span class='ocrx_word' id='word_1_264' title='bbox 1275 2028 1305 2066; x_wconf 89' lang='lat' dir='ltr'>si</span> <span class='ocrx_word' id='word_1_265' title='bbox 1340 2029 1374 2083; x_wconf 87' lang='lat' dir='ltr'>ei</span> 
     </span>
     <span class='ocr_line' id='line_1_33' title="bbox 0 2093 1373 2143; baseline -0.003 -8"><span class='ocrx_word' id='word_1_266' title='bbox 0 2108 27 2135; x_wconf 74' lang='grc' dir='ltr'>ιο</span> <span class='ocrx_word' id='word_1_267' title='bbox 44 2095 293 2143; x_wconf 86' lang='lat' dir='ltr'>reddidisses,</span> <span class='ocrx_word' id='word_1_268' title='bbox 316 2103 354 2134; x_wconf 93' lang='lat' dir='ltr'>te</span> <span class='ocrx_word' id='word_1_269' title='bbox 375 2094 506 2133; x_wconf 93' lang='lat' dir='ltr'>minus</span> <span class='ocrx_word' id='word_1_270' title='bbox 526 2094 762 2140; x_wconf 88' lang='lat' dir='ltr'>habiturum,</span> <span class='ocrx_word' id='word_1_271' title='bbox 786 2107 868 2132; x_wconf 90' lang='lat' dir='ltr'>rem</span> <span class='ocrx_word' id='word_1_272' title='bbox 888 2093 1012 2131; x_wconf 89' lang='lat' dir='ltr'>nihilo</span> <span class='ocrx_word' id='word_1_273' title='bbox 1042 2093 1171 2132; x_wconf 90' lang='lat' dir='ltr'>minus</span> <span class='ocrx_word' id='word_1_274' title='bbox 1192 2100 1373 2132; x_wconf 88' lang='lat' dir='ltr'>testatam</span> 
     </span>
    </p>
   </div>
   <div class='ocr_carea' id='block_1_4' title="bbox 43 2197 1376 2370">
    <p class='ocr_par' dir='ltr' id='par_1_4' title="bbox 43 2197 1376 2370">
     <span class='ocr_line' id='line_1_34' title="bbox 88 2197 1376 2238; baseline -0.002 -7"><span class='ocrx_word' id='word_1_275' title='bbox 88 2203 108 2232; x_wconf 90' lang='lat'><strong>6</strong></span> <span class='ocrx_word' id='word_1_276' title='bbox 132 2200 324 2232; x_wconf 84' lang='lat' dir='ltr'>misissetne</span> <span class='ocrx_word' id='word_1_277' title='bbox 351 2198 523 2231; x_wconf 82' lang='lat' dir='ltr'>Schwabe:</span> <span class='ocrx_word' id='word_1_278' title='bbox 558 2199 783 2238; x_wconf 84' lang='lat' dir='ltr'>amisissetp:</span> <span class='ocrx_word' id='word_1_279' title='bbox 808 2208 850 2228; x_wconf 85' lang='lat' dir='ltr'>an</span> <span class='ocrx_word' id='word_1_280' title='bbox 875 2199 1024 2229; x_wconf 87' lang='lat' dir='ltr'>misisset</span> <span class='ocrx_word' id='word_1_281' title='bbox 1049 2200 1086 2229; x_wconf 74' lang='grc' dir='ltr'>δς</span> <span class='ocrx_word' id='word_1_282' title='bbox 1111 2198 1145 2228; x_wconf 86' lang='lat' dir='ltr'>in</span> <span class='ocrx_word' id='word_1_283' title='bbox 1169 2197 1234 2229; x_wconf 80' lang='lat' dir='ltr'>RS</span> <span class='ocrx_word' id='word_1_284' title='bbox 1257 2198 1376 2229; x_wconf 77' lang='lat' dir='ltr'>desunt</span> 
     </span>
     <span class='ocr_line' id='line_1_35' title="bbox 43 2240 1371 2284; baseline -0.001 -10"><span class='ocrx_word' id='word_1_285' title='bbox 43 2245 137 2274; x_wconf 81' lang='lat' dir='ltr'>verba</span> <span class='ocrx_word' id='word_1_286' title='bbox 154 2245 427 2284; x_wconf 85' lang='lat' dir='ltr'>peripetasmata,</span> <span class='ocrx_word' id='word_1_287' title='bbox 449 2244 469 2274; x_wconf 90' lang='lat' dir='ltr'>l.</span> <span class='ocrx_word' id='word_1_288' title='bbox 488 2244 508 2273; x_wconf 90' lang='lat'><strong>6</strong></span> <span class='ocrx_word' id='word_1_289' title='bbox 526 2267 533 2274; x_wconf 88' lang='lat'><strong><em>.</em></strong></span> <span class='ocrx_word' id='word_1_290' title='bbox 553 2267 559 2274; x_wconf 88' lang='lat'><strong><em>.</em></strong></span> <span class='ocrx_word' id='word_1_291' title='bbox 582 2267 588 2273; x_wconf 93' lang='lat'><em>.</em></span> <span class='ocrx_word' id='word_1_292' title='bbox 607 2242 843 2281; x_wconf 77' lang='lat' dir='ltr'>Agrigentum,</span> <span class='ocrx_word' id='word_1_293' title='bbox 866 2242 886 2274; x_wconf 84' lang='lat' dir='ltr'>l.</span> <span class='ocrx_word' id='word_1_294' title='bbox 904 2242 923 2271; x_wconf 90' lang='lat'>8</span> <span class='ocrx_word' id='word_1_295' title='bbox 1139 2252 1155 2280; x_wconf 90' lang='lat'><strong>7</strong></span> <span class='ocrx_word' id='word_1_296' title='bbox 1181 2252 1217 2272; x_wconf 90' lang='lat' dir='ltr'>se</span> <span class='ocrx_word' id='word_1_297' title='bbox 1234 2240 1371 2273; x_wconf 83' lang='lat' dir='ltr'>Hotom.</span> 
     </span>
     <span class='ocr_line' id='line_1_36' title="bbox 43 2284 1370 2327; baseline -0.002 -10"><span class='ocrx_word' id='word_1_298' title='bbox 43 2286 170 2319; x_wconf 80' lang='lat' dir='ltr'>Halm:</span> <span class='ocrx_word' id='word_1_299' title='bbox 195 2287 324 2318; x_wconf 87' lang='lat' dir='ltr'>scilicet</span> <span class='ocrx_word' id='word_1_300' title='bbox 342 2286 431 2318; x_wconf 84' lang='lat' dir='ltr'>codd.</span> <span class='ocrx_word' id='word_1_301' title='bbox 439 2287 521 2327; x_wconf 78' lang='lat' dir='ltr'>sort.</span> <span class='ocrx_word' id='word_1_302' title='bbox 543 2291 619 2317; x_wconf 81' lang='lat' dir='ltr'>recte</span> <span class='ocrx_word' id='word_1_303' title='bbox 685 2286 798 2325; x_wconf 83' lang='lat' dir='ltr'>fuisse,</span> <span class='ocrx_word' id='word_1_304' title='bbox 818 2290 923 2324; x_wconf 87' lang='lat' dir='ltr'>praet.</span> <span class='ocrx_word' id='word_1_305' title='bbox 943 2285 1073 2316; x_wconf 81' lang='lat' dir='ltr'>misisse</span> <span class='ocrx_word' id='word_1_306' title='bbox 1086 2284 1241 2316; x_wconf 73' lang='lat' dir='ltr'>Schwabe</span> <span class='ocrx_word' id='word_1_307' title='bbox 1332 2295 1370 2315; x_wconf 81' lang='lat'>12</span> 
     </span>
     <span class='ocr_line' id='line_1_37' title="bbox 44 2328 1368 2370; baseline -0.001 -10"><span class='ocrx_word' id='word_1_308' title='bbox 44 2330 126 2361; x_wconf 85' lang='lat' dir='ltr'>haec</span> <span class='ocrx_word' id='word_1_309' title='bbox 144 2332 179 2362; x_wconf 76' lang='grc' dir='ltr'>δι</span> <span class='ocrx_word' id='word_1_310' title='bbox 203 2331 267 2363; x_wconf 91' lang='lat' dir='ltr'>hoc</span> <span class='ocrx_word' id='word_1_311' title='bbox 284 2329 370 2370; x_wconf 81' lang='lat' dir='ltr'>RSp</span> <span class='ocrx_word' id='word_1_312' title='bbox 505 2340 542 2368; x_wconf 90' lang='lat'>14</span> <span class='ocrx_word' id='word_1_313' title='bbox 568 2335 741 2369; x_wconf 82' lang='lat' dir='ltr'>possesp:</span> <span class='ocrx_word' id='word_1_314' title='bbox 768 2329 878 2368; x_wconf 88' lang='lat' dir='ltr'>possis</span> <span class='ocrx_word' id='word_1_315' title='bbox 896 2328 959 2360; x_wconf 80' lang='lat' dir='ltr'>RS</span> <span class='ocrx_word' id='word_1_316' title='bbox 1095 2339 1131 2367; x_wconf 93' lang='lat'>17</span> <span class='ocrx_word' id='word_1_317' title='bbox 1159 2329 1272 2359; x_wconf 86' lang='lat' dir='ltr'>dicere</span> <span class='ocrx_word' id='word_1_318' title='bbox 1286 2328 1349 2359; x_wconf 73' lang='lat' dir='ltr'>RS</span> <span class='ocrx_word' id='word_1_319' title='bbox 1364 2341 1368 2346; x_wconf 94' lang='lat'>·</span> 
     </span>
    </p>
   </div>
   <div class='ocr_carea' id='block_1_5' title="bbox 43 2372 1281 2446">
    <p class='ocr_par' dir='ltr' id='par_1_5' title="bbox 43 2372 1281 2446">
     <span class='ocr_line' id='line_1_38' title="bbox 43 2372 1281 2446; baseline 0 -43"><span class='ocrx_word' id='word_1_320' title='bbox 43 2373 166 2405; x_wconf 90' lang='lat' dir='ltr'>docere</span> <span class='ocrx_word' id='word_1_321' title='bbox 176 2375 220 2415; x_wconf 71' lang='grc' dir='ltr'>ῥδ</span> <span class='ocrx_word' id='word_1_322' title='bbox 353 2384 395 2405; x_wconf 89' lang='lat'>20</span> <span class='ocrx_word' id='word_1_323' title='bbox 429 2373 596 2412; x_wconf 87' lang='lat' dir='ltr'>locuplete</span> <span class='ocrx_word' id='word_1_324' title='bbox 614 2372 687 2410; x_wconf 81' lang='lat' dir='ltr'>Rs,</span> <span class='ocrx_word' id='word_1_325' title='bbox 708 2376 745 2403; x_wconf 81' lang='lat' dir='ltr'>ut</span> <span class='ocrx_word' id='word_1_326' title='bbox 760 2377 887 2412; x_wconf 77' lang='lat' dir='ltr'>semper</span> <span class='ocrx_word' id='word_1_327' title='bbox 901 2373 917 2402; x_wconf 89' lang='grc' dir='ltr'><em>δ</em></span> <span class='ocrx_word' id='word_1_328' title='bbox 937 2372 969 2412; x_wconf 68' lang='grc' dir='ltr'>(ξ</span> <span class='ocrx_word' id='word_1_329' title='bbox 985 2381 1001 2401; x_wconf 84' lang='lat' dir='ltr'>r</span> <span class='ocrx_word' id='word_1_330' title='bbox 1019 2373 1134 2412; x_wconf 69' lang='lat' dir='ltr'>supra&gt;</span> <span class='ocrx_word' id='word_1_331' title='bbox 1228 2418 1281 2446; x_wconf 59' lang='lat'>&#39;1³‘</span> 
     </span>
    </p>
   </div>
   <div class='ocr_carea' id='block_1_6' title="bbox 1406 868 1445 899">
    <p class='ocr_par' dir='ltr' id='par_1_6' title="bbox 1406 868 1445 899">
     <span class='ocr_line' id='line_1_39' title="bbox 1406 868 1445 899; baseline 0 0"><span class='ocrx_word' id='word_1_332' title='bbox 1406 868 1445 899; x_wconf 90' lang='lat'>28</span> 
     </span>
    </p>
   </div>
   <div class='ocr_carea' id='block_1_7' title="bbox 1403 1459 1442 1492">
    <p class='ocr_par' dir='ltr' id='par_1_7' title="bbox 1403 1459 1442 1492">
     <span class='ocr_line' id='line_1_40' title="bbox 1403 1459 1442 1492; baseline 0 0"><span class='ocrx_word' id='word_1_333' title='bbox 1403 1459 1442 1492; x_wconf 84' lang='lat'>²9</span> 
     </span>
    </p>
   </div>
  </div>
 </body>
</html>
