<?xml version="1.0" encoding="UTF-8"?>
<!DOCTYPE html PUBLIC "-//W3C//DTD XHTML 1.0 Transitional//EN"
    "http://www.w3.org/TR/xhtml1/DTD/xhtml1-transitional.dtd">
<html xmlns="http://www.w3.org/1999/xhtml" xml:lang="en" lang="en">
 <head>
  <title>
</title>
<meta http-equiv="Content-Type" content="text/html;charset=utf-8" />
  <meta name='ocr-system' content='tesseract 3.04.00' />
  <meta name='ocr-capabilities' content='ocr_page ocr_carea ocr_par ocr_line ocrx_word'/>
</head>
<body>
  <div class='ocr_page' id='page_1' title='image "./orationesrecogno02ciceuoft/orationesrecogno02ciceuoft_0032.png"; bbox 0 0 1600 2704; ppageno 0'>
   <div class='ocr_carea' id='block_1_1' title="bbox 114 106 1113 182">
    <p class='ocr_par' dir='ltr' id='par_1_1' title="bbox 114 106 1113 182">
     <span class='ocr_line' id='line_1_1' title="bbox 114 106 1113 182; baseline -0.028 -9"><span class='ocrx_word' id='word_1_1' title='bbox 114 146 128 173; x_wconf 95' lang='lat'>1</span> <span class='ocrx_word' id='word_1_2' title='bbox 151 164 168 182; x_wconf 85' lang='grc'>,</span> <span class='ocrx_word' id='word_1_3' title='bbox 519 125 576 163; x_wconf 90' lang='lat' dir='ltr'>M.</span> <span class='ocrx_word' id='word_1_4' title='bbox 607 119 775 161; x_wconf 80' lang='lat' dir='ltr'>TVLLI</span> <span class='ocrx_word' id='word_1_5' title='bbox 808 106 1113 156; x_wconf 86' lang='lat' dir='ltr'>CICERONIS</span> 
     </span>
    </p>
   </div>
   <div class='ocr_carea' id='block_1_2' title="bbox 131 207 1585 2048">
    <p class='ocr_par' dir='ltr' id='par_1_2' title="bbox 153 207 1525 742">
     <span class='ocr_line' id='line_1_2' title="bbox 153 207 1479 299; baseline -0.032 -12"><span class='ocrx_word' id='word_1_6' title='bbox 153 243 376 299; x_wconf 82' lang='lat' dir='ltr'>provinciae</span> <span class='ocrx_word' id='word_1_7' title='bbox 405 239 686 280; x_wconf 82' lang='lat' dir='ltr'>defenderem3</span> <span class='ocrx_word' id='word_1_8' title='bbox 719 242 803 269; x_wconf 82' lang='lat' dir='ltr'>sese</span> <span class='ocrx_word' id='word_1_9' title='bbox 833 227 909 266; x_wconf 88' lang='lat' dir='ltr'>iam</span> <span class='ocrx_word' id='word_1_10' title='bbox 940 237 990 262; x_wconf 91' lang='lat' dir='ltr'>ne</span> <span class='ocrx_word' id='word_1_11' title='bbox 1019 222 1115 259; x_wconf 83' lang='lat' dir='ltr'>deos</span> <span class='ocrx_word' id='word_1_12' title='bbox 1140 214 1300 267; x_wconf 89' lang='lat' dir='ltr'>quidem</span> <span class='ocrx_word' id='word_1_13' title='bbox 1330 210 1370 249; x_wconf 89' lang='lat' dir='ltr'>in</span> <span class='ocrx_word' id='word_1_14' title='bbox 1399 207 1479 247; x_wconf 87' lang='lat' dir='ltr'>suis</span> 
     </span>
     <span class='ocr_line' id='line_1_3' title="bbox 154 275 1483 356; baseline -0.033 -4"><span class='ocrx_word' id='word_1_15' title='bbox 154 311 317 351; x_wconf 87' lang='lat' dir='ltr'>urbibus</span> <span class='ocrx_word' id='word_1_16' title='bbox 338 309 388 347; x_wconf 89' lang='lat' dir='ltr'>ad</span> <span class='ocrx_word' id='word_1_17' title='bbox 409 317 509 356; x_wconf 91' lang='lat' dir='ltr'>quos</span> <span class='ocrx_word' id='word_1_18' title='bbox 531 301 786 348; x_wconf 76' lang='lat' dir='ltr'>confugerent</span> <span class='ocrx_word' id='word_1_19' title='bbox 806 291 964 335; x_wconf 83' lang='lat' dir='ltr'>habere,</span> <span class='ocrx_word' id='word_1_20' title='bbox 984 285 1092 336; x_wconf 90' lang='lat' dir='ltr'>quod</span> <span class='ocrx_word' id='word_1_21' title='bbox 1116 292 1251 320; x_wconf 88' lang='lat' dir='ltr'>eorum</span> <span class='ocrx_word' id='word_1_22' title='bbox 1276 275 1483 315; x_wconf 88' lang='lat' dir='ltr'>simulacra</span> 
     </span>
     <span class='ocr_line' id='line_1_4' title="bbox 157 337 1485 415; baseline -0.033 1"><span class='ocrx_word' id='word_1_23' title='bbox 157 373 402 415; x_wconf 84' lang='lat' dir='ltr'>sanctissima</span> <span class='ocrx_word' id='word_1_24' title='bbox 423 371 467 409; x_wconf 91' lang='lat' dir='ltr'>C.</span> <span class='ocrx_word' id='word_1_25' title='bbox 490 369 630 405; x_wconf 79' lang='lat' dir='ltr'>Verres</span> <span class='ocrx_word' id='word_1_26' title='bbox 653 376 699 401; x_wconf 83' lang='lat' dir='ltr'>ex</span> <span class='ocrx_word' id='word_1_27' title='bbox 726 354 898 398; x_wconf 88' lang='lat' dir='ltr'>delubris</span> <span class='ocrx_word' id='word_1_28' title='bbox 922 343 1220 400; x_wconf 81' lang='lat' dir='ltr'>religiosissimis</span> <span class='ocrx_word' id='word_1_29' title='bbox 1241 337 1457 379; x_wconf 83' lang='lat' dir='ltr'>sustulisset</span> <span class='ocrx_word' id='word_1_30' title='bbox 1476 349 1485 382; x_wconf 79' lang='lat'>3</span> 
     </span>
     <span class='ocr_line' id='line_1_5' title="bbox 158 400 1487 492; baseline -0.035 -10"><span class='ocrx_word' id='word_1_31' title='bbox 158 454 255 492; x_wconf 83' lang='lat' dir='ltr'>quas</span> <span class='ocrx_word' id='word_1_32' title='bbox 276 452 335 478; x_wconf 88' lang='lat' dir='ltr'>res</span> <span class='ocrx_word' id='word_1_33' title='bbox 355 433 524 475; x_wconf 83' lang='lat' dir='ltr'>luxuries</span> <span class='ocrx_word' id='word_1_34' title='bbox 551 431 590 468; x_wconf 94' lang='lat' dir='ltr'>in</span> <span class='ocrx_word' id='word_1_35' title='bbox 618 424 782 477; x_wconf 81' lang='lat' dir='ltr'>flagitiis,</span> <span class='ocrx_word' id='word_1_36' title='bbox 806 416 1014 460; x_wconf 88' lang='lat' dir='ltr'>crudelitas</span> <span class='ocrx_word' id='word_1_37' title='bbox 1034 413 1073 451; x_wconf 93' lang='lat' dir='ltr'>in</span> <span class='ocrx_word' id='word_1_38' title='bbox 1095 405 1306 459; x_wconf 85' lang='lat' dir='ltr'>suppliciis,</span> <span class='ocrx_word' id='word_1_39' title='bbox 1327 400 1487 442; x_wconf 87' lang='lat' dir='ltr'>avaritia</span> 
     </span>
     <span class='ocr_line' id='line_1_6' title="bbox 161 470 1525 554; baseline -0.034 -8"><span class='ocrx_word' id='word_1_40' title='bbox 161 508 200 545; x_wconf 90' lang='lat' dir='ltr'>in</span> <span class='ocrx_word' id='word_1_41' title='bbox 234 502 390 554; x_wconf 82' lang='lat' dir='ltr'>rapinis,</span> <span class='ocrx_word' id='word_1_42' title='bbox 423 495 605 548; x_wconf 85' lang='lat' dir='ltr'>superbia</span> <span class='ocrx_word' id='word_1_43' title='bbox 643 492 682 530; x_wconf 90' lang='lat' dir='ltr'>in</span> <span class='ocrx_word' id='word_1_44' title='bbox 721 481 969 527; x_wconf 84' lang='lat' dir='ltr'>contumeliis</span> <span class='ocrx_word' id='word_1_45' title='bbox 1002 478 1154 517; x_wconf 81' lang='lat' dir='ltr'>efficere</span> <span class='ocrx_word' id='word_1_46' title='bbox 1187 470 1389 523; x_wconf 88' lang='lat' dir='ltr'>potuisset,</span> <span class='ocrx_word' id='word_1_47' title='bbox 1422 476 1487 504; x_wconf 89' lang='lat' dir='ltr'>eas</span> <span class='ocrx_word' id='word_1_48' title='bbox 1508 480 1525 510; x_wconf 88' lang='lat'>5</span> 
     </span>
     <span class='ocr_line' id='line_1_7' title="bbox 163 531 1492 609; baseline -0.034 2"><span class='ocrx_word' id='word_1_49' title='bbox 163 570 291 609; x_wconf 85' lang='lat' dir='ltr'>omnis</span> <span class='ocrx_word' id='word_1_50' title='bbox 334 580 418 606; x_wconf 90' lang='lat' dir='ltr'>sese</span> <span class='ocrx_word' id='word_1_51' title='bbox 459 567 536 602; x_wconf 84' lang='lat' dir='ltr'>hoc</span> <span class='ocrx_word' id='word_1_52' title='bbox 574 572 654 598; x_wconf 89' lang='lat' dir='ltr'>uno</span> <span class='ocrx_word' id='word_1_53' title='bbox 693 561 868 606; x_wconf 83' lang='lat' dir='ltr'>praetore</span> <span class='ocrx_word' id='word_1_54' title='bbox 907 559 974 598; x_wconf 87' lang='lat' dir='ltr'>per</span> <span class='ocrx_word' id='word_1_55' title='bbox 1013 539 1224 582; x_wconf 84' lang='lat' dir='ltr'>triennium</span> <span class='ocrx_word' id='word_1_56' title='bbox 1262 531 1492 585; x_wconf 89' lang='lat' dir='ltr'>pertulisse;</span> 
     </span>
     <span class='ocr_line' id='line_1_8' title="bbox 165 596 1493 684; baseline -0.033 -9"><span class='ocrx_word' id='word_1_57' title='bbox 165 647 297 684; x_wconf 82' lang='lat' dir='ltr'>rogare</span> <span class='ocrx_word' id='word_1_58' title='bbox 322 640 359 670; x_wconf 88' lang='lat' dir='ltr'>et</span> <span class='ocrx_word' id='word_1_59' title='bbox 387 642 495 668; x_wconf 88' lang='lat' dir='ltr'>orare</span> <span class='ocrx_word' id='word_1_60' title='bbox 522 639 571 664; x_wconf 91' lang='lat' dir='ltr'>ne</span> <span class='ocrx_word' id='word_1_61' title='bbox 598 623 685 661; x_wconf 89' lang='lat' dir='ltr'>illos</span> <span class='ocrx_word' id='word_1_62' title='bbox 715 615 910 667; x_wconf 85' lang='lat' dir='ltr'>supplices</span> <span class='ocrx_word' id='word_1_63' title='bbox 941 617 1166 659; x_wconf 83' lang='lat' dir='ltr'>aspernarer</span> <span class='ocrx_word' id='word_1_64' title='bbox 1185 613 1285 652; x_wconf 88' lang='lat' dir='ltr'>quos</span> <span class='ocrx_word' id='word_1_65' title='bbox 1306 610 1368 637; x_wconf 86' lang='lat' dir='ltr'>me</span> <span class='ocrx_word' id='word_1_66' title='bbox 1389 596 1493 634; x_wconf 90' lang='lat' dir='ltr'>inco—</span> 
     </span>
     <span class='ocr_line' id='line_1_9' title="bbox 167 682 980 742; baseline -0.034 -3"><span class='ocrx_word' id='word_1_67' title='bbox 167 699 262 738; x_wconf 84' lang='lat' dir='ltr'>lumi</span> <span class='ocrx_word' id='word_1_68' title='bbox 283 694 432 735; x_wconf 89' lang='lat' dir='ltr'>nemini</span> <span class='ocrx_word' id='word_1_69' title='bbox 453 690 648 742; x_wconf 87' lang='lat' dir='ltr'>supplices</span> <span class='ocrx_word' id='word_1_70' title='bbox 669 697 753 724; x_wconf 89' lang='lat' dir='ltr'>esse</span> <span class='ocrx_word' id='word_1_71' title='bbox 774 682 980 730; x_wconf 86' lang='lat' dir='ltr'>oporteret.</span> 
     </span>
    </p>

    <p class='ocr_par' dir='ltr' id='par_1_3' title="bbox 222 722 1497 811">
     <span class='ocr_line' id='line_1_10' title="bbox 222 722 1497 811; baseline -0.034 -8"><span class='ocrx_word' id='word_1_72' title='bbox 222 761 313 801; x_wconf 83' lang='lat' dir='ltr'>Tuli</span> <span class='ocrx_word' id='word_1_73' title='bbox 333 759 498 811; x_wconf 84' lang='lat' dir='ltr'>graviter</span> <span class='ocrx_word' id='word_1_74' title='bbox 517 763 555 794; x_wconf 87' lang='lat' dir='ltr'>et</span> <span class='ocrx_word' id='word_1_75' title='bbox 576 751 726 796; x_wconf 82' lang='lat' dir='ltr'>acerbe,</span> <span class='ocrx_word' id='word_1_76' title='bbox 749 744 908 787; x_wconf 85' lang='lat' dir='ltr'>iudices,</span> <span class='ocrx_word' id='word_1_77' title='bbox 931 740 971 778; x_wconf 88' lang='lat' dir='ltr'>in</span> <span class='ocrx_word' id='word_1_78' title='bbox 999 749 1089 776; x_wconf 89' lang='lat' dir='ltr'>eum</span> <span class='ocrx_word' id='word_1_79' title='bbox 1117 747 1180 773; x_wconf 92' lang='lat' dir='ltr'>me</span> <span class='ocrx_word' id='word_1_80' title='bbox 1199 733 1331 771; x_wconf 92' lang='lat' dir='ltr'>locum</span> <span class='ocrx_word' id='word_1_81' title='bbox 1351 722 1497 765; x_wconf 83' lang='lat' dir='ltr'>adduci</span> 
     </span>
    </p>

    <p class='ocr_par' dir='ltr' id='par_1_4' title="bbox 131 798 1568 1386">
     <span class='ocr_line' id='line_1_11' title="bbox 131 798 1559 867; baseline -0.032 2"><span class='ocrx_word' id='word_1_82' title='bbox 131 816 149 841; x_wconf 70' lang='lat'><strong>⁴</strong></span> <span class='ocrx_word' id='word_1_83' title='bbox 171 837 212 867; x_wconf 86' lang='lat' dir='ltr'>ut</span> <span class='ocrx_word' id='word_1_84' title='bbox 246 834 313 865; x_wconf 89' lang='lat' dir='ltr'>aut</span> <span class='ocrx_word' id='word_1_85' title='bbox 346 837 413 862; x_wconf 92' lang='lat' dir='ltr'>eos</span> <span class='ocrx_word' id='word_1_86' title='bbox 448 818 629 859; x_wconf 83' lang='lat' dir='ltr'>homines</span> <span class='ocrx_word' id='word_1_87' title='bbox 663 825 751 863; x_wconf 90' lang='lat' dir='ltr'>spes</span> <span class='ocrx_word' id='word_1_88' title='bbox 789 809 937 847; x_wconf 85' lang='lat' dir='ltr'>falleret</span> <span class='ocrx_word' id='word_1_89' title='bbox 971 801 1038 851; x_wconf 89' lang='lat' dir='ltr'>qui</span> <span class='ocrx_word' id='word_1_90' title='bbox 1077 811 1194 849; x_wconf 91' lang='lat' dir='ltr'>opem</span> <span class='ocrx_word' id='word_1_91' title='bbox 1227 809 1250 833; x_wconf 91' lang='lat' dir='ltr'>a</span> <span class='ocrx_word' id='word_1_92' title='bbox 1284 806 1347 832; x_wconf 92' lang='lat' dir='ltr'>me</span> <span class='ocrx_word' id='word_1_93' title='bbox 1381 798 1499 838; x_wconf 86' lang='lat' dir='ltr'>atque</span> <span class='ocrx_word' id='word_1_94' title='bbox 1521 803 1559 824; x_wconf 88' lang='lat'>10</span> 
     </span>
     <span class='ocr_line' id='line_1_12' title="bbox 172 855 1501 938; baseline -0.033 -5"><span class='ocrx_word' id='word_1_95' title='bbox 172 891 358 933; x_wconf 84' lang='lat' dir='ltr'>auxilium</span> <span class='ocrx_word' id='word_1_96' title='bbox 379 886 578 938; x_wconf 86' lang='lat' dir='ltr'>petissent,</span> <span class='ocrx_word' id='word_1_97' title='bbox 597 888 663 920; x_wconf 89' lang='lat' dir='ltr'>aut</span> <span class='ocrx_word' id='word_1_98' title='bbox 684 890 767 927; x_wconf 83' lang='lat' dir='ltr'>ego,</span> <span class='ocrx_word' id='word_1_99' title='bbox 783 873 849 924; x_wconf 91' lang='lat' dir='ltr'>qui</span> <span class='ocrx_word' id='word_1_100' title='bbox 871 883 934 909; x_wconf 92' lang='lat' dir='ltr'>me</span> <span class='ocrx_word' id='word_1_101' title='bbox 955 868 1004 905; x_wconf 89' lang='lat' dir='ltr'>ad</span> <span class='ocrx_word' id='word_1_102' title='bbox 1027 861 1300 903; x_wconf 86' lang='lat' dir='ltr'>defendendos</span> <span class='ocrx_word' id='word_1_103' title='bbox 1320 855 1501 894; x_wconf 83' lang='lat' dir='ltr'>homines</span> 
     </span>
     <span class='ocr_line' id='line_1_13' title="bbox 174 917 1533 998; baseline -0.033 0"><span class='ocrx_word' id='word_1_104' title='bbox 174 961 224 998; x_wconf 81' lang='lat' dir='ltr'>ab</span> <span class='ocrx_word' id='word_1_105' title='bbox 262 957 423 995; x_wconf 88' lang='lat' dir='ltr'>ineunte</span> <span class='ocrx_word' id='word_1_106' title='bbox 460 943 728 989; x_wconf 82' lang='lat' dir='ltr'>adulescentia</span> <span class='ocrx_word' id='word_1_107' title='bbox 760 937 969 980; x_wconf 88' lang='lat' dir='ltr'>dedissem,</span> <span class='ocrx_word' id='word_1_108' title='bbox 1009 938 1185 978; x_wconf 81' lang='lat' dir='ltr'>tempore</span> <span class='ocrx_word' id='word_1_109' title='bbox 1222 931 1341 972; x_wconf 88' lang='lat' dir='ltr'>atque</span> <span class='ocrx_word' id='word_1_110' title='bbox 1374 917 1533 957; x_wconf 71' lang='lat' dir='ltr'>officio.</span> 
     </span>
     <span class='ocr_line' id='line_1_14' title="bbox 176 988 1506 1063; baseline -0.034 1"><span class='ocrx_word' id='word_1_111' title='bbox 176 1030 336 1063; x_wconf 86' lang='lat' dir='ltr'>coactus</span> <span class='ocrx_word' id='word_1_112' title='bbox 365 1019 415 1057; x_wconf 91' lang='lat' dir='ltr'>ad</span> <span class='ocrx_word' id='word_1_113' title='bbox 445 1012 711 1055; x_wconf 85' lang='lat' dir='ltr'>accusandum</span> <span class='ocrx_word' id='word_1_114' title='bbox 743 1005 973 1044; x_wconf 83' lang='lat' dir='ltr'>traducerer.</span> <span class='ocrx_word' id='word_1_115' title='bbox 1035 994 1229 1034; x_wconf 83' lang='lat' dir='ltr'>Dicebam</span> <span class='ocrx_word' id='word_1_116' title='bbox 1259 988 1404 1027; x_wconf 82' lang='lat' dir='ltr'>habere</span> <span class='ocrx_word' id='word_1_117' title='bbox 1437 996 1506 1022; x_wconf 89' lang='lat' dir='ltr'>eos</span> 
     </span>
     <span class='ocr_line' id='line_1_15' title="bbox 177 1050 1505 1132; baseline -0.034 -3"><span class='ocrx_word' id='word_1_118' title='bbox 177 1097 349 1128; x_wconf 83' lang='lat' dir='ltr'>actorem</span> <span class='ocrx_word' id='word_1_119' title='bbox 382 1085 430 1132; x_wconf 85' lang='lat' dir='ltr'>Q.</span> <span class='ocrx_word' id='word_1_120' title='bbox 463 1077 691 1120; x_wconf 88' lang='lat' dir='ltr'>Caecilium,</span> <span class='ocrx_word' id='word_1_121' title='bbox 718 1070 785 1121; x_wconf 91' lang='lat' dir='ltr'>qui</span> <span class='ocrx_word' id='word_1_122' title='bbox 814 1063 1040 1119; x_wconf 87' lang='lat' dir='ltr'>praesertim</span> <span class='ocrx_word' id='word_1_123' title='bbox 1076 1064 1259 1109; x_wconf 82' lang='lat' dir='ltr'>quaestor</span> <span class='ocrx_word' id='word_1_124' title='bbox 1292 1053 1332 1091; x_wconf 89' lang='lat' dir='ltr'>in</span> <span class='ocrx_word' id='word_1_125' title='bbox 1366 1050 1505 1089; x_wconf 87' lang='lat' dir='ltr'>eadem</span> 
     </span>
     <span class='ocr_line' id='line_1_16' title="bbox 179 1117 1568 1206; baseline -0.033 -12"><span class='ocrx_word' id='word_1_126' title='bbox 179 1150 379 1206; x_wconf 88' lang='lat' dir='ltr'>provincia</span> <span class='ocrx_word' id='word_1_127' title='bbox 399 1154 488 1198; x_wconf 84' lang='lat' dir='ltr'>post</span> <span class='ocrx_word' id='word_1_128' title='bbox 509 1157 571 1182; x_wconf 86' lang='lat' dir='ltr'>me</span> <span class='ocrx_word' id='word_1_129' title='bbox 593 1145 838 1191; x_wconf 84' lang='lat' dir='ltr'>quaestorem</span> <span class='ocrx_word' id='word_1_130' title='bbox 866 1130 1011 1170; x_wconf 88' lang='lat' dir='ltr'>fuisset.</span> <span class='ocrx_word' id='word_1_131' title='bbox 1072 1127 1164 1174; x_wconf 87' lang='lat' dir='ltr'>Quo</span> <span class='ocrx_word' id='word_1_132' title='bbox 1184 1134 1257 1170; x_wconf 84' lang='lat' dir='ltr'>ego</span> <span class='ocrx_word' id='word_1_133' title='bbox 1277 1117 1507 1157; x_wconf 89' lang='lat' dir='ltr'>adiumento</span> <span class='ocrx_word' id='word_1_134' title='bbox 1530 1128 1568 1159; x_wconf 82' lang='lat'>15</span> 
     </span>
     <span class='ocr_line' id='line_1_17' title="bbox 182 1177 1508 1269; baseline -0.033 -11"><span class='ocrx_word' id='word_1_135' title='bbox 182 1217 387 1269; x_wconf 66' lang='lat' dir='ltr'>sperabam</span> <span class='ocrx_word' id='word_1_136' title='bbox 418 1214 519 1250; x_wconf 87' lang='lat' dir='ltr'>hanc</span> <span class='ocrx_word' id='word_1_137' title='bbox 548 1221 570 1245; x_wconf 91' lang='lat' dir='ltr'>a</span> <span class='ocrx_word' id='word_1_138' title='bbox 604 1217 667 1243; x_wconf 90' lang='lat' dir='ltr'>me</span> <span class='ocrx_word' id='word_1_139' title='bbox 701 1212 816 1252; x_wconf 89' lang='lat' dir='ltr'>posse</span> <span class='ocrx_word' id='word_1_140' title='bbox 850 1192 1070 1235; x_wconf 83' lang='lat' dir='ltr'>molestiam</span> <span class='ocrx_word' id='word_1_141' title='bbox 1102 1183 1315 1230; x_wconf 89' lang='lat' dir='ltr'>demoveri,</span> <span class='ocrx_word' id='word_1_142' title='bbox 1344 1181 1384 1219; x_wconf 92' lang='lat' dir='ltr'>id</span> <span class='ocrx_word' id='word_1_143' title='bbox 1413 1177 1508 1217; x_wconf 84' lang='lat' dir='ltr'>mihi</span> 
     </span>
     <span class='ocr_line' id='line_1_18' title="bbox 183 1242 1514 1322; baseline -0.032 0"><span class='ocrx_word' id='word_1_144' title='bbox 183 1290 264 1322; x_wconf 84' lang='lat' dir='ltr'>crat</span> <span class='ocrx_word' id='word_1_145' title='bbox 284 1275 546 1319; x_wconf 81' lang='lat' dir='ltr'>adversarium</span> <span class='ocrx_word' id='word_1_146' title='bbox 569 1268 762 1313; x_wconf 79' lang='lat' dir='ltr'>maxime3</span> <span class='ocrx_word' id='word_1_147' title='bbox 801 1274 892 1301; x_wconf 88' lang='lat' dir='ltr'>nam</span> <span class='ocrx_word' id='word_1_148' title='bbox 920 1257 975 1297; x_wconf 91' lang='lat' dir='ltr'>illi</span> <span class='ocrx_word' id='word_1_149' title='bbox 1004 1256 1128 1294; x_wconf 88' lang='lat' dir='ltr'>multo</span> <span class='ocrx_word' id='word_1_150' title='bbox 1150 1249 1245 1289; x_wconf 85' lang='lat' dir='ltr'>mihi</span> <span class='ocrx_word' id='word_1_151' title='bbox 1266 1250 1342 1286; x_wconf 89' lang='lat' dir='ltr'>hoc</span> <span class='ocrx_word' id='word_1_152' title='bbox 1363 1242 1514 1283; x_wconf 84' lang='lat' dir='ltr'>facilius</span> 
     </span>
     <span class='ocr_line' id='line_1_19' title="bbox 186 1311 1515 1386; baseline -0.032 1"><span class='ocrx_word' id='word_1_153' title='bbox 186 1345 425 1386; x_wconf 84' lang='lat' dir='ltr'>remisissent</span> <span class='ocrx_word' id='word_1_154' title='bbox 463 1339 494 1378; x_wconf 87' lang='lat' dir='ltr'>si</span> <span class='ocrx_word' id='word_1_155' title='bbox 532 1337 650 1375; x_wconf 89' lang='lat' dir='ltr'>istum</span> <span class='ocrx_word' id='word_1_156' title='bbox 689 1344 769 1370; x_wconf 90' lang='lat' dir='ltr'>non</span> <span class='ocrx_word' id='word_1_157' title='bbox 808 1330 981 1370; x_wconf 87' lang='lat' dir='ltr'>nossent,</span> <span class='ocrx_word' id='word_1_158' title='bbox 1016 1327 1083 1359; x_wconf 81' lang='lat' dir='ltr'>aut</span> <span class='ocrx_word' id='word_1_159' title='bbox 1122 1317 1153 1355; x_wconf 78' lang='lat' dir='ltr'>si</span> <span class='ocrx_word' id='word_1_160' title='bbox 1191 1316 1264 1353; x_wconf 87' lang='lat' dir='ltr'>iste</span> <span class='ocrx_word' id='word_1_161' title='bbox 1302 1311 1409 1362; x_wconf 89' lang='lat' dir='ltr'>apud</span> <span class='ocrx_word' id='word_1_162' title='bbox 1447 1320 1515 1346; x_wconf 86' lang='lat' dir='ltr'>eos</span> 
     </span>
    </p>

    <p class='ocr_par' dir='ltr' id='par_1_5' title="bbox 151 1374 1579 1717">
     <span class='ocr_line' id='line_1_20' title="bbox 151 1374 1513 1463; baseline -0.032 -10"><span class='ocrx_word' id='word_1_163' title='bbox 151 1432 166 1463; x_wconf 70' lang='lat'><strong><em>5</em></strong></span> <span class='ocrx_word' id='word_1_164' title='bbox 188 1419 370 1463; x_wconf 83' lang='lat' dir='ltr'>quaestor</span> <span class='ocrx_word' id='word_1_165' title='bbox 399 1419 480 1445; x_wconf 90' lang='lat' dir='ltr'>non</span> <span class='ocrx_word' id='word_1_166' title='bbox 511 1402 656 1441; x_wconf 86' lang='lat' dir='ltr'>fuisset.</span> <span class='ocrx_word' id='word_1_167' title='bbox 715 1395 925 1435; x_wconf 89' lang='lat' dir='ltr'>Adductus</span> <span class='ocrx_word' id='word_1_168' title='bbox 952 1400 1051 1433; x_wconf 88' lang='lat' dir='ltr'>sum,</span> <span class='ocrx_word' id='word_1_169' title='bbox 1077 1382 1237 1426; x_wconf 89' lang='lat' dir='ltr'>iudices,</span> <span class='ocrx_word' id='word_1_170' title='bbox 1260 1376 1401 1422; x_wconf 87' lang='lat' dir='ltr'>officio,</span> <span class='ocrx_word' id='word_1_171' title='bbox 1424 1374 1513 1418; x_wconf 85' lang='lat' dir='ltr'>fide,</span> 
     </span>
     <span class='ocr_line' id='line_1_21' title="bbox 189 1449 1579 1518; baseline -0.033 -1"><span class='ocrx_word' id='word_1_172' title='bbox 189 1472 465 1518; x_wconf 88' lang='lat' dir='ltr'>misericordia,</span> <span class='ocrx_word' id='word_1_173' title='bbox 498 1468 709 1507; x_wconf 87' lang='lat' dir='ltr'>multorum</span> <span class='ocrx_word' id='word_1_174' title='bbox 744 1461 939 1498; x_wconf 91' lang='lat' dir='ltr'>bonorum</span> <span class='ocrx_word' id='word_1_175' title='bbox 969 1450 1160 1498; x_wconf 79' lang='lat' dir='ltr'>exemplo,</span> <span class='ocrx_word' id='word_1_176' title='bbox 1191 1451 1320 1483; x_wconf 81' lang='lat' dir='ltr'>vetere</span> <span class='ocrx_word' id='word_1_177' title='bbox 1354 1450 1516 1478; x_wconf 89' lang='lat' dir='ltr'>consue·</span> <span class='ocrx_word' id='word_1_178' title='bbox 1537 1449 1579 1472; x_wconf 92' lang='lat'>20</span> 
     </span>
     <span class='ocr_line' id='line_1_22' title="bbox 190 1505 1520 1582; baseline -0.033 0"><span class='ocrx_word' id='word_1_179' title='bbox 190 1541 327 1581; x_wconf 88' lang='lat' dir='ltr'>tudine</span> <span class='ocrx_word' id='word_1_180' title='bbox 359 1535 617 1582; x_wconf 86' lang='lat' dir='ltr'>institutoque</span> <span class='ocrx_word' id='word_1_181' title='bbox 652 1526 855 1568; x_wconf 89' lang='lat' dir='ltr'>maiorum,</span> <span class='ocrx_word' id='word_1_182' title='bbox 884 1527 926 1558; x_wconf 88' lang='lat' dir='ltr'>ut</span> <span class='ocrx_word' id='word_1_183' title='bbox 955 1528 1056 1556; x_wconf 89' lang='lat' dir='ltr'>onus</span> <span class='ocrx_word' id='word_1_184' title='bbox 1085 1511 1201 1551; x_wconf 77' lang='lat' dir='ltr'>liuius</span> <span class='ocrx_word' id='word_1_185' title='bbox 1229 1505 1373 1547; x_wconf 88' lang='lat' dir='ltr'>laboris</span> <span class='ocrx_word' id='word_1_186' title='bbox 1401 1510 1520 1552; x_wconf 89' lang='lat' dir='ltr'>atque</span> 
     </span>
     <span class='ocr_line' id='line_1_23' title="bbox 192 1574 1523 1646; baseline -0.033 1"><span class='ocrx_word' id='word_1_187' title='bbox 192 1606 294 1646; x_wconf 81' lang='lat' dir='ltr'>offici</span> <span class='ocrx_word' id='word_1_188' title='bbox 324 1617 405 1643; x_wconf 91' lang='lat' dir='ltr'>non</span> <span class='ocrx_word' id='word_1_189' title='bbox 435 1615 482 1640; x_wconf 84' lang='lat' dir='ltr'>ex</span> <span class='ocrx_word' id='word_1_190' title='bbox 511 1610 611 1643; x_wconf 90' lang='lat' dir='ltr'>meo,</span> <span class='ocrx_word' id='word_1_191' title='bbox 635 1594 705 1633; x_wconf 89' lang='lat' dir='ltr'>sed</span> <span class='ocrx_word' id='word_1_192' title='bbox 733 1604 779 1630; x_wconf 85' lang='lat' dir='ltr'>ex</span> <span class='ocrx_word' id='word_1_193' title='bbox 806 1596 984 1627; x_wconf 89' lang='lat' dir='ltr'>meorum</span> <span class='ocrx_word' id='word_1_194' title='bbox 1011 1574 1319 1619; x_wconf 87' lang='lat' dir='ltr'>necessariorum</span> <span class='ocrx_word' id='word_1_195' title='bbox 1346 1578 1523 1618; x_wconf 89' lang='lat' dir='ltr'>tempore</span> 
     </span>
     <span class='ocr_line' id='line_1_24' title="bbox 195 1665 818 1717; baseline -0.03 -7"><span class='ocrx_word' id='word_1_196' title='bbox 195 1670 291 1710; x_wconf 72' lang='lat' dir='ltr'>milii</span> <span class='ocrx_word' id='word_1_197' title='bbox 312 1665 606 1717; x_wconf 85' lang='lat' dir='ltr'>suscipiendum</span> <span class='ocrx_word' id='word_1_198' title='bbox 628 1666 818 1710; x_wconf 87' lang='lat' dir='ltr'>putarem.</span> 
     </span>
    </p>

    <p class='ocr_par' dir='ltr' id='par_1_6' title="bbox 198 1700 1585 2048">
     <span class='ocr_line' id='line_1_25' title="bbox 251 1700 1522 1784; baseline -0.033 -9"><span class='ocrx_word' id='word_1_199' title='bbox 251 1738 344 1784; x_wconf 81' lang='lat' dir='ltr'>Quo</span> <span class='ocrx_word' id='word_1_200' title='bbox 377 1733 416 1770; x_wconf 93' lang='lat' dir='ltr'>in</span> <span class='ocrx_word' id='word_1_201' title='bbox 451 1727 610 1778; x_wconf 80' lang='lat' dir='ltr'>negotio</span> <span class='ocrx_word' id='word_1_202' title='bbox 643 1733 774 1762; x_wconf 83' lang='lat' dir='ltr'>tamen</span> <span class='ocrx_word' id='word_1_203' title='bbox 808 1719 874 1756; x_wconf 84' lang='lat' dir='ltr'>illa</span> <span class='ocrx_word' id='word_1_204' title='bbox 903 1728 966 1753; x_wconf 88' lang='lat' dir='ltr'>me</span> <span class='ocrx_word' id='word_1_205' title='bbox 994 1725 1065 1758; x_wconf 88' lang='lat' dir='ltr'>res,</span> <span class='ocrx_word' id='word_1_206' title='bbox 1096 1706 1256 1751; x_wconf 86' lang='lat' dir='ltr'>iudices,</span> <span class='ocrx_word' id='word_1_207' title='bbox 1287 1700 1522 1744; x_wconf 83' lang='lat' dir='ltr'>consolatur,</span> 
     </span>
     <span class='ocr_line' id='line_1_26' title="bbox 198 1762 1585 1852; baseline -0.033 -11"><span class='ocrx_word' id='word_1_208' title='bbox 198 1801 306 1852; x_wconf 88' lang='lat' dir='ltr'>quod</span> <span class='ocrx_word' id='word_1_209' title='bbox 341 1799 437 1836; x_wconf 82' lang='lat' dir='ltr'>haec</span> <span class='ocrx_word' id='word_1_210' title='bbox 472 1805 572 1844; x_wconf 89' lang='lat' dir='ltr'>quae</span> <span class='ocrx_word' id='word_1_211' title='bbox 606 1789 758 1827; x_wconf 77' lang='lat' dir='ltr'>videtur</span> <span class='ocrx_word' id='word_1_212' title='bbox 796 1795 881 1822; x_wconf 88' lang='lat' dir='ltr'>esse</span> <span class='ocrx_word' id='word_1_213' title='bbox 919 1774 1117 1817; x_wconf 84' lang='lat' dir='ltr'>accusatio</span> <span class='ocrx_word' id='word_1_214' title='bbox 1155 1783 1244 1809; x_wconf 85' lang='lat' dir='ltr'>mea</span> <span class='ocrx_word' id='word_1_215' title='bbox 1281 1780 1361 1805; x_wconf 89' lang='lat' dir='ltr'>non</span> <span class='ocrx_word' id='word_1_216' title='bbox 1395 1762 1526 1814; x_wconf 87' lang='lat' dir='ltr'>potius</span> <span class='ocrx_word' id='word_1_217' title='bbox 1547 1771 1585 1802; x_wconf 87' lang='lat'>25</span> 
     </span>
     <span class='ocr_line' id='line_1_27' title="bbox 199 1826 1527 1911; baseline -0.034 -4"><span class='ocrx_word' id='word_1_218' title='bbox 199 1863 397 1906; x_wconf 76' lang='lat' dir='ltr'>accusatio</span> <span class='ocrx_word' id='word_1_219' title='bbox 427 1871 546 1911; x_wconf 90' lang='lat' dir='ltr'>quam</span> <span class='ocrx_word' id='word_1_220' title='bbox 580 1852 759 1894; x_wconf 89' lang='lat' dir='ltr'>defensio</span> <span class='ocrx_word' id='word_1_221' title='bbox 789 1856 846 1887; x_wconf 90' lang='lat' dir='ltr'>est</span> <span class='ocrx_word' id='word_1_222' title='bbox 877 1839 1147 1884; x_wconf 82' lang='lat' dir='ltr'>existimanda.</span> <span class='ocrx_word' id='word_1_223' title='bbox 1207 1831 1391 1873; x_wconf 84' lang='lat' dir='ltr'>Defendo</span> <span class='ocrx_word' id='word_1_224' title='bbox 1423 1826 1527 1866; x_wconf 89' lang='lat' dir='ltr'>enim</span> 
     </span>
     <span class='ocr_line' id='line_1_28' title="bbox 203 1897 1534 1970; baseline -0.033 1"><span class='ocrx_word' id='word_1_225' title='bbox 203 1933 347 1970; x_wconf 88' lang='lat' dir='ltr'>multos</span> <span class='ocrx_word' id='word_1_226' title='bbox 368 1923 553 1970; x_wconf 85' lang='lat' dir='ltr'>mortalis,</span> <span class='ocrx_word' id='word_1_227' title='bbox 572 1921 713 1959; x_wconf 86' lang='lat' dir='ltr'>multas</span> <span class='ocrx_word' id='word_1_228' title='bbox 734 1913 920 1956; x_wconf 85' lang='lat' dir='ltr'>civitates,</span> <span class='ocrx_word' id='word_1_229' title='bbox 941 1902 1183 1959; x_wconf 78' lang='lat' dir='ltr'>provinciam</span> <span class='ocrx_word' id='word_1_230' title='bbox 1197 1897 1368 1938; x_wconf 89' lang='lat' dir='ltr'>Siciliam</span> <span class='ocrx_word' id='word_1_231' title='bbox 1384 1900 1507 1932; x_wconf 87' lang='lat' dir='ltr'>totam</span> <span class='ocrx_word' id='word_1_232' title='bbox 1525 1905 1534 1937; x_wconf 80' lang='lat'><em>3</em></span> 
     </span>
     <span class='ocr_line' id='line_1_29' title="bbox 204 1958 1533 2048; baseline -0.033 -12"><span class='ocrx_word' id='word_1_233' title='bbox 204 2009 323 2048; x_wconf 84' lang='lat' dir='ltr'>quam</span> <span class='ocrx_word' id='word_1_234' title='bbox 344 1993 397 2032; x_wconf 88' lang='lat' dir='ltr'>ob</span> <span class='ocrx_word' id='word_1_235' title='bbox 417 2003 510 2037; x_wconf 89' lang='lat' dir='ltr'>rem,</span> <span class='ocrx_word' id='word_1_236' title='bbox 526 1986 618 2037; x_wconf 81' lang='lat' dir='ltr'>quia</span> <span class='ocrx_word' id='word_1_237' title='bbox 639 1981 734 2022; x_wconf 86' lang='lat' dir='ltr'>mihi</span> <span class='ocrx_word' id='word_1_238' title='bbox 756 1990 857 2018; x_wconf 88' lang='lat' dir='ltr'>unus</span> <span class='ocrx_word' id='word_1_239' title='bbox 878 1982 936 2014; x_wconf 87' lang='lat' dir='ltr'>est</span> <span class='ocrx_word' id='word_1_240' title='bbox 956 1968 1213 2011; x_wconf 81' lang='lat' dir='ltr'>accusandus,</span> <span class='ocrx_word' id='word_1_241' title='bbox 1230 1974 1353 2014; x_wconf 88' lang='lat' dir='ltr'>prope</span> <span class='ocrx_word' id='word_1_242' title='bbox 1369 1958 1533 1998; x_wconf 88' lang='lat' dir='ltr'>modum</span> 
     </span>
    </p>
   </div>
   <div class='ocr_carea' id='block_1_3' title="bbox 208 2059 1546 2390">
    <p class='ocr_par' dir='ltr' id='par_1_7' title="bbox 208 2059 1546 2390">
     <span class='ocr_line' id='line_1_30' title="bbox 250 2059 1534 2134; baseline -0.033 -4"><span class='ocrx_word' id='word_1_243' title='bbox 250 2111 269 2129; x_wconf 81' lang='lat'>2</span> <span class='ocrx_word' id='word_1_244' title='bbox 295 2107 376 2128; x_wconf 79' lang='lat' dir='ltr'>num</span> <span class='ocrx_word' id='word_1_245' title='bbox 394 2094 481 2134; x_wconf 88' lang='lat' dir='ltr'>quod</span> <span class='ocrx_word' id='word_1_246' title='bbox 503 2089 665 2122; x_wconf 66' lang='lat' dir='ltr'>deorum?</span> <span class='ocrx_word' id='word_1_247' title='bbox 694 2086 750 2125; x_wconf 66' lang='grc' dir='ltr'>(ἰν,</span> <span class='ocrx_word' id='word_1_248' title='bbox 774 2086 788 2121; x_wconf 64' lang='grc' dir='ltr'>ξ</span> <span class='ocrx_word' id='word_1_249' title='bbox 811 2080 885 2119; x_wconf 55' lang='grc' dir='ltr'>15ΐί</span> <span class='ocrx_word' id='word_1_250' title='bbox 1004 2085 1041 2113; x_wconf 84' lang='grc'>13</span> <span class='ocrx_word' id='word_1_251' title='bbox 1066 2071 1193 2103; x_wconf 85' lang='lat' dir='ltr'>habere</span> <span class='ocrx_word' id='word_1_252' title='bbox 1214 2077 1272 2098; x_wconf 84' lang='lat' dir='ltr'>eos</span> <span class='ocrx_word' id='word_1_253' title='bbox 1283 2065 1342 2106; x_wconf 73' lang='lat' dir='ltr'>j&gt;rS</span> <span class='ocrx_word' id='word_1_254' title='bbox 1363 2061 1475 2102; x_wconf 78' lang='lat' dir='ltr'>Quint.</span> <span class='ocrx_word' id='word_1_255' title='bbox 1491 2059 1534 2088; x_wconf 75' lang='lat' dir='ltr'>ix.</span> 
     </span>
     <span class='ocr_line' id='line_1_31' title="bbox 208 2103 1539 2181; baseline -0.034 -6"><span class='ocrx_word' id='word_1_256' title='bbox 208 2155 238 2174; x_wconf 86' lang='lat'>2.</span> <span class='ocrx_word' id='word_1_257' title='bbox 254 2153 315 2181; x_wconf 84' lang='lat'>59:</span> <span class='ocrx_word' id='word_1_258' title='bbox 341 2149 398 2170; x_wconf 84' lang='lat' dir='ltr'>eos</span> <span class='ocrx_word' id='word_1_259' title='bbox 417 2138 540 2168; x_wconf 82' lang='lat' dir='ltr'>habere</span> <span class='ocrx_word' id='word_1_260' title='bbox 556 2134 618 2164; x_wconf 53' lang='lat' dir='ltr'>DQ</span> <span class='ocrx_word' id='word_1_261' title='bbox 711 2139 748 2166; x_wconf 86' lang='lat'>14</span> <span class='ocrx_word' id='word_1_262' title='bbox 773 2126 891 2157; x_wconf 86' lang='lat' dir='ltr'>eadem</span> <span class='ocrx_word' id='word_1_263' title='bbox 906 2119 992 2162; x_wconf 70' lang='lat' dir='ltr'>prGl</span> <span class='ocrx_word' id='word_1_264' title='bbox 1009 2130 1015 2148; x_wconf 90' lang='lat'>:</span> <span class='ocrx_word' id='word_1_265' title='bbox 1039 2127 1100 2147; x_wconf 83' lang='lat' dir='ltr'>sua</span> <span class='ocrx_word' id='word_1_266' title='bbox 1116 2113 1200 2144; x_wconf 88' lang='lat' dir='ltr'>DL:</span> <span class='ocrx_word' id='word_1_267' title='bbox 1225 2111 1280 2140; x_wconf 86' lang='lat' dir='ltr'>illa</span> <span class='ocrx_word' id='word_1_268' title='bbox 1298 2103 1539 2144; x_wconf 62' lang='lat' dir='ltr'>Hirsclisclder:</span> 
     </span>
     <span class='ocr_line' id='line_1_32' title="bbox 210 2145 1541 2217; baseline -0.033 0"><span class='ocrx_word' id='word_1_269' title='bbox 210 2185 323 2217; x_wconf 78' lang='lat' dir='ltr'>Sicilia</span> <span class='ocrx_word' id='word_1_270' title='bbox 345 2182 481 2213; x_wconf 75' lang='lat' dir='ltr'>Mucller</span> <span class='ocrx_word' id='word_1_271' title='bbox 580 2187 618 2215; x_wconf 86' lang='lat'>15</span> <span class='ocrx_word' id='word_1_272' title='bbox 643 2177 718 2214; x_wconf 87' lang='lat' dir='ltr'>post</span> <span class='ocrx_word' id='word_1_273' title='bbox 739 2181 791 2202; x_wconf 89' lang='lat' dir='ltr'>me</span> <span class='ocrx_word' id='word_1_274' title='bbox 815 2170 1025 2208; x_wconf 80' lang='lat' dir='ltr'>quaestorem</span> <span class='ocrx_word' id='word_1_275' title='bbox 1046 2161 1105 2190; x_wconf 83' lang='grc' dir='ltr'>πδ;</span> <span class='ocrx_word' id='word_1_276' title='bbox 1129 2167 1193 2187; x_wconf 83' lang='lat' dir='ltr'>om.</span> <span class='ocrx_word' id='word_1_277' title='bbox 1217 2153 1291 2183; x_wconf 64' lang='lat' dir='ltr'>Dr.</span> <span class='ocrx_word' id='word_1_278' title='bbox 1338 2149 1429 2180; x_wconf 81' lang='lat' dir='ltr'>Haec</span> <span class='ocrx_word' id='word_1_279' title='bbox 1446 2145 1541 2177; x_wconf 79' lang='lat' dir='ltr'>verba</span> 
     </span>
     <span class='ocr_line' id='line_1_33' title="bbox 211 2189 1542 2270; baseline -0.034 -9"><span class='ocrx_word' id='word_1_280' title='bbox 211 2229 365 2270; x_wconf 77' lang='lat' dir='ltr'>requirere</span> <span class='ocrx_word' id='word_1_281' title='bbox 388 2225 516 2255; x_wconf 76' lang='lat' dir='ltr'>ve&#39;dclur</span> <span class='ocrx_word' id='word_1_282' title='bbox 537 2218 730 2252; x_wconf 78' lang='lat' dir='ltr'>vocabulum</span> <span class='ocrx_word' id='word_1_283' title='bbox 757 2212 838 2244; x_wconf 72' lang='lat' dir='ltr'><em>illud</em></span> <span class='ocrx_word' id='word_1_284' title='bbox 861 2205 1081 2249; x_wconf 82' lang='lat' dir='ltr'>praesertim:</span> <span class='ocrx_word' id='word_1_285' title='bbox 1101 2201 1137 2240; x_wconf 89' lang='lat' dir='ltr'>J.</span> <span class='ocrx_word' id='word_1_286' title='bbox 1161 2198 1223 2229; x_wconf 73' lang='lat' dir='ltr'>Ph.</span> <span class='ocrx_word' id='word_1_287' title='bbox 1246 2204 1325 2233; x_wconf 82' lang='lat' dir='ltr'>xxx,</span> <span class='ocrx_word' id='word_1_288' title='bbox 1348 2202 1418 2230; x_wconf 25' lang='lat'>173*</span> <span class='ocrx_word' id='word_1_289' title='bbox 1464 2189 1542 2226; x_wconf 84' lang='lat' dir='ltr'>Quo</span> 
     </span>
     <span class='ocr_line' id='line_1_34' title="bbox 210 2233 1543 2307; baseline -0.034 -3"><span class='ocrx_word' id='word_1_290' title='bbox 210 2272 322 2303; x_wconf 39' lang='lat' dir='ltr'><em>codd*</em></span> <span class='ocrx_word' id='word_1_291' title='bbox 359 2270 418 2300; x_wconf 86' lang='lat' dir='ltr'>sed</span> <span class='ocrx_word' id='word_1_292' title='bbox 446 2277 513 2307; x_wconf 88' lang='lat' dir='ltr'>quo</span> <span class='ocrx_word' id='word_1_293' title='bbox 538 2264 617 2295; x_wconf 74' lang='lat' dir='ltr'>coni.</span> <span class='ocrx_word' id='word_1_294' title='bbox 642 2258 819 2291; x_wconf 70' lang='lat' dir='ltr'>Ruhnken,</span> <span class='ocrx_word' id='word_1_295' title='bbox 841 2254 925 2294; x_wconf 79' lang='lat' dir='ltr'>sort.</span> <span class='ocrx_word' id='word_1_296' title='bbox 953 2253 1027 2280; x_wconf 71' lang='lat' dir='ltr'>recle</span> <span class='ocrx_word' id='word_1_297' title='bbox 1205 2241 1243 2271; x_wconf 84' lang='lat'>16</span> <span class='ocrx_word' id='word_1_298' title='bbox 1266 2234 1434 2269; x_wconf 79' lang='lat' dir='ltr'>demoveri</span> <span class='ocrx_word' id='word_1_299' title='bbox 1459 2233 1543 2272; x_wconf 63' lang='lat' dir='ltr'>prb:</span> 
     </span>
     <span class='ocr_line' id='line_1_35' title="bbox 213 2277 1545 2351; baseline -0.034 -3"><span class='ocrx_word' id='word_1_300' title='bbox 213 2317 336 2346; x_wconf 78' lang='lat' dir='ltr'>dimov.</span> <span class='ocrx_word' id='word_1_301' title='bbox 358 2313 442 2351; x_wconf 61' lang='lat' dir='ltr'>DWq</span> <span class='ocrx_word' id='word_1_302' title='bbox 461 2306 623 2348; x_wconf 27' lang='lat' dir='ltr'>&amp;amoveri</span> <span class='ocrx_word' id='word_1_303' title='bbox 641 2305 685 2345; x_wconf 76' lang='lat' dir='ltr'>L)</span> <span class='ocrx_word' id='word_1_304' title='bbox 763 2301 851 2331; x_wconf 90' lang='lat' dir='ltr'>idem</span> <span class='ocrx_word' id='word_1_305' title='bbox 872 2296 905 2325; x_wconf 89' lang='lat' dir='ltr'>id</span> <span class='ocrx_word' id='word_1_306' title='bbox 922 2293 984 2324; x_wconf 67' lang='lat' dir='ltr'>Dr</span> <span class='ocrx_word' id='word_1_307' title='bbox 1076 2298 1115 2327; x_wconf 91' lang='lat'>19</span> <span class='ocrx_word' id='word_1_308' title='bbox 1140 2285 1189 2316; x_wconf 85' lang='lat' dir='ltr'>Ita</span> <span class='ocrx_word' id='word_1_309' title='bbox 1207 2283 1370 2314; x_wconf 83' lang='lat' dir='ltr'>adductus</span> <span class='ocrx_word' id='word_1_310' title='bbox 1387 2277 1545 2317; x_wconf 54' lang='lat' dir='ltr'>Plujgers</span> 
     </span>
     <span class='ocr_line' id='line_1_36' title="bbox 215 2318 1546 2390; baseline -0.035 2"><span class='ocrx_word' id='word_1_311' title='bbox 215 2371 257 2390; x_wconf 76' lang='lat'>20</span> <span class='ocrx_word' id='word_1_312' title='bbox 280 2357 387 2389; x_wconf 84' lang='lat' dir='ltr'>veteri</span> <span class='ocrx_word' id='word_1_313' title='bbox 405 2355 438 2386; x_wconf 90' lang='lat' dir='ltr'><em>D</em></span> <span class='ocrx_word' id='word_1_314' title='bbox 456 2354 496 2385; x_wconf 78' lang='lat' dir='ltr'>al.</span> <span class='ocrx_word' id='word_1_315' title='bbox 518 2364 538 2382; x_wconf 91' lang='grc' dir='ltr'><em>π</em></span> <span class='ocrx_word' id='word_1_316' title='bbox 671 2358 710 2385; x_wconf 82' lang='lat'>24</span> <span class='ocrx_word' id='word_1_317' title='bbox 737 2344 794 2375; x_wconf 84' lang='lat' dir='ltr'>illa</span> <span class='ocrx_word' id='word_1_318' title='bbox 812 2352 864 2371; x_wconf 84' lang='lat' dir='ltr'>me</span> <span class='ocrx_word' id='word_1_319' title='bbox 884 2348 939 2369; x_wconf 83' lang='lat' dir='ltr'>res</span> <span class='ocrx_word' id='word_1_320' title='bbox 955 2335 990 2366; x_wconf 90' lang='lat' dir='ltr'><em>D</em></span> <span class='ocrx_word' id='word_1_321' title='bbox 1005 2333 1049 2365; x_wconf 76' lang='lat' dir='ltr'>cil.</span> <span class='ocrx_word' id='word_1_322' title='bbox 1071 2342 1113 2361; x_wconf 85' lang='grc' dir='ltr'>π;</span> <span class='ocrx_word' id='word_1_323' title='bbox 1138 2329 1193 2359; x_wconf 89' lang='lat' dir='ltr'>illa</span> <span class='ocrx_word' id='word_1_324' title='bbox 1211 2336 1264 2358; x_wconf 86' lang='lat' dir='ltr'>res</span> <span class='ocrx_word' id='word_1_325' title='bbox 1282 2334 1333 2354; x_wconf 90' lang='lat' dir='ltr'>me</span> <span class='ocrx_word' id='word_1_326' title='bbox 1354 2321 1394 2360; x_wconf 63' lang='lat' dir='ltr'>G,</span> <span class='ocrx_word' id='word_1_327' title='bbox 1504 2318 1546 2348; x_wconf 84' lang='lat'>28</span> 
     </span>
    </p>
   </div>
   <div class='ocr_carea' id='block_1_4' title="bbox 214 2384 886 2443">
    <p class='ocr_par' dir='ltr' id='par_1_8' title="bbox 214 2384 886 2443">
     <span class='ocr_line' id='line_1_37' title="bbox 214 2384 886 2443; baseline -0.033 -8"><span class='ocrx_word' id='word_1_328' title='bbox 214 2404 291 2443; x_wconf 86' lang='lat' dir='ltr'>quia</span> <span class='ocrx_word' id='word_1_329' title='bbox 309 2401 370 2432; x_wconf 76' lang='grc' dir='ltr'>ΒΨ</span> <span class='ocrx_word' id='word_1_330' title='bbox 386 2400 475 2440; x_wconf 77' lang='lat' dir='ltr'>(cum</span> <span class='ocrx_word' id='word_1_331' title='bbox 495 2395 560 2437; x_wconf 56' lang='lat' dir='ltr'>Ly:</span> <span class='ocrx_word' id='word_1_332' title='bbox 586 2393 612 2424; x_wconf 89' lang='lat' dir='ltr'>si</span> <span class='ocrx_word' id='word_1_333' title='bbox 625 2392 684 2434; x_wconf 73' lang='lat' dir='ltr'>prS</span> <span class='ocrx_word' id='word_1_334' title='bbox 702 2385 848 2429; x_wconf 63' lang='lat' dir='ltr'>(etiamsi</span> <span class='ocrx_word' id='word_1_335' title='bbox 861 2384 886 2425; x_wconf 68' lang='grc' dir='ltr'>ἓ)</span> 
     </span>
    </p>
   </div>
  </div>
 </body>
</html>
