1600 2704
160 149 188 186 6
211 162 247 185 11
578 147 634 184 M.
666 147 835 184 TVLLI
866 145 1174 185 CICERONIS

162 237 190 274 6
265 256 374 306 Quid
400 256 514 306 igitur
540 256 655 294 nobis
682 255 907 294 faciendum
937 256 1024 293 est?
1053 267 1148 292 num
1169 252 1408 304 argumentis
1428 260 1536 291 uten-

152 305 185 326 Π
208 322 305 360 dum
325 322 366 360 in
386 334 426 359 re
447 320 530 360 eius
558 319 696 359 modi?
754 321 1048 369 Quaerendum,
1071 320 1201 366 credo,
1225 325 1283 357 est
1311 317 1440 357 Heius
1464 317 1536 355 iste

207 399 303 424 num
324 398 389 424 aes
410 385 582 424 alienum
603 384 794 431 habuerit,
818 398 913 422 num
933 383 1158 422 auctionem
1186 382 1344 430 fecerit,
1373 382 1404 421 si
1431 380 1534 428 fecit,

207 464 302 489 num
338 457 447 488 tanta
480 449 688 488 difficultas
723 462 813 487 eum
852 448 906 487 rei
940 448 1183 486 nummariae
1214 447 1392 495 tenuerit,
1429 454 1538 485 tanta

207 522 368 564 egestas,
392 522 500 553 tanta
526 514 583 552 vis
612 513 793 564 presserit
820 521 861 551 ut
888 513 1097 552 sacrarium
1124 526 1239 551 suum
1270 511 1463 563 spoliaret,
1495 518 1537 549 ut
1557 523 1574 554 5

207 582 304 619 deos
353 579 498 630 patrios
537 580 735 617 venderet.
813 570 867 616 At
914 577 1117 616 hominem
1155 577 1272 617 video
1310 577 1535 616 auctionem

207 644 345 682 secisse
385 645 545 690 nullam,
579 642 805 681 vendidisse
838 649 990 692 praeter
1024 643 1170 680 fructus
1203 655 1294 680 suos
1330 640 1426 679 nihil
1457 653 1537 678 um-

208 721 338 758 quam,
361 721 443 746 non
471 708 594 745 modo
620 706 660 744 in
687 720 776 745 aere
802 706 933 745 alieno
957 708 1075 753 nullo,
1099 707 1169 744 sed
1194 706 1233 744 in
1258 706 1337 744 suis
1365 704 1538 743 nummis

210 773 340 811 multis
362 786 448 811 esse
474 779 512 810 et
539 785 694 822 semper
721 771 840 810 fuisse
854 786 864 820 3
894 771 925 809 si
955 773 1052 810 haec
1073 779 1210 810 contra
1229 784 1275 809 ac
1296 770 1387 810 dico
1407 777 1537 809 essent

209 837 353 884 omnia,
378 844 511 875 tamen
539 836 650 875 illum
677 837 788 884 haec,
813 849 915 886 quae
941 844 998 875 tot
1025 849 1151 874 annos
1176 835 1215 874 in
1241 835 1388 874 familia
1416 847 1538 873 sacra·
1561 849 1598 872 10

210 902 345 952 rioque
367 901 559 941 maiorum
581 901 756 948 fuissent,
779 900 1029 940 venditurum
1052 914 1130 939 non
1153 900 1282 939 fuisse.
1336 899 1483 949 ‘Quid,
1505 898 1536 938 si

209 966 482 1016 magnitudine
502 966 693 1016 pecuniae
707 979 937 1016 persuasum
958 973 1016 1004 est
1032 967 1069 1004 ?'
1118 965 1209 1003 Veri
1231 964 1358 1003 simile
1378 977 1459 1003 non
1480 972 1537 1003 est

210 1040 252 1070 ut
284 1031 348 1070 ille
382 1033 505 1070 homo
538 1039 617 1069 tam
650 1032 838 1081 locuples,
872 1038 953 1069 tam
992 1032 1193 1078 honestus,
1230 1029 1408 1080 religioni
1446 1042 1539 1068 suae

154 1095 559 1145 12monumentisque
599 1095 790 1133 maiorum
829 1095 1039 1144 pecuniam
1077 1102 1346 1146 anteponeret.
1416 1096 1539 1132 ‘Sunt

211 1161 283 1199 ista
301 1175 311 1208 3
357 1173 493 1198 verum
532 1167 663 1198 tamen
702 1159 954 1198 abducuntur
992 1159 1174 1198 homines
1196 1172 1287 1203 ,non
1320 1172 1537 1209 numquam
1562 1175 1598 1207 15

210 1224 328 1264 etiam
349 1225 400 1263 ab
421 1223 607 1262 institutis
638 1223 717 1262 suis
747 1223 1020 1274 magnitudine
1049 1223 1265 1274 pecuniae.'
1321 1223 1540 1262 Videamus

210 1298 357 1340 quanta
386 1289 460 1327 ista
488 1288 656 1339 pecunia
676 1288 790 1326 fuerit
820 1302 921 1338 quae
950 1288 1120 1338 potuerit
1151 1289 1313 1337 Heium,
1336 1288 1539 1327 hominem

211 1354 379 1392 maxime
408 1355 658 1403 locupletem,
682 1352 845 1391 minime
871 1366 1042 1400 avarum,
1064 1353 1115 1392 ab
1136 1353 1391 1401 humanitate,
1414 1366 1437 1391 a
1463 1353 1540 1403 pie-

210 1428 299 1467 tate,
331 1420 382 1457 ab
412 1419 598 1468 religione
628 1419 834 1457 deducere.
896 1419 957 1456 Ita
983 1418 1139 1466 iussisti,
1168 1419 1317 1468 opinor,
1341 1418 1470 1469 ipsum
1500 1417 1539 1456 in

210 1485 362 1522 tabulas
401 1485 566 1522 referre:
613 1484 754 1521 ‘Haec
793 1482 927 1521 onmia
964 1483 1074 1533 signa
1114 1483 1305 1531 Praxiteli,
1348 1482 1536 1532 Myronis,
1561 1499 1600 1522 20

211 1548 390 1598 Polycliti
424 1550 494 1587 HS
529 1561 596 1586 sex
635 1547 792 1586 milibus
827 1547 1051 1598 quingentis
1083 1548 1194 1587 Verri
1225 1549 1408 1587 vendita.'
1476 1547 1540 1586 Sic

210 1613 367 1652 rettulit.
429 1612 580 1651 Recita.
641 1614 705 1650 Ex
735 1624 915 1651 TABVLls.
977 1614 1090 1650 Iuvat
1121 1626 1183 1651 me
1213 1614 1310 1651 haec
1344 1614 1541 1663 praeclara

210 1678 372 1717 nomina
400 1677 605 1725 artificum,
629 1691 729 1727 quae
760 1677 823 1716 isti
851 1678 903 1716 ad
933 1679 1086 1716 caelum
1116 1679 1254 1725 ferunt,
1278 1678 1409 1716 Verris
1429 1677 1541 1717 aesti-

211 1742 385 1781 matione
424 1742 479 1780 sic
518 1741 749 1781 concidisse.
811 1741 1051 1792 Cupidinem
1092 1742 1273 1781 Praxiteli
1313 1744 1384 1781 HS
1425 1746 1539 1782 MDC!

214 1809 396 1845 Profecto
416 1806 510 1845 hinc
530 1814 666 1845 natum
688 1814 757 1853 est,
784 1808 918 1845 ‘Malo
938 1820 1068 1845 emere
1089 1821 1206 1857 quam
1228 1809 1386 1858 rogare!
1560 1822 1598 1854 ²5

270 1871 385 1910 Dicet
404 1871 545 1922 aliquis
564 1887 571 1910 :
604 1872 765 1920 ‘Quid?
795 1879 836 1910 tu
857 1871 930 1910 ista
950 1886 1165 1922 permagno
1185 1873 1367 1911 aestimas
1383 1874 1420 1911 ?’
1455 1875 1541 1923 Ego

213 1950 305 1975 vero
342 1938 393 1975 ad
432 1950 561 1975 meam
600 1936 791 1976 rationem
831 1950 1026 1987 usumque
1066 1950 1198 1976 meum
1237 1951 1318 1976 non
1351 1937 1542 1984 aestimo,

211 2014 346 2039 verum
376 2008 509 2039 tamen
533 2014 557 2039 a
576 2000 688 2039 vobis
713 2001 767 2039 ita
795 2001 960 2039 arbitror
987 2001 1154 2051 spectari
1185 2009 1375 2052 oportere,
1405 2001 1541 2052 quanti
1598 2049 1600 2055 Ι

211 2068 308 2104 haec
338 2079 474 2104 eorum
502 2065 650 2105 iudicio
680 2065 746 2116 qui
781 2066 946 2105 studiosi
973 2074 1064 2104 sunt
1097 2067 1236 2105 harum
1270 2080 1397 2105 rerum
1431 2066 1542 2105 aesti-
1597 2071 1600 2101 ἰ

212 2140 377 2179 meritur,
410 2131 547 2182 quanti
579 2132 711 2170 venire
739 2134 901 2179 soleant,
925 2131 1061 2181 quanti
1096 2133 1193 2170 haec
1224 2131 1318 2182 ipsa,
1351 2131 1381 2170 si
1411 2133 1540 2181 palam
1561 2136 1600 2180 39!

211 2195 410 2245 libereque
449 2196 640 2245 venirent,
678 2196 810 2235 venire
858 2204 1030 2246 possent,
1072 2195 1244 2246 denique
1283 2195 1367 2246 ipse
1401 2197 1541 2234 Verres
1595 2216 1599 2248 2

156 1908 194 1939 13

257 2308 295 2328 12
320 2309 517 2338 persuasum
535 2304 588 2331 est
605 2300 636 2331 ei
648 2301 710 2340 256:
736 2300 766 2330 ei
784 2310 978 2340 persuasum
996 2305 1047 2331 est
1064 2299 1197 2340 chmb.,
1217 2299 1368 2331 Heraeus
1503 2309 1542 2339 19
1594 2278 1598 2327 i

210 2342 252 2373 ab
268 2344 325 2373 πδ;
350 2353 415 2373 om.
436 2342 499 2373 RS
624 2353 660 2373 21
687 2343 883 2382 quingentis
900 2343 1037 2374 Holom.
1057 2354 1096 2373 ex
1115 2347 1129 2381 ξ
1148 2345 1209 2382 38;
1234 2353 1313 2375 11100
1336 2342 1399 2374 RS
1485 2343 1541 2374 Sic
1599 2340 1600 2359 ¹

215 2385 321 2415 VHn6
336 2398 342 2416 ;
367 2385 427 2415 sed
445 2384 508 2416 RS
610 2397 650 2416 22
674 2387 787 2416 iuvant
804 2386 892 2417 codd.
999 2397 1039 2425 25
1064 2397 1177 2417 emere
1196 2398 1214 2416 ν
1226 2387 1270 2417 al.
1286 2400 1291 2418 :
1316 2397 1381 2418 om.
1398 2386 1499 2425 RSp&
