1600 2704
113 107 379 150 ACTIONIS
408 106 469 145 IN
500 105 546 145 C.
568 103 809 141 VERREM
841 99 1140 140 SECVNDAE
1170 98 1274 136 LIB.
1297 98 1334 132 V
1387 104 1436 143 57
1459 101 1520 140 148
1553 61 1561 67 ·

110 219 263 271 potuit:
307 216 583 266 ἐδικαιώθησαν,
614 213 751 263 inquit,
784 214 861 251 hoc
892 219 959 258 est,
990 218 1032 249 ut
1063 209 1183 249 Siculi
1212 211 1437 258 loquuntur,

110 283 305 335 supplicio
333 280 479 321 adfecti
507 293 554 318 ac
583 277 711 317 necati
742 284 842 315 sunt.

165 349 205 388 Si
227 348 294 398 qui
314 361 389 395 rex,
412 346 443 385 si
464 357 542 395 qua
562 342 698 382 civitas
719 349 934 380 exterarum
960 338 1149 389 gentium,
1173 337 1203 375 si
1231 349 1307 386 qua
1332 336 1440 374 natio
1459 313 1510 360 58

112 413 267 453 fecisset
287 412 436 462 aliquid
463 410 503 448 in
533 408 628 447 civis
657 409 861 445 Romanos
883 404 966 443 eius
988 403 1108 450 modi,
1130 414 1264 440 nonne
1284 400 1442 451 publice

73 492 92 523 5
113 477 413 523 vindicaremus,
434 487 568 512 nonne
596 473 700 510 bello
727 470 1079 521 persequeremur?
1108 478 1314 517 possemus
1341 466 1443 502 hanc

101 541 294 580 iniuriam
322 538 659 591 ignominiamque
686 534 857 575 nominis
887 532 1059 572 Romani
1088 531 1250 570 inultam
1279 529 1445 579 impuni-

115 614 274 656 tamque
303 603 532 644 dimittere?
588 603 698 650 Quot
725 601 827 638 bella
852 598 1018 637 maiores
1047 605 1201 635 nostros
1232 603 1268 632 et
1299 602 1445 643 quanta

114 670 333 721 suscepisse
362 666 614 713 arbitramini,
639 667 747 716 quod
777 664 881 703 cives
914 662 1085 701 Romani
1120 660 1259 698 iniuria
1288 658 1446 705 adfecti,

114 736 224 787 quod
258 732 484 773 navicularii
523 730 675 777 retenti,
715 730 823 779 quod
864 734 1099 766 mercatores
1152 723 1305 774 spoliati
1345 722 1447 761 dice-

58 815 96 837 10
114 800 279 839 rentur?
334 800 389 837 At
420 810 492 847 ego
519 796 596 834 iam
630 802 802 833 retentos
832 805 913 830 non
938 803 1089 841 queror,
1113 788 1299 839 spoliatos
1327 788 1448 825 feren—

116 867 211 905 dum
232 871 331 914 puto
346 878 356 911 ,-
384 862 562 908 navibus,
584 858 800 909 mancipiis,
822 856 1018 896 mercibus
1044 853 1239 904 ademptis
1261 852 1300 890 in
1321 852 1448 889 vincla

117 937 353 968 mercatores
392 940 478 966 esse
520 925 721 965 coniectos
761 931 799 961 et
842 922 881 959 in
924 920 1061 958 vinclis
1109 918 1204 956 civis
1244 918 1449 955 Romanos

117 1003 278 1034 necatos
312 1006 398 1033 esse
429 1004 559 1042 arguo.
620 989 659 1028 Si
694 991 791 1027 haec
822 987 928 1036 apud
961 986 1124 1034 Scythas
1154 982 1338 1027 dicerem,
1369 993 1449 1018 non

117 1060 181 1099 hic
216 1060 255 1098 in
295 1066 404 1097 tanta
436 1054 688 1095 multitudine
721 1052 865 1091 civium
908 1052 1192 1093 Romanorum,
1228 1059 1309 1084 non
1343 1045 1450 1094 apud

63 1138 98 1170 15
118 1133 329 1171 senatores,
358 1121 591 1161 lectissimos
620 1117 797 1163 civitatis,
819 1129 900 1154 non
931 1115 969 1152 in
997 1115 1081 1152 soro
1111 1110 1246 1161 populi
1278 1107 1450 1147 Romani

118 1191 168 1229 de
189 1196 247 1228 tot
267 1196 305 1227 et
326 1196 406 1226 tam
427 1184 578 1224 acerbis
601 1180 801 1233 suppliciis
833 1179 976 1218 civium
1011 1179 1296 1220 Romanorum,
1319 1181 1451 1211 tamen

118 1253 272 1292 animos
304 1252 422 1291 etiam
464 1249 718 1288 barbarorum
756 1244 964 1284 hominum
999 1252 1268 1292 permoverem
1288 1253 1297 1286 3
1344 1245 1452 1275 tanta

120 1318 225 1357 enirn
245 1317 362 1355 huius
383 1314 521 1366 imperi
546 1313 780 1363 amplitudo,
804 1317 911 1348 tanta
939 1306 1110 1346 nominis
1133 1303 1305 1343 Romani
1331 1301 1453 1351 digni-

121 1391 178 1422 tas
213 1390 271 1422 est
304 1382 411 1432 apud
446 1379 575 1419 omnis
610 1377 789 1416 nationes
822 1382 864 1412 ut
896 1373 969 1411 ista
1006 1371 1046 1409 in
1078 1377 1232 1409 nostros
1271 1366 1453 1405 homines

63 1464 104 1487 20
122 1446 332 1487 crudelitas
366 1444 514 1484 nemini
546 1454 733 1481 concessa
768 1452 853 1478 esse
884 1437 1071 1476 videatur.
1131 1435 1250 1471 Nunc
1281 1431 1350 1469 tibi
1380 1443 1454 1480 ego

123 1515 243 1552 ullam
271 1513 448 1556 salutem,
470 1509 594 1546 ullum
615 1504 834 1556 perfugium
856 1509 1004 1553 putem,
1026 1512 1116 1538 cum
1145 1506 1182 1536 te
1209 1495 1452 1546 implicatum

123 1576 328 1616 severitate
348 1573 536 1619 iudicum,
558 1568 864 1610 circumretitum
885 1564 1104 1615 frequentia
1124 1561 1258 1612 populi
1282 1558 1455 1598 Romani

123 1656 209 1682 esse
243 1640 428 1680 videam?
485 1637 522 1676 Si
556 1636 791 1681 mehercule,
822 1633 862 1671 id
894 1631 1001 1681 quod
1034 1629 1114 1668 fieri
1146 1640 1225 1665 non
1256 1638 1371 1676 posse
1401 1624 1455 1661 in—

124 1709 276 1757 tellego,
300 1719 347 1745 ex
367 1703 429 1743 his
450 1710 488 1742 te
507 1700 657 1751 laqueis
684 1698 834 1738 exueris
861 1710 906 1735 ac
936 1705 974 1734 te
994 1694 1125 1744 aliqua
1145 1692 1206 1730 via
1236 1703 1281 1729 ac
1306 1689 1456 1728 ratione

67 1788 105 1820 ²5
126 1770 342 1823 explicatis,
376 1770 415 1808 in
449 1768 534 1806 illas
566 1765 637 1805 tibi
667 1764 833 1803 maiores
865 1764 998 1812 plagas
1031 1757 1288 1798 incidendum
1320 1761 1378 1793 est
1417 1753 1457 1791 in

126 1836 270 1887 quibus
290 1842 329 1874 te
349 1834 400 1873 ab
420 1833 563 1872 eodem
584 1843 647 1869 me
669 1827 867 1879 superiore
889 1839 934 1865 ex
954 1827 1044 1863 loco
1065 1820 1207 1862 confici
1235 1828 1271 1859 et
1300 1817 1457 1857 concidi

127 1912 288 1940 necesse
308 1905 376 1937 est.

181 1963 257 2005 Cui
292 1963 323 2002 si
355 1961 472 2001 etiam
502 1959 544 1998 id
573 1958 681 2008 quod
712 1954 889 1995 defendit
916 1953 1033 1993 velim
1063 1950 1294 1994 concedere,
1324 1955 1457 1985 tamen

127 2030 211 2080 ipsa
230 2029 295 2067 illa
315 2029 411 2066 falsa
439 2023 618 2064 defensio
644 2034 726 2060 non
755 2020 886 2059 minus
913 2031 998 2058 esse
1027 2017 1061 2057 ei
1090 2014 1310 2067 perniciosa
1340 2024 1459 2062 quam

68 2113 110 2144 30
129 2107 217 2133 mea
249 2105 339 2132 vera
376 2088 575 2130 accusatio
613 2086 767 2126 debeat.
828 2083 938 2133 Quid
977 2082 1082 2122 enim
1123 2077 1333 2118 defendit?
1401 2077 1460 2113 Ex

129 2156 327 2208 Hispania
374 2152 558 2205 fugientis
605 2164 647 2190 se
694 2148 894 2200 excepisse
941 2155 980 2187 et
1026 2144 1220 2196 supplicio
1268 2140 1460 2181 adfecisse

129 2222 234 2263 dicit.
295 2219 396 2270 Quis
427 2218 499 2258 tibi
525 2217 566 2257 id
595 2215 800 2267 permisit?
830 2226 909 2264 quo
939 2213 1021 2251 iure
1050 2210 1207 2250 fecisti?
1237 2207 1324 2258 quis
1353 2206 1459 2244 idem

177 2335 190 2355 1
218 2322 444 2363 ὲδικαιώθησαν
459 2319 601 2360 RSDp:
626 2329 689 2350 om.
711 2317 801 2350 codd.
815 2317 959 2358 plerique
1089 2325 1108 2354 5
1134 2321 1247 2344 nonne
1264 2308 1367 2349 RSq:
1392 2318 1460 2339 non

127 2370 170 2409 pb
188 2368 247 2409 (iv,
268 2372 282 2406 ξ
304 2366 360 2408 19)
472 2375 489 2404 7
514 2363 606 2403 Quot
622 2362 711 2394 bella
727 2362 935 2393 arbitramini
952 2359 1046 2392 ΞΒΨ
1150 2367 1192 2396 23
1216 2352 1427 2386 mehercules
1445 2352 1461 2380 ὃ

1466 383 1525 413 149

1475 992 1534 1023 150

1478 1639 1536 1672 151
