1600 2704
88 111 139 159 87
163 125 220 148 201
525 111 583 148 M.
614 109 783 148 TVLLI
815 108 1123 149 CICERONIS

161 221 361 272 percipere
392 233 614 271 possumus.
694 219 803 258 Nihil
842 220 1007 258 detraho
1046 217 1335 268 magistratibus
1353 232 1362 266 ;
1410 225 1495 256 tan-

161 289 326 326 tundem
357 288 471 327 detur
494 286 534 325 in
564 287 703 325 cellam
728 293 919 336 quantum
941 297 1095 335 semper
1115 285 1252 323 datum
1274 290 1331 322 est
1348 298 1358 331 3
1387 284 1497 333 quod

160 360 361 403 praeterea
379 354 522 391 Verres
537 351 714 402 imperat,
737 351 788 398 id,
807 350 837 389 si
853 352 980 389 facere
1001 363 1081 388 non
1098 356 1273 399 possunt,
1292 356 1473 387 recusent
1487 362 1497 396 3

161 417 192 456 si
231 424 408 468 possunt,
445 416 582 468 populi
622 415 795 455 Romani
826 415 957 466 potius
990 416 1066 453 hoc
1101 414 1148 452 sit
1183 413 1348 464 vectigal
1377 426 1497 464 quam

80 500 139 522 202
160 483 307 533 praeda
333 481 532 533 praetoris
594 480 752 520 Deinde
779 494 847 519 cur
874 480 914 518 in
939 493 1020 518 uno
1044 492 1185 529 genere
1207 479 1291 517 solo
1313 477 1499 516 frumenti
1519 490 1535 521 5

162 547 235 586 ista
255 546 477 586 aestimatio
497 545 769 593 constituatur,
789 545 819 583 si
841 553 899 583 est
919 557 1046 594 aequa
1066 552 1103 583 et
1125 544 1309 582 ferenda?
1368 542 1499 581 Debet

162 613 312 662 populo
340 613 527 650 Romano
557 610 688 649 Sicilia
717 611 906 649 decumas
922 624 932 657 3
965 611 1033 648 det
1062 622 1133 660 pro
1163 608 1323 659 singulis
1354 607 1498 646 modiis

161 676 279 714 tritici
309 683 441 714 ternos
471 675 665 723 denarios,
698 674 773 714 sibi
803 675 947 713 habeat
977 675 1229 713 frumentum.
1292 674 1396 711 Data
1425 672 1497 711 tibi

163 748 221 779 est
259 740 439 791 pecunia,
477 741 629 788 Verres,
672 752 751 778 una
789 752 867 790 qua
898 740 1138 777 frumentum
1173 737 1245 776 tibi
1277 750 1427 776 emeres
1460 737 1500 775 in

163 806 315 852 cellam,
352 806 473 843 altera
506 817 585 855 qua
614 805 855 843 frumentum
890 815 1040 842 emeres
1075 815 1097 841 a
1133 801 1356 841 civitatibus
1392 802 1501 852 quod
1526 805 1593 838 10¹

164 872 337 908 Romam
362 869 548 908 mitteres.
607 867 700 908 Tibi
726 869 860 908 datam
888 867 1098 919 pecuniam
1131 867 1241 906 domi
1274 866 1428 914 retines,
1463 874 1501 905 et

163 942 363 985 praeterea
396 933 606 984 pecuniam
645 946 901 984 permagnam
939 940 1009 971 tuo
1047 931 1209 971 nomine
1239 933 1366 971 aufers
1384 946 1394 979 3
1441 932 1502 970 fac

163 999 269 1038 idem
291 999 332 1037 in
353 1011 401 1038 eo
422 999 620 1037 frumento
640 999 749 1049 quod
770 999 821 1037 ad
842 998 1035 1049 populum
1059 998 1286 1036 Romanum
1308 996 1501 1048 pertinet,
1531 1012 1533 1014 ·
1587 998 1594 1019 ¹

164 1064 274 1114 exige
304 1065 444 1103 eadem
474 1062 748 1102 aestimatione
777 1062 987 1112 pecuniam
1018 1075 1040 1101 a
1069 1061 1303 1109 civitatibus,
1336 1068 1375 1100 et
1403 1062 1502 1100 refer
1588 1102 1596 1114 Ἰ,

165 1142 285 1179 quam
312 1128 524 1179 accepisti:
556 1127 634 1166 iam
664 1127 840 1166 refertius
865 1127 935 1166 erit
955 1127 1146 1177 aerarium
1168 1126 1305 1177 populi
1327 1125 1500 1164 Romani
1525 1139 1561 1171 15
1589 1113 1596 1176 ᾖ

83 1209 146 1240 203
165 1206 285 1244 quam
315 1206 505 1244 umquam
536 1191 617 1231 fuit.
683 1194 750 1230 ‘At
780 1191 885 1230 enim
916 1191 1030 1230 istam
1058 1205 1140 1231 rem
1171 1190 1210 1229 in
1238 1190 1399 1241 publico
1429 1192 1503 1229 fru-
1590 1185 1592 1192 ’

165 1266 301 1297 mento
332 1258 463 1298 Sicilia
487 1270 568 1296 non
596 1258 721 1305 ferret,
745 1258 847 1295 hanc
872 1269 954 1296 rem
982 1256 1021 1294 in
1052 1269 1142 1295 meo
1167 1255 1365 1294 frumento
1392 1254 1504 1294 tulit.'

167 1323 339 1362 Proinde
360 1322 472 1374 quasi
493 1330 561 1362 aut
581 1322 743 1373 aequior
768 1322 816 1361 sit
836 1322 909 1360 ista
929 1321 1151 1362 aestimatio
1171 1320 1210 1360 in
1233 1329 1301 1360 tuo
1322 1334 1442 1371 quam
1463 1319 1504 1359 in

166 1387 303 1439 populi
331 1387 505 1426 Romani
535 1388 762 1435 commodo,
785 1394 852 1426 aut
873 1400 919 1426 ea
938 1399 998 1425 res
1026 1399 1145 1437 quam
1172 1399 1246 1436 ego
1272 1385 1363 1424 dico
1393 1392 1431 1424 et
1458 1398 1504 1424 ea

166 1466 286 1503 quam
312 1461 354 1492 tu
383 1452 509 1492 fecisti
540 1451 640 1492 inter
669 1465 710 1491 se
739 1465 881 1503 genere
911 1450 1085 1499 iniuriae,
1121 1464 1203 1490 non
1231 1450 1503 1501 magnitudine
1526 1467 1565 1489 20

166 1518 359 1570 pecuniae
389 1518 551 1557 differat.

220 1586 370 1622 Verum
409 1582 524 1622 istam
563 1582 689 1633 ipsam
719 1583 859 1622 cellam
891 1582 988 1621 ferre
1017 1582 1127 1620 nullo
1156 1581 1279 1620 modo
1313 1587 1504 1630 possunt:

167 1657 210 1688 ut
237 1648 371 1688 omnia
397 1648 654 1696 remittantur,
686 1655 730 1687 ut
759 1647 945 1689 omnibus
970 1646 1118 1685 iniuriis
1139 1653 1177 1685 et
1216 1645 1505 1685 calamitatibus

168 1727 265 1764 quas
296 1721 333 1752 te
362 1721 542 1763 praetore
571 1714 743 1752 tulerunt
772 1712 813 1750 in
842 1719 1043 1762 posterum
1074 1711 1296 1758 liberentur,
1320 1710 1435 1749 istam
1463 1723 1505 1749 se
1591 1750 1593 1765 ζ

169 1780 309 1817 cellam
334 1785 453 1828 atque
482 1777 596 1816 istam
625 1776 941 1816 aestimationem
969 1783 1112 1826 negant
1142 1777 1223 1814 ullo
1254 1776 1375 1814 modo
1407 1776 1504 1814 ferre
1526 1790 1565 1822 ²5
1589 1767 1593 1794 3

88 1885 149 1915 204
169 1855 296 1893 posse.
358 1843 488 1880 Multa
516 1841 706 1892 Sosippus
727 1840 1005 1892 Agrigentinus
1035 1841 1141 1890 apud
1171 1840 1244 1879 Cn.
1268 1839 1505 1890 Pompeium

170 1909 375 1946 consulem
406 1920 541 1957 nuper,
575 1908 698 1945 homo
729 1905 1008 1946 disertissimus
1048 1913 1085 1943 et
1117 1904 1226 1943 omni
1258 1904 1438 1943 doctrina
1468 1912 1507 1943 et

171 1973 311 2012 virtute
343 1972 625 2020 ornatissimus,
658 1985 729 2023 pro
759 1979 842 2011 tota
872 1971 1002 2011 Sicilia
1032 1972 1083 2010 de
1112 1978 1307 2009 aratorum
1342 1969 1506 2009 miseriis

220 2088 231 2107 1
260 2087 440 2117 possumus
462 2077 545 2108 VO:
580 2077 754 2117 possitisp
771 2075 835 2108 rell.
991 2085 1011 2115 5
1036 2075 1069 2105 in
1087 2085 1155 2105 uno
1178 2079 1203 2114 p
1229 2073 1296 2104 rell.
1323 2074 1408 2113 (uno
1436 2073 1506 2112 03:

173 2121 205 2150 in
224 2121 288 2152 isto
311 2121 343 2150 V
491 2122 512 2151 6
536 2121 762 2152 constituatur
782 2119 865 2150 VO:
891 2119 1139 2159 constituiturp
1156 2117 1219 2148 rell.
1242 2117 1506 2155 (constituaturl

176 2164 212 2194 Si
230 2169 281 2195 est
298 2188 305 2195 .
328 2189 334 2196 .
357 2188 363 2196 .
386 2164 535 2203 ferenda,
556 2165 658 2195 debet
672 2163 742 2196 edd.
755 2167 887 2204 praeter
900 2162 1029 2202 Muell.)
1133 2171 1149 2200 7
1175 2161 1296 2192 modiis
1315 2160 1417 2191 tritici
1434 2160 1482 2191 cO
1500 2171 1508 2190 ε

176 2217 209 2237 Μ.
230 2216 319 2238 TRiT.
344 2207 391 2237 V:
416 2209 482 2238 trit.
501 2208 587 2238 mod.
606 2213 628 2247 p
645 2207 708 2238 rell.
808 2217 830 2246 9
850 2211 901 2237 est
919 2205 1059 2247 pecunia
1077 2204 1124 2236 V:
1149 2214 1222 2245 pec.
1240 2208 1328 2244 estp
1342 2203 1404 2235 rell.
1426 2205 1507 2243 (om.

178 2250 208 2280 O
225 2260 263 2280 ex
278 2251 528 2282 lzomoeotelezfcto
544 2250 639 2283 verba
656 2255 709 2282 est
724 2250 868 2290 pecunia
885 2274 893 2282 .
914 2274 920 2281 .
939 2273 946 2280 .
968 2249 1172 2279 frumentum
1191 2247 1262 2287 tibi)
1378 2256 1416 2286 15
1441 2247 1505 2277 iam

171 2298 195 2332 p
213 2296 249 2322 ut
261 2293 308 2323 cO
328 2305 333 2323 :
362 2299 431 2324 tum
444 2294 524 2333 pler.
657 2296 696 2326 16
720 2303 791 2324 rem
809 2303 908 2332 quam
926 2292 974 2323 cO
1103 2302 1138 2330 17
1165 2292 1249 2322 seret
1273 2303 1294 2319 π
1415 2291 1454 2320 18
1474 2290 1507 2319 in

179 2336 311 2374 publico
341 2338 518 2368 commodo
544 2337 574 2368 O
751 2347 792 2376 24
818 2346 855 2367 se
883 2347 951 2367 om.
984 2335 1016 2366 V
1193 2336 1235 2365 26
1261 2334 1426 2373 Sosippus
1459 2332 1507 2363 V:

179 2379 282 2410 Sotiis
302 2378 332 2410 Ο
351 2391 357 2409 :
383 2379 607 2420 Sophoclesp
625 2380 687 2411 rell.
823 2390 862 2418 27
887 2385 988 2419 atque
1008 2379 1130 2409 virtute
1151 2377 1180 2409 O
