1600 2704
116 117 386 161 ACTIONis
419 124 479 162 IN
510 127 553 166 c.
578 129 819 170 VERREM
850 135 1149 179 SECVNDAE
1180 144 1284 183 LIB.
1310 147 1328 184 1
1368 158 1426 196 49
1451 125 1524 199 12⁴9⁸

95 226 290 267 fiunt—in
312 243 359 270 eo
380 234 469 272 loco
489 235 528 273 in
545 249 725 278 sermone
747 242 953 283 hominum
970 249 1159 289 audaciae
1180 265 1273 292 suae
1287 268 1425 296 monu-

95 299 272 331 mentum
310 304 512 337 aeternum
551 302 781 353 relinquere.
841 311 994 349 Aedem
1036 314 1222 364 Castoris,
1259 318 1418 370 iudices,
1444 301 1508 392 ᾖε)

93 355 134 392 Ρ.
159 357 297 397 Iunius
324 361 461 401 habuit
485 368 672 406 tuendam
695 371 745 408 de
774 372 816 409 L.
841 373 947 412 Sulla
978 377 1026 425 Q.
1058 379 1224 420 Metello
1255 387 1421 424 consuli-

91 418 173 458 bus.
236 424 275 461 Is
314 434 490 466 mortuus
525 438 608 479 est3
650 433 805 484 reliquit
844 439 1037 489 pupillum
1078 455 1240 492 parvum
1281 448 1416 488 filium.

46 493 66 525 5
88 483 190 522 Cum
241 488 283 525 L.
335 490 521 531 Octavius
571 495 614 534 C.
665 499 848 539 Aurelius
901 507 1083 545 consules
1131 509 1240 548 aedis
1289 525 1417 553 sacras

84 548 319 590 locavissent
358 568 487 605 neque
530 560 752 608 potuissent
792 567 925 605 omnia
968 578 1069 609 sarta
1109 580 1211 612 tecta
1250 576 1412 626 exigere,

81 625 211 663 neque
232 614 256 653 ii
277 626 474 666 praetores
495 623 638 671 quibus
659 634 739 664 erat
760 630 960 679 negotium
982 634 1130 683 datum,
1155 638 1198 677 C.
1223 640 1414 681 Sacerdos

79 684 117 714 et
153 679 209 716 M.
247 681 424 732 Caesius,
455 686 601 726 factum
634 699 692 728 est
724 702 882 733 senatus
917 701 1154 748 consultum,
1187 703 1331 752 quibus
1362 708 1412 746 de

77 742 188 781 sartis
216 746 328 785 tectis
356 749 557 799 cognitum
579 762 616 791 et
638 754 854 796 iudicatum
883 773 963 799 non
985 772 1097 811 esset,
1121 766 1176 804 uti
1199 768 1242 808 C.
1268 770 1409 810 Verres

19 816 58 838 ¹0
77 807 117 844 P.
166 808 323 851 Caelius
370 822 568 863 praetores
611 831 895 870 cognoscerent
942 834 979 864 et
1028 828 1256 871 iudicarent.
1318 836 1408 884 Qua

73 879 287 920 postestate
319 875 392 915 iste
422 880 611 927 permissa
642 884 697 922 sic
730 886 877 926 abusus
907 897 965 928 est
994 899 1036 930 ut
1071 907 1117 931 ex
1147 896 1221 934 Cn.
1254 898 1407 939 Fannio

71 943 110 974 et
131 949 177 975 ex
203 939 252 987 Q.
275 941 404 980 Tadio
432 945 680 995 cognovistis,
705 962 839 989 verum
868 960 1000 993 tamen
1031 970 1121 996 cum
1152 969 1254 999 esset
1282 964 1405 1002 omni-

73 1000 145 1039 bus
184 1001 223 1040 in
263 1005 380 1044 rebus
422 1009 665 1057 apertissime
710 1013 1133 1071 impudentissimeque
1177 1027 1399 1075 praedatus,

70 1064 146 1103 hoc
178 1067 301 1106 voluit
332 1070 588 1112 clarissimum
626 1076 844 1128 relinquere
879 1080 1069 1122 indicium
1105 1087 1399 1130 latrociniorum

11 1141 47 1172 ³¹5
68 1140 241 1179 suorum,
277 1133 328 1171 de
359 1146 438 1183 quo
471 1150 550 1175 non
582 1140 718 1180 audire
747 1142 963 1193 aliquando
993 1150 1063 1187 sed
1093 1150 1226 1191 videre
1253 1155 1400 1195 cotidie

67 1205 282 1242 possemus.
343 1199 546 1247 Quaesivit
578 1204 665 1253 quis
696 1208 836 1246 aedem
871 1210 1045 1252 Castoris
1077 1223 1219 1255 sartam
1253 1226 1396 1259 tectam
1424 1239 1478 1270 131

61 1258 226 1299 deberet
265 1264 426 1303 tradere.
490 1266 648 1307 Iunium
689 1270 817 1320 ipsum
859 1283 1056 1316 mortuum
1097 1293 1183 1320 esse
1222 1283 1396 1333 sciebat3

64 1323 161 1362 scire
187 1327 344 1366 volebat
368 1330 418 1368 ad
447 1343 565 1380 quem
588 1332 651 1371 illa
679 1348 738 1374 res
769 1339 989 1387 pertineret.
1050 1345 1174 1384 Audit
1200 1348 1394 1398 pupillum

63 1400 147 1427 esse
190 1390 327 1430 filium.
400 1395 538 1435 Homo
581 1398 647 1447 qui
692 1413 847 1452 semper
893 1404 945 1443 ita
989 1409 1117 1456 palam
1162 1410 1394 1462 dictitasset,

1 1468 44 1491 20
60 1453 231 1503 pupillos
261 1465 298 1495 et
328 1459 495 1509 pupillas
525 1463 780 1504 certissimam
806 1472 992 1518 praedam
1021 1486 1106 1513 esse
1132 1478 1389 1528 praetoribus,

60 1526 238 1568 optatum
278 1527 478 1576 negotium
520 1529 591 1567 sibi
633 1530 671 1568 in
711 1531 838 1571 sinum
880 1536 1053 1575 delatum
1095 1553 1180 1579 esse
1218 1542 1388 1583 dicebat.

58 1583 367 1629 Monumentum
393 1592 457 1631 illa
488 1595 759 1646 amplitudine,
790 1598 858 1638 illo
885 1613 1013 1650 opere,
1038 1606 1216 1654 quamvis
1242 1617 1388 1648 sartum

54 1655 202 1689 tectum
230 1653 504 1709 integrumque
528 1669 641 1709 esset,
672 1669 804 1702 tamen
830 1665 978 1715 aliquid
1009 1680 1050 1706 se
1075 1668 1325 1712 inventurum
1349 1675 1387 1713 in

54 1725 134 1762 quo
168 1719 294 1758 moliri
327 1724 583 1775 praedarique
617 1736 751 1777 posset
780 1730 1050 1771 arbitrabatur.
1111 1736 1154 1773 L.
1194 1738 1388 1779 Habonio
1412 1757 1470 1789 132

0 1789 31 1821 25
51 1781 190 1819 aedem
220 1785 393 1826 Castoris
418 1789 516 1828 tradi
546 1792 777 1841 oportebat:
814 1794 845 1833 is
874 1808 965 1835 casu
997 1798 1133 1849 pupilli
1161 1801 1250 1840 Iuni
1283 1811 1388 1843 tutor

50 1852 130 1882 erat
165 1853 405 1890 testamento
443 1854 586 1902 patris:
630 1868 720 1894 cum
761 1871 809 1897 eo
848 1859 932 1898 sine
971 1863 1052 1901 ullo
1097 1863 1385 1908 intertrimento

48 1921 285 1951 convenerat
315 1914 391 1953 iam
423 1929 541 1967 quern
571 1921 621 1958 ad
655 1923 818 1960 modum
857 1927 1084 1966 traderetur.
1147 1930 1227 1968 Iste
1256 1933 1307 1970 ad
1342 1946 1384 1972 se

48 1973 282 2016 Habonium
309 1988 452 2028 vocat3
481 1984 633 2032 quaerit
661 1987 804 2037 ecquid
831 1989 879 2027 sit
909 1993 1017 2040 quod
1042 2005 1065 2030 a
1092 1994 1243 2044 pupillo
1268 1998 1383 2036 tradi-

45 2043 127 2075 tum
158 2053 239 2079 non
266 2042 324 2089 sit,
358 2047 466 2094 quod
496 2048 594 2098 exigi
622 2051 776 2090 debeat.
838 2054 941 2093 Cum
974 2056 1048 2104 ille,
1076 2057 1116 2096 id
1147 2060 1255 2109 quod
1286 2071 1376 2110 erat,

0 2111 26 2137 ιο
43 2101 189 2143 diceret
211 2106 364 2146 facilem
386 2111 537 2161 pupillo
557 2114 808 2156 traditionem
831 2132 929 2169 esse,
951 2120 1061 2172 signa
1082 2130 1120 2162 et
1146 2125 1253 2164 dona
1274 2139 1378 2166 com-

83 2215 103 2245 3
127 2208 169 2239 de
188 2207 280 2250 qu:
305 2222 369 2244 om.
385 2213 438 2244 νὸδ
571 2227 589 2256 5
614 2220 709 2251 aedis
741 2220 788 2253 V:
813 2224 915 2255 aedes
934 2230 960 2265 p
1080 2237 1097 2266 7
1122 2227 1155 2258 hi
1177 2233 1203 2269 p
1336 2240 1376 2262 10

42 2247 152 2289 Celius
165 2257 188 2291 p
204 2264 212 2282 ε
236 2254 374 2288 Coelius
391 2268 411 2297 q
504 2269 538 2291 11
566 2262 615 2292 sic
632 2263 752 2295 abusus
767 2270 818 2296 est
832 2278 852 2296 π
871 2268 957 2305 (⁴est
971 2280 1057 2301 nova
1074 2270 1159 2302 lectio
1174 2272 1200 2310 ’)
1220 2284 1227 2303 z
1251 2282 1316 2304 om.
1338 2274 1375 2305 ὸδ

37 2291 105 2323 edd.
127 2294 190 2333 (cl.
206 2294 287 2329 Rev.
306 2300 385 2331 xvii.
405 2302 484 2338 202)
593 2314 630 2344 14
657 2306 815 2339 iudicium
833 2309 962 2352 Zumpt
976 2313 1019 2344 al.
1142 2324 1184 2354 24
1210 2315 1371 2350 Habonio

37 2334 166 2369 nPrtsc.
187 2349 194 2368 ε
219 2339 375 2375 Rabonio
393 2346 409 2375 δ
426 2346 481 2386 (ut
502 2345 538 2386 Vy
560 2348 578 2387 i,
603 2353 618 2387 ξ
642 2350 718 2391 150)
853 2364 895 2394 29
919 2355 951 2386 id
969 2366 1036 2389 om.
1050 2362 1099 2398 pq

35 2387 154 2416 parare
168 2382 213 2422 pb
1213 2369 1256 2399 30
1282 2370 1353 2392 com
