1600 2704
67 90 102 120 11
125 96 164 128 29
488 66 543 103 M.
575 57 743 99 TVLLI
775 43 1082 93 CICERONIS

637 183 644 187 ·
726 158 903 203 ainiuria
916 155 1111 195 adductus
1127 143 1297 185 fecerim.
1332 140 1454 178 Inter·

128 248 315 305 posuistis
344 247 612 283 accusatorem
643 231 721 282 qui,
749 239 839 266 cum
869 235 942 272 ego
971 215 1068 256 mihi
1087 225 1111 251 c
1132 218 1170 249 et
1189 221 1218 247 Χ
1238 206 1322 245 dies
1351 203 1456 240 solos

130 320 170 358 in
191 313 363 355 Siciliam
383 306 653 359 postulassem,
676 308 699 334 c
720 302 757 332 et
778 302 851 329 &³111
867 286 940 326 sibi
960 284 1001 322 in
1024 275 1216 319 Achaiam
1233 269 1460 322 postularet.

134 379 286 422 Mensis
320 373 417 414 mihi
451 369 517 409 tris
551 377 643 405 cum
689 352 927 409 eripuissetis
961 349 1012 387 ad
1054 341 1253 394 agendum
1293 331 1462 372 maxime

135 444 348 497 adpositos,
366 437 559 486 reliquum
590 439 708 467 omne
735 432 890 471 tempus
916 413 1033 454 huius
1061 406 1154 448 anni
1179 417 1242 442 me
1270 397 1382 438 vobis
1411 408 1468 433 re·
1487 406 1503 437 5

139 513 349 552 missurum
386 498 562 554 putastis,
592 502 646 540 ut,
672 502 763 530 cum
786 483 892 524 horis
925 475 1066 518 nostris
1093 484 1165 511 nos
1191 476 1364 507 essemus
1394 459 1465 505 usi,

141 587 183 617 tu
203 574 306 614 binis
326 568 429 609 ludis
449 557 686 611 interpositis
701 546 1000 604 quadragesimo
1020 546 1109 592 post
1122 535 1187 576 die
1199 528 1468 581 responderes,

144 640 290 682 deinde
323 636 378 674 ita
407 639 563 679 tempus
591 625 798 663 duceretur
827 621 870 652 ut
903 625 927 650 a
958 609 1026 647 M'.
1054 599 1269 643 Glabrione
1295 599 1473 645 praetore

147 716 186 747 et
212 719 235 744 a
262 712 404 750 magna
432 701 541 746 parte
570 692 713 728 horum
740 680 915 721 iudicum
945 674 997 713 ad
1024 675 1243 722 praetorem
1272 658 1391 699 alium
1423 655 1475 693 iu-

558 755 564 761 '
771 747 862 784 Hoc
889 741 921 780 si
945 751 1018 788 ego
1041 747 1123 774 non
1146 728 1343 770 vidissem,
1359 721 1391 760 si
1415 731 1479 758 me
1501 731 1538 755 ιο

151 850 231 877 non
261 842 399 872 omnes
419 823 502 864 noti
529 816 732 870 ignotique
753 807 998 850 monuissent
1023 801 1064 839 id
1090 796 1162 848 agi,
1180 794 1222 833 id
1251 796 1479 840 cogitar1‚1n

259 892 412 936 aborari
432 897 474 929 ut
493 899 554 926 res
575 884 615 922 in
636 879 733 919 illud
753 884 909 924 tempus
936 867 1144 907 reiceretur
1174 858 1308 903 credo,
1327 853 1359 891 si
1387 848 1483 889 meis

954 942 1104 971 vererer
1127 938 1178 964 ne
1199 920 1296 961 mihi
1324 914 1486 957 crimina

407 951 584 994 cusando
614 945 670 985 uti
701 940 924 982 voluissem,

642 1009 721 1048 atio
738 1008 904 1046 deesset,
916 1012 965 1037 ne
980 1009 1056 1035 vox
1067 992 1247 1039 viresque
1261 984 1485 1025 deficerent,

646 1088 668 1113 a
701 1070 856 1110 actione
881 1061 1093 1104 defendere
1124 1065 1241 1094 ausus
1269 1054 1381 1092 esset,
1399 1055 1490 1083 eum
1515 1053 1551 1085 15

794 1147 843 1171 m.
904 1131 990 1178 Ego
1011 1134 1143 1163 meum
1165 1114 1373 1157 consilium
1402 1120 1494 1147 cum

956 1188 1071 1230 bavi:
1100 1196 1219 1224 nemo
1243 1186 1302 1219 est
1328 1175 1396 1226 qui
1421 1171 1498 1211 alia

153 916 202 942 eo
222 901 256 939 el

155 965 260 1006 horis
289 962 330 999 in
359 971 404 997 ac

158 1044 240 1071 non
256 1024 519 1076 suppeterent,
531 1028 581 1053 ne
597 1025 640 1051 or

163 1173 235 1212 ego
269 1156 329 1195 bis
359 1158 542 1191 accusare
574 1154 654 1180 non
675 1149 790 1188 posse

164 1222 362 1265 iudicibus
381 1225 465 1255 turn
496 1208 644 1261 populo
672 1205 858 1240 Romano
883 1206 954 1245 pro

167 1289 317 1330 ratione
350 1283 513 1321 istorum
533 1270 696 1312 iniuriae
720 1273 839 1314 atque
863 1252 1132 1309 impudentiae
1157 1245 1331 1299 potuisse
1361 1235 1496 1278 obsisti

446 1338 605 1381 Etenim
627 1346 705 1384 qua
725 1326 888 1369 stultitia
915 1321 1090 1364 fuissem,
1106 1315 1149 1361 si,
1165 1323 1284 1362 quam
1305 1306 1411 1346 diem
1432 1299 1500 1352 qui

172 1422 291 1459 istum
305 1408 551 1462 eripiendum
565 1401 815 1441 redemerunt
832 1392 872 1429 in
890 1386 1072 1428 cautione
1085 1381 1427 1422 viderunt,—-cum
1449 1367 1503 1405 ita
1524 1378 1564 1401 20

174 1485 367 1524 caverent,
387 1480 395 1496 ‘
411 1474 443 1512 si
462 1477 551 1523 post
569 1463 772 1505 Kalendas
797 1452 998 1496 Ianuarias
1018 1449 1059 1486 in
1075 1441 1283 1485 consilium
1299 1438 1416 1475 iretur
1429 1434 1449 1479 ',
1461 1452 1505 1457 —

119 1570 156 1602 32
178 1551 217 1589 in
238 1559 326 1587 eam
346 1541 453 1582 diem
474 1548 557 1586 ego,
576 1543 666 1571 cum
680 1524 898 1578 potuissem
922 1516 1054 1560 vitare,
1072 1507 1298 1549 incidissem
1315 1503 1331 1539 ?
1388 1500 1507 1537 Nunc

181 1612 277 1654 mihi
297 1604 484 1657 temporis
505 1600 588 1640 eius
609 1593 718 1647 quod
739 1587 835 1629 mihi
861 1585 913 1624 ad
939 1579 1155 1621 dicendum
1182 1573 1306 1615 datur,
1321 1562 1509 1616 quoniam

180 1682 221 1719 in
255 1676 389 1716 animo
420 1676 479 1709 est
505 1674 663 1705 causam
691 1666 850 1697 omnem
878 1656 1084 1698 exponere,
1112 1635 1297 1678 habenda
1326 1629 1425 1669 ratio
1454 1632 1511 1664 est

1535 1698 1574 1730 ²5

184 1743 399 1793 diligenter.

123 1823 166 1852 12
241 1811 382 1856 Itaque
415 1798 586 1851 primum
611 1792 720 1830 illum
751 1792 841 1824 actu

188 1866 536 1924 flagitiosissimum
552 1851 872 1911 praetermittam.
917 1842 971 1882 Ni

170 1353 386 1395 arbitretur.

846 1794 884 1820 m
916 1776 1026 1817 istius
1054 1772 1155 1811 vitae
1180 1761 1448 1816 turpissimum
1478 1762 1516 1793 et

973 1840 1028 1880 hil
1044 1852 1067 1877 a
1082 1849 1145 1875 me
1158 1835 1208 1872 de
1224 1825 1414 1881 pueritiae
1427 1832 1519 1860 suae

1141 1896 1269 1938 centia
1295 1904 1392 1937 sua,
1421 1897 1522 1937 quae

993 1983 1041 2010 eo
1062 1977 1180 2017 quem
1202 1960 1261 2000 sui
1282 1953 1524 1996 simillimum

194 2002 319 2055 qualis
340 1996 454 2038 fuerit
482 1999 549 2032 aut
576 1980 821 2028 meministis,
839 1983 905 2016 aut
927 1986 972 2012 ex

985 2031 1131 2075 Omnia
1164 2021 1383 2079 praeteribo
1427 2026 1527 2066 quae
1548 2024 1589 2057 30

197 2064 381 2121 produxit
415 2064 695 2107 recognoscere
734 2041 907 2097 potestis.

248 2181 264 2210 7
290 2174 326 2200 tu
342 2166 405 2196 nb:
431 2168 500 2193 tum
518 2159 581 2190 ΒΨ
713 2161 734 2190 9
758 2160 777 2180 a
790 2145 880 2188 pKZ
896 2146 964 2173 ets.
979 2139 999 2170 l.
1018 2137 1075 2168 D:
1098 2145 1165 2165 om.
1182 2140 1222 2170 qr
1377 2131 1411 2153 11
1439 2120 1473 2150 in
1490 2127 1531 2148 eo

204 2209 370 2247 elaborari
389 2206 468 2247 (lab.
488 2202 550 2240 Zb)
570 2199 655 2238 1)qu
673 2208 680 2227 ε
705 2194 738 2224 id
756 2191 841 2223 elab.
862 2197 920 2228 qr:
946 2184 979 2214 id
1004 2181 1068 2212 lab.
1085 2177 1146 2218 Lg.
1167 2184 1208 2212 42
1228 2171 1276 2210 (ii,
1299 2172 1314 2206 ξ
1336 2166 1411 2203 Ῑ24)
1492 2170 1534 2191 20

208 2258 366 2289 viderunt
382 2248 471 2282 codd.
491 2259 497 2277 :
522 2242 731 2282 scripserunt
748 2233 854 2274 Hugh
872 2230 911 2261 E.
931 2228 971 2259 P.
989 2224 1080 2256 Platt
1095 2221 1192 2260 :forn
1210 2213 1403 2246 indixerunt
1493 2203 1534 2234 28

210 2299 345 2340 flagitiis
360 2295 424 2326 ΒΨ
442 2303 450 2322 :
474 2287 608 2327 flagitiis
626 2280 841 2324 peccatisque
854 2275 914 2315 pr&
