1600 2704
78 97 347 150 'ACTIONIS
370 110 431 147 IN
453 109 498 148 C.
521 109 764 147 VERREM
787 109 1089 148 SECVNDAE
1113 110 1216 147 LIB.
1242 110 1308 147 III
1362 109 1413 157 83
1435 123 1498 156 191

76 229 248 274 possent,
284 235 356 272 pro
386 220 547 272 singulis
585 220 730 259 modiis
760 228 891 259 ternos
928 220 1111 260 denarios
1143 221 1236 258 dare
1265 223 1409 259 liceret.

74 291 141 326 An
172 286 360 337 quoniam
395 288 472 326 hoc
502 299 583 325 non
617 287 740 326 audes
771 285 914 333 dicere,
961 286 1053 324 illuc
1092 284 1307 335 confugies,
1351 297 1413 324 ve-

74 359 209 391 cturae
231 351 461 391 difficultate
483 352 680 391 adductus
708 358 840 390 ternos
867 350 1050 390 denarios
1073 351 1166 389 dare
1196 350 1381 388 maluisse
1396 352 1414 388 ?

76 416 199 456 Cuius
219 424 401 456 vecturae
417 418 435 455 ?
464 428 544 466 quo
565 429 612 455 ex
641 417 731 454 loco
751 415 791 453 in
812 428 930 465 quem
952 417 1084 454 locum
1105 428 1155 454 ne
1182 415 1414 465 portarent?

36 492 55 523 5
75 481 312 520 Philomelio
333 482 568 531 Ephesum?
623 480 754 520 Video
775 480 871 531 quid
888 480 987 519 inter
1000 492 1201 518 annonam
1224 479 1412 518 interesse

74 548 208 593 soleat,
240 546 358 586 video
387 554 485 597 quot
514 546 667 585 dierum
696 546 759 584 via
792 546 850 594 sit,
887 546 1004 585 video
1036 545 1412 585 Philomeliensibus

70 611 267 662 expedire,
308 612 446 662 quanti
486 612 634 662 Ephesi
683 612 730 651 sit
770 613 1022 659 frumentum,
1064 613 1157 651 dare
1199 611 1332 663 potius
1371 611 1411 650 in

74 676 240 727 Phrygia
268 689 388 727 quam
410 678 613 727 Ephesum
638 685 792 727 portare
820 686 887 715 aut
916 678 967 716 ad
998 678 1211 716 emendum
1242 678 1411 715 frumen-

71 749 154 780 tum
178 743 382 791 Ephesum
403 741 612 791 pecuniam
634 750 672 781 et
693 743 842 792 legatos
864 741 1026 780 mittere.
1089 742 1135 780 In
1167 740 1299 780 Sicilia
1318 753 1411 780 vero

15 819 53 842 ιο
72 806 168 857 quid
208 806 292 846 eius
333 806 442 846 modi
478 808 566 845 est?
623 808 771 846 Henna
810 807 1096 846 mediterranea
1136 815 1194 845 est
1226 806 1407 845 maxime.

72 872 182 921 Coge
203 879 245 909 ut
265 872 316 910 ad
332 884 476 922 aquam
497 870 580 918 tibi,
604 871 644 910 id
666 872 776 922 quod
797 871 941 910 summi
962 871 1054 910 iuris
1075 879 1144 919 est,
1167 873 1408 910 frumentum

73 937 315 975 Hennenses
349 935 614 975 admetiantur
653 938 713 974 vel
754 936 951 974 Phintiam
992 938 1051 975 vel
1093 937 1308 974 Halaesam
1348 938 1409 975 vel

73 1000 269 1048 Catinam,
301 1001 389 1039 loca
427 1000 527 1039 inter
559 1013 601 1039 se
631 1000 800 1038 maxime
831 1000 1007 1039 diversa:
1047 1001 1190 1038 eodem
1229 1000 1294 1039 die
1329 1013 1409 1050 quo

71 1065 227 1104 iusseris
248 1065 526 1115 deportabunt.
584 1065 760 1104 Tametsi
782 1078 832 1104 ne
852 1073 1011 1104 vectura
1032 1064 1194 1114 quidem
1216 1073 1273 1103 est
1295 1079 1405 1116 opus.

11 1144 50 1176 15
73 1131 177 1168 Nam
209 1138 314 1169 totus
342 1137 528 1180 quaestus
555 1129 630 1177 hic,
654 1129 814 1176 iudices,
837 1129 1122 1168 aestimationis
1153 1143 1199 1169 ex
1226 1143 1409 1169 annonae

71 1203 186 1233 natus
226 1202 285 1234 est
323 1194 518 1234 varietate.
580 1196 673 1233 Hoc
712 1194 817 1233 enirn
858 1194 1105 1244 magistratus
1137 1194 1176 1232 in
1207 1195 1409 1245 provincia

65 1258 235 1310 adsequi
265 1266 410 1310 potest,
440 1267 482 1298 ut
512 1258 565 1297 ibi
595 1258 762 1309 accipiat
792 1258 859 1297 ubi
890 1266 948 1297 est
983 1258 1237 1298 carissimum.
1310 1261 1409 1299 Ideo

69 1326 172 1363 valet
210 1324 284 1363 ista
317 1324 416 1363 ratio
454 1324 738 1363 aestimationis
778 1324 817 1361 in
849 1324 958 1371 Asia,
987 1325 1088 1362 valet
1126 1324 1166 1362 in
1198 1324 1409 1375 Hispania,

70 1391 172 1429 valet
207 1389 246 1428 in
282 1389 328 1428 iis
360 1389 570 1440 provinciis
606 1389 645 1427 in
677 1389 820 1439 quibus
850 1402 974 1427 unum
1009 1388 1177 1438 pretium
1211 1390 1408 1428 frumento

11 1471 53 1494 20
71 1467 156 1494 esse
186 1467 267 1494 non
299 1456 425 1494 solet:
455 1454 495 1493 in
527 1454 658 1493 Sicilia
692 1467 784 1493 vero
816 1453 913 1504 quid
952 1453 1185 1503 cuiusquam
1225 1454 1408 1493 intererat

71 1533 152 1570 quo
190 1521 281 1559 loco
320 1521 460 1559 daret?
508 1532 638 1570 neque
678 1519 782 1558 enirn
823 1520 1062 1569 portandum
1111 1526 1206 1566 erat,
1243 1527 1296 1567 et,
1327 1533 1408 1570 quo

70 1585 238 1635 quisque
263 1587 404 1624 vehere
429 1585 557 1624 iussus
579 1592 696 1632 esset,
728 1584 781 1623 ibi
809 1584 1001 1622 tantidem
1034 1584 1274 1622 frumentum
1306 1598 1408 1624 eme-

69 1658 127 1689 ret
156 1650 294 1700 quanti
323 1649 433 1689 domi
463 1649 715 1689 vendidisset.
778 1650 911 1698 Quam
939 1649 992 1686 ob
1019 1662 1115 1696 rem,
1148 1648 1177 1686 si
1202 1648 1274 1696 vis,
1307 1651 1408 1688 Hor·
1433 1663 1492 1697 193

70 1715 186 1762 tensi,
215 1717 359 1754 docere
387 1714 538 1765 aliquid
567 1715 619 1753 ab
649 1714 724 1753 isto
756 1713 882 1752 simile
912 1713 951 1751 in
980 1713 1255 1752 aestimatione
1289 1722 1408 1763 atque

10 1793 93 1827 25a
132 1779 270 1819 ceteris
309 1793 394 1818 esse
433 1781 596 1827 facturn,
636 1781 781 1818 doceas
821 1778 1019 1828 oportebit
1057 1778 1191 1828 aliquo
1230 1779 1270 1816 in
1318 1781 1407 1817 loco

71 1845 226 1885 Siciliae
257 1852 435 1895 praetore
455 1847 577 1884 Verre
604 1844 723 1884 ternis
745 1844 916 1883 denariis
936 1843 1051 1882 tritici
1073 1844 1252 1882 modium
1274 1844 1403 1883 fuisse.

1435 754 1493 787 ¹92

123 1910 228 1949 Vide
255 1923 374 1960 quam
402 1909 473 1948 tibi
504 1909 776 1949 defensionem
800 1908 1066 1959 patefecerim,
1088 1921 1206 1958 quam
1228 1908 1404 1958 iniquam
1426 1910 1478 1958 84

69 1975 109 2013 in
139 1974 284 2021 socios,
312 1987 430 2024 quarn
460 1982 652 2013 remotam
686 1975 736 2013 ab
775 1973 942 2012 utilitate
973 1973 1026 2012 rei
1057 1972 1255 2023 publicae,
1285 1985 1405 2023 quam

70 2039 290 2079 seiunctam
328 2052 351 2077 a
389 2040 591 2077 voluntate
628 2051 675 2077 ac
714 2038 909 2077 sententia
940 2037 1045 2087 legis.
1106 2039 1184 2085 Tu,
1213 2049 1303 2076 curn
1334 2037 1405 2077 tibi

11 2120 54 2152 30
71 2117 145 2155 ego
164 2105 406 2143 frumentum
427 2103 467 2141 in
491 2102 588 2142 meis
608 2101 708 2153 agris
728 2110 848 2153 atque
868 2102 908 2140 in
929 2114 1018 2140 mea
1040 2101 1211 2150 civitate,
1231 2101 1405 2152 denique

118 2206 132 2226 1
158 2200 274 2227 ternos
302 2195 461 2226 denarios
490 2195 537 2226 V:
572 2200 688 2226 ternos
715 2195 792 2227 (om.
820 2194 990 2225 denarios*
1019 2198 1086 2234 pr:
1122 2194 1282 2226 denarios
1306 2204 1346 2225 111
1373 2194 1404 2226 O

72 2240 186 2279 (etiam
204 2239 224 2270 l.
242 2248 274 2279 3,
292 2239 491 2279 ubihabetp
506 2243 622 2270 ternos
640 2239 717 2269 den.
735 2250 741 2268 :
769 2242 783 2276 ξ
806 2239 880 2278 188)
1055 2248 1071 2276 7
1096 2238 1176 2268 dare
1188 2243 1222 2277 p,
1244 2242 1282 2268 ut
1301 2238 1382 2278 VOq
1397 2251 1405 2270 ι

72 2288 203 2314 tantum
221 2283 301 2314 dare
320 2282 386 2314 rell.
509 2292 548 2312 12
572 2283 801 2313 admetiantur
822 2282 871 2312 V:
900 2282 1118 2322 metianturp
1134 2281 1199 2312 rell.
1222 2281 1273 2319 (ut
1292 2286 1306 2319 ξ
1326 2282 1403 2322 193)

76 2337 115 2365 19
139 2327 194 2357 his
210 2325 297 2357 codd.
415 2336 456 2356 22
480 2326 682 2365 tantidemp
698 2325 740 2356 al.
761 2336 768 2355 z
791 2326 875 2357 tanti
898 2325 946 2356 V:
970 2330 1064 2356 tanti]
1084 2324 1115 2355 Ο
1237 2334 1279 2364 23
1304 2326 1330 2356 si
1352 2327 1404 2357 vis

73 2369 118 2400 H.
138 2371 260 2400 docere
282 2369 357 2400 VcO
373 2381 379 2400 :
404 2370 432 2401 si
450 2370 531 2409 quid
550 2368 594 2399 H.
617 2370 740 2400 docere
757 2370 844 2409 visp
857 2368 927 2401 dett.
1081 2379 1121 2408 25
1145 2369 1311 2408 oportebit
1330 2369 1378 2400 cO
1396 2380 1404 2400 ε

11 2438 14 2442 .
72 2418 232 2452 oportere
249 2423 328 2444 corr.
346 2419 473 2453 -eretp
490 2424 496 2443 z
520 2418 653 2452 oportet
671 2413 735 2444 rell.
1256 2456 1315 2486 10*

1536 41 1566 49 s-
