1600 2704
1564 106 1586 124 θ

104 115 374 158 ACTIONIS
406 121 468 159 IN
497 121 541 161 C.
565 123 808 163 VERREM
838 127 1139 171 SECVNDAE
1170 135 1273 173 LIB.
1299 137 1341 174 11
1384 147 1437 186 47
1461 108 1552 185 113⁷

100 239 147 265 ac
186 228 348 279 vestigia
386 245 546 272 suorum
584 234 819 285 flagitiorum
858 239 1026 290 relinqui
1065 243 1196 283 velint.
1257 249 1435 288 Ardebat
1459 254 1518 286 116

99 304 234 332 amore
265 294 368 334 illius
400 297 579 348 hospitae
612 309 771 351 propter
800 316 919 353 quam
954 306 1101 357 hospiti
1136 308 1218 348 iura
1249 311 1410 352 violarat
1426 330 1435 361 3

99 357 176 395 hoc
197 371 278 397 non
299 362 427 399 solum
443 362 530 400 sciri
551 371 646 412 tum,
669 379 804 405 verum
826 368 943 407 etiam
960 375 1261 413 commemorari
1280 389 1435 427 semper

97 422 280 471 volebat3
318 424 451 475 itaque
484 440 530 465 ex
559 427 624 467 illa
657 429 741 480 ipsa
771 445 810 470 re
840 446 959 483 quam
988 446 1201 477 accusante
1230 441 1432 490 Agathino

58 497 75 529 5
94 495 266 535 gesserat
295 490 438 529 Veneri
463 492 713 541 potissimum
744 497 879 536 deberi
909 501 1127 549 praemium
1156 504 1302 552 statuit,
1329 520 1431 557 quae

94 548 200 588 illam
222 559 345 591 totam
370 557 663 597 accusationem
690 559 961 613 iudiciumque
982 568 1181 606 conflarat.
1243 572 1427 610 Putarem

92 621 131 652 te
145 623 298 665 gratum
319 617 359 657 in
380 621 477 660 deos
498 621 529 659 si
550 623 627 662 hoc
647 626 798 665 donum
816 629 961 668 Veneri
982 644 1063 670 non
1085 634 1136 671 de
1152 634 1288 673 Stheni
1312 637 1427 677 bonis

91 679 280 729 dedisses,
303 684 373 723 sed
394 686 445 724 de
466 686 566 735 tuis,-
596 691 705 738 quod
726 692 853 731 facere
877 695 1061 744 debuisti,
1084 701 1311 748 praesertim
1334 715 1423 740 cum

90 743 161 783 tibi
182 745 250 786 illo
270 746 356 797 ipso
375 762 482 789 anno
501 765 524 790 a
546 753 768 795 Chelidone
788 759 958 799 venisset
980 763 1186 802 hereditas.

29 822 69 844 ιο
145 810 226 849 Hic
256 824 340 863 ego,
364 814 394 852 si
417 816 518 855 hanc
539 830 698 858 causam
726 834 806 859 non
828 824 1006 863 omnium
1036 826 1256 867 Siculorum
1285 839 1422 882 rogatu
1447 844 1507 879 117

86 875 336 925 recepissem,
365 878 395 917 si
429 881 505 919 hoc
534 895 557 919 a
587 896 650 922 me
682 886 854 924 muneris
888 902 970 927 non
1005 890 1185 931 universa
1216 895 1421 943 provincia

84 941 342 990 poposcisset,
380 944 411 982 si
446 958 509 985 me
543 948 697 988 animus
730 958 850 1001 atque
883 966 994 992 amor
1028 955 1066 993 in
1102 970 1183 995 rem
1219 960 1419 1008 publicam

83 1003 401 1058 existimatioque
434 1011 584 1050 offensa
622 1015 744 1052 nostri
787 1016 936 1056 ordinis
973 1032 1020 1056 ac
1060 1020 1296 1061 iudiciorum
1336 1039 1417 1064 non

82 1068 160 1107 hoc
192 1071 320 1111 facere
353 1074 556 1125 coegisset,
595 1085 714 1128 atque
745 1081 843 1120 haec
874 1096 953 1121 una
986 1097 1105 1123 causa
1139 1087 1274 1127 fuisset
1308 1094 1416 1139 quod

22 1143 60 1176 15
79 1132 253 1173 amicum
290 1144 410 1188 atque
444 1141 640 1190 hospitem
680 1157 812 1184 meum
853 1148 1074 1198 Sthenium,
1109 1164 1226 1201 quem
1261 1167 1336 1204 ego
1375 1156 1413 1194 in

78 1207 289 1247 quaestura
308 1215 396 1241 mea
416 1203 661 1255 singulariter
684 1208 921 1260 dilexissem,
944 1214 994 1252 de
1016 1228 1096 1265 quo
1117 1216 1267 1265 optime
1289 1220 1415 1258 existi·

77 1275 258 1312 massem,
282 1278 401 1316 quem
423 1267 462 1306 in
489 1270 691 1320 provincia
718 1273 1018 1316 existimationis
1045 1293 1155 1319 meae
1178 1283 1413 1324 studiosissi-

75 1340 185 1366 mum
206 1330 588 1385 cupidissimumque
614 1350 862 1389 cognossem,
887 1350 967 1380 tam
993 1346 1203 1385 crudeliter
1224 1351 1412 1390 scelerate

73 1392 300 1444 nefarieque
344 1403 560 1447 tractasses,
607 1409 740 1441 tamen
783 1404 903 1454 digna
946 1421 1063 1447 causa
1103 1410 1300 1451 videretur
1342 1429 1411 1454 cur

12 1470 53 1492 20
71 1455 296 1498 inimicitias
335 1461 508 1502 hominis
548 1464 830 1516 improbissimi
871 1472 1123 1523 susciperem,
1159 1484 1201 1514 ut
1243 1479 1408 1529 hospitis

69 1522 239 1562 salutem
261 1526 517 1578 fortunasque
537 1531 804 1574 defenderem.
851 1537 1044 1577 Fecerunt
1066 1541 1142 1579 hoc
1164 1543 1274 1581 multi
1297 1547 1406 1594 apud
1431 1557 1489 1587 118

69 1585 238 1626 maiores
287 1599 451 1641 nostros,
502 1594 594 1633 fecit
645 1597 762 1636 etiam
812 1613 938 1651 nuper
985 1604 1107 1643 homo
1154 1607 1402 1658 clarissimus,

66 1650 140 1689 Cn.
168 1652 378 1704 Domitius,
401 1658 468 1707 qui
492 1659 547 1697 M.
572 1660 760 1710 Silanum,
784 1667 1031 1706 consularem
1054 1670 1269 1719 hominem,
1292 1686 1403 1712 accu-

65 1714 163 1754 savit
203 1727 362 1769 propter
408 1723 668 1773 Aegritomari
719 1729 968 1781 Transalpini
1013 1734 1180 1784 hospitis
1229 1736 1398 1778 iniurias.

4 1795 44 1827 25
66 1780 249 1821 Putarem
280 1797 344 1823 me
367 1785 557 1827 idoneum
588 1791 654 1840 qui
683 1796 907 1844 exemplum
930 1810 1114 1848 sequerer
1145 1802 1400 1842 humanitatis

61 1852 182 1894 atque
225 1849 339 1897 offici,
382 1864 725 1906 proponeremque
774 1872 884 1909 spem
935 1862 1032 1901 meis
1082 1865 1305 1915 hospitibus
1353 1882 1398 1907 ac

61 1912 290 1951 necessariis
315 1927 395 1964 quo
423 1917 606 1958 tutiorem
634 1934 719 1960 sese
739 1923 858 1962 vitam
889 1939 979 1965 meo
1005 1929 1202 1978 praesidio
1227 1931 1398 1972 victuros

60 1986 145 2012 esse
171 1976 472 2029 arbitrarentur3
502 1996 593 2022 cum
615 1999 708 2024 vero
731 1987 771 2025 in
798 1992 1079 2031 communibus
1106 1994 1254 2033 iniuriis
1277 1997 1396 2037 totius

58 2039 283 2087 provinciae
311 2044 448 2083 Stheni
473 2060 633 2098 quoque
657 2065 775 2090 causa
802 2056 1060 2106 contineatur,
1095 2060 1288 2110 multique
1313 2076 1394 2102 uno

0 2118 38 2149 30
57 2109 234 2154 ternpore
260 2120 283 2145 a
315 2122 378 2147 me
416 2111 591 2161 hospites
623 2124 742 2166 atque
774 2120 890 2158 amici
933 2122 1092 2171 publice
1130 2124 1392 2178 privatimque

55 2169 329 2220 defendantur,
352 2177 530 2224 profecto
550 2180 671 2218 vereri
701 2195 782 2220 non
813 2185 943 2225 debeo
973 2201 1024 2226 ne
1054 2188 1141 2238 quis
1173 2191 1249 2229 hoc
1280 2194 1389 2242 quod
1436 2200 1438 2202 '

96 2273 116 2302 6
142 2273 298 2306 Putaram
318 2276 377 2308 CO
555 2293 571 2321 7
597 2283 695 2315 bonis
713 2296 779 2317 om.
804 2287 863 2319 CO
1060 2294 1099 2323 16
1122 2293 1294 2333 singulare
1315 2295 1388 2326 COl

55 2316 94 2345 18
118 2326 317 2356 cognossem
336 2332 377 2352 πε
402 2333 642 2363 cognoscerem
659 2328 719 2359 k6:
745 2340 957 2370 cognoscere
977 2334 1008 2365 Ο
