1600 2704
97 108 149 146 34
173 112 213 144 74
541 100 597 136 M.
630 100 798 137 TVLLI
830 98 1136 138 CICERONIS
1597 67 1600 138 i

110 212 148 248 75
169 205 361 245 retinebat
381 220 527 254 arcum,
549 207 685 246 dextra
704 207 908 246 ardentem
930 207 1054 244 facem
1075 206 1327 256 praeferebat.
1379 208 1499 246 Hanc

169 284 260 309 cum
282 271 354 309 iste
374 284 573 310 sacrorum
595 270 773 310 omnium
804 278 842 308 et
866 269 1098 320 religionum
1125 269 1249 308 hostis
1269 271 1496 320 praedoque

169 335 340 382 vidisset,
375 336 488 386 quasi
521 336 585 374 illa
624 335 707 385 ipsa
741 336 826 374 face
866 347 1074 385 percussus
1108 342 1221 382 esset,
1255 334 1308 373 ita
1339 336 1498 384 flagrare

169 400 384 450 cupiditate
413 408 533 450 atque
561 399 734 439 amentia
763 399 893 449 coepit
908 413 918 447 3
947 398 1111 448 imperat
1140 397 1429 449 magistratibus
1456 406 1498 437 ut

169 477 256 503 eam
285 464 551 503 demoliantur
585 472 624 503 et
654 463 728 503 sibi
758 464 854 503 dent
869 478 879 511 3
909 462 1005 501 nihil
1041 462 1115 502 sibi
1146 462 1293 513 gratius
1324 462 1499 502 ostendit
1520 476 1538 506 5

170 531 353 568 futurum.
415 529 477 568 Illi
506 542 599 568 vero
627 530 759 568 dicere
788 528 863 567 sibi
892 528 933 568 id
963 529 1071 567 nefas
1100 541 1196 575 esse,
1220 541 1386 579 seseque
1407 542 1498 566 cum

168 607 323 632 summa
354 593 540 643 religione
574 601 659 632 tum
690 606 847 632 summo
879 600 988 632 metu
1022 595 1153 644 legum
1184 601 1223 633 et
1261 593 1498 632 iudiciorum

167 658 301 696 teneri.
362 659 442 696 Iste
463 665 547 696 tum
567 665 699 707 petere
719 658 769 697 ab
790 657 876 705 illis,
899 665 983 696 tum
997 658 1147 706 minari,
1167 666 1252 698 turn
1273 672 1396 709 spem,
1414 666 1498 696 tum

166 730 315 761 metum
364 723 585 762 ostendere.
672 723 942 774 Opponebant
995 722 1050 760 illi
1099 736 1245 761 nomen
1300 723 1497 762 interdum

166 788 208 825 P.
244 787 448 836 Africani3
477 787 613 838 populi
636 787 810 827 Romani
844 787 942 827 illud
973 800 1059 826 esse
1083 787 1298 836 dicebant3
1325 787 1423 826 nihil
1457 801 1498 827 se
1520 804 1558 826 10

165 852 204 890 in
235 865 283 891 eo
328 853 531 903 potestatis
563 854 853 903 habere-quod
892 852 1102 902 imperator
1133 851 1370 892 clarissimus
1401 853 1498 892 urbe

165 917 339 955 hostium
370 925 485 967 capta
509 926 814 957 monumentum
835 917 1020 957 victoriae
1044 917 1180 968 populi
1209 919 1381 956 Romani
1411 931 1498 957 esse

106 989 145 1031 76
165 981 364 1020 voluisset.
424 983 528 1022 Cum
560 982 633 1021 iste
672 982 796 1021 nihilo
836 981 1035 1020 remissius
1070 990 1189 1032 atque
1221 981 1340 1020 etiam
1372 983 1498 1020 multo

164 1045 438 1084 vehementius
472 1046 632 1085 instaret
667 1046 824 1092 cotidie,
861 1059 921 1084 res
952 1045 1078 1096 agitur
1111 1035 1151 1084 in
1183 1053 1345 1084 senatu:
1384 1047 1498 1084 vehe-

165 1116 317 1148 menter
354 1110 405 1148 ab
437 1110 622 1149 omnibus
661 1111 905 1149 reclamatur.
966 1110 1107 1160 Itaque
1140 1109 1207 1148 illo
1241 1116 1418 1160 tempore
1450 1122 1496 1149 ac
1519 1126 1556 1158 15

165 1174 292 1224 primo
324 1174 434 1213 istius
472 1176 645 1213 adventu
680 1183 924 1225 pernegatur.
986 1176 1142 1222 Postea,
1181 1174 1377 1225 quidquid
1415 1182 1496 1213 erat

165 1239 294 1278 oneris
325 1241 364 1277 in
395 1239 523 1277 nautis
558 1240 850 1290 remigibusque
886 1240 1097 1290 exigendis,
1131 1239 1171 1278 in
1200 1241 1398 1278 frumento
1428 1240 1497 1278 im-

163 1305 352 1353 perando,
387 1304 610 1355 Segestanis
650 1313 801 1355 praeter
832 1313 983 1344 ceteros
1018 1304 1265 1355 imponebat,
1292 1304 1496 1355 aliquanto

162 1368 331 1418 amplius
361 1382 480 1418 quam
507 1370 604 1408 ferre
633 1377 806 1420 possent.
866 1371 1072 1408 Praeterea
1092 1367 1338 1420 magistratus
1359 1382 1495 1408 eorum

163 1433 364 1479 evocabat,
388 1433 583 1484 optimum
613 1447 814 1484 quemque
844 1442 882 1473 et
912 1433 1203 1473 nobilissimum
1231 1434 1283 1472 ad
1313 1446 1356 1472 se
1371 1445 1496 1472 arces·
1517 1450 1558 1471 20

163 1497 284 1544 sebat‚
322 1497 468 1536 circum
501 1497 635 1536 onmia
668 1498 894 1549 provinciae
926 1499 1010 1537 fora
1047 1497 1233 1548 rapiebat,
1271 1497 1494 1548 singillatim

162 1561 229 1599 uni
270 1561 412 1612 cuique
450 1561 662 1601 calamitati
701 1564 783 1602 fore
822 1576 863 1602 se
902 1562 1174 1609 denuntiabat,
1223 1562 1413 1601 universis
1452 1576 1494 1602 se

162 1626 338 1665 funditus
360 1639 584 1665 eversurum
606 1641 691 1667 esse
712 1627 817 1666 illam
839 1628 1037 1667 civitatem
1059 1628 1292 1667 minabatur.
1353 1629 1493 1678 Itaque

160 1689 376 1740 aliquando
398 1691 529 1729 multis
551 1693 662 1730 malis
686 1705 909 1743 magnoque
932 1700 1039 1732 metu
1055 1692 1147 1732 victi
1165 1692 1366 1743 Segestani
1386 1706 1493 1743 prae-

161 1754 254 1792 toris
294 1755 461 1805 imperio
498 1758 717 1806 parendum
758 1771 843 1796 esse
882 1759 1150 1798 decreverunt.
1210 1760 1360 1808 Magno
1399 1772 1490 1797 cum
1513 1771 1551 1804 25
1596 1797 1599 1810 ,

160 1821 267 1858 luctu
307 1829 345 1859 et
382 1821 530 1871 gemitu
572 1823 689 1861 totius
729 1823 907 1870 civitatis,
950 1824 1081 1862 multis
1120 1836 1210 1862 curn
1250 1823 1417 1861 lacrimis
1452 1831 1490 1861 et
1595 1811 1599 1818 Δ

160 1884 508 1924 lamentationibus
530 1886 699 1926 virorum
729 1886 1017 1938 mulierumque
1037 1887 1216 1927 omniurn
1237 1887 1489 1926 simulacrum

161 1948 314 1987 Dianae
335 1951 555 1990 tollendum
577 1954 737 1992 locatur.

88 1987 141 2070 ἑξ
214 2014 357 2053 Videte
378 2024 523 2066 quanta
544 2017 677 2068 religio
699 2018 812 2058 fuerit
832 2019 939 2070 apud
966 2019 1210 2069 Segestanos.
1271 2020 1489 2069 Repertum

201 2127 221 2156 3
247 2118 318 2157 ipsa
347 2119 401 2149 illa
430 2121 445 2149 δ
578 2121 598 2151 8
622 2126 690 2153 tum
716 2126 832 2162 petere
859 2134 903 2154 π;
927 2132 1001 2153 cum
1031 2127 1148 2162 petere
1172 2121 1235 2153 RS
1323 2122 1364 2153 ab
1382 2122 1430 2152 eis
1446 2121 1482 2152 S.

158 2159 252 2190 Forte
268 2172 343 2192 cum
362 2168 477 2202 petere
493 2163 534 2194 ab
552 2163 617 2195 illis
634 2170 703 2196 turn
721 2165 849 2204 minari,
867 2176 941 2197 cum
957 2175 1053 2205 spem
1071 2170 1138 2196 tum
1158 2167 1303 2196 metum?
1446 2175 1488 2195 20

157 2238 351 2268 arcessebat
368 2251 389 2269 π
405 2253 409 2271 ;
435 2241 629 2272 accersebat
648 2241 737 2272 RH&
753 2255 758 2273 ς
783 2217 967 2273 ai‘cersibat
983 2241 1029 2273 S:
1055 2241 1240 2272 accersibat
1258 2241 1322 2272 ΒΨ
1445 2251 1485 2280 23

158 2289 233 2310 esse
261 2280 380 2313 RSH:
408 2284 491 2313 male
516 2284 583 2314 secl.
612 2283 737 2321 MuelL,
768 2284 806 2324 Gl
833 2289 980 2317 seculus:
1004 2284 1092 2315 illam
1122 2294 1317 2315 eversurum
1347 2294 1422 2315 esse
1444 2286 1485 2323 pfi

158 2332 199 2360 25
225 2333 300 2354 esse
317 2326 501 2363 parendum
521 2328 742 2359 decreverunt
762 2327 917 2359 Zielinski
1046 2337 1088 2367 29
1111 2327 1220 2359 fuerit.
1256 2327 1355 2367 Apud
1372 2327 1483 2358 ΜηεΙΙ.

1560 1945 1567 2083 i

1557 2085 1564 2222 i

1556 2229 1560 2268 l

1553 2273 1559 2371 ξ

157 2365 227 2396 edd.
248 2378 315 2397 rece.
336 2379 341 2398 :
367 2378 395 2399 v.
416 2368 577 2408 Zielinski,
593 2375 626 2409 p.
649 2381 707 2411 197
1551 2378 1557 2411 l

1550 2421 1560 2450 :l'

1550 2453 1555 2494 l
