1600 2704
92 137 135 176 15
155 138 196 173 47
524 118 580 155 M.
612 114 781 153 TVLLI
812 110 1118 152 crcssRoms

93 244 134 284 48
155 232 431 275 exercitatione
461 229 639 268 tironem.
701 223 869 270 Deinde,
899 229 940 260 ut
970 220 1120 271 opinor,
1144 218 1263 256 habet
1285 214 1481 259 Alienum,

155 303 261 339 hunc
288 306 421 337 tamen
450 309 472 333 a
502 290 722 338 subselliis;
750 289 816 339 qui
838 287 932 338 quid
961 286 999 323 in
1028 284 1199 324 dicendo
1223 289 1355 333 posset
1376 292 1486 318 num<

156 378 276 416 quam
310 362 402 401 satis
432 358 592 405 attendi,
625 356 664 394 in
695 354 904 394 clamando
939 350 1100 401 quidem
1131 347 1247 386 video
1281 359 1371 385 eum
1401 357 1487 383 esse

158 432 260 470 bene
289 428 493 466 robustum
524 431 642 472 atque
672 419 936 459 exercitatum.
997 417 1045 453 In
1076 415 1152 452 hoc
1180 425 1267 462 spes
1287 419 1377 449 tuae
1397 416 1488 447 sunt

159 507 326 540 omnes;
368 491 442 537 hic,
475 489 506 527 si
536 496 577 526 tu
611 485 684 525 eris
717 492 826 522 actor
859 480 1106 525 constitutus,
1138 485 1265 516 totum
1299 473 1488 513 iudicium
1511 489 1527 519 5

161 557 379 600 sustinebit.
438 557 498 593 Ac
525 566 574 591 ne
601 551 632 589 is
653 549 814 600 quidem
845 554 998 586 tantum
1019 544 1234 583 contendet
1258 541 1297 579 in
1318 539 1490 578 dicendo

162 631 354 675 quantum
376 626 515 671 potest,
539 618 608 656 sed
629 615 808 654 consulet
834 611 940 650 laudi
968 618 1006 649 et
1033 604 1310 648 existimationi
1331 612 1430 652 tuae,
1454 610 1491 640 et

163 704 210 729 ex
237 701 284 727 eo
305 686 413 736 quod
440 684 523 734 ipse
553 687 682 731 potest
708 679 748 717 in
778 677 950 717 dicendo
978 675 1223 724 aliquantum
1248 669 1427 714 remittet,
1452 674 1493 705 ut

164 764 207 793 tu
241 761 374 791 tamen
412 748 561 798 aliquid
600 758 684 784 esse
718 743 884 781 videare.
943 742 996 778 Vt
1030 739 1069 777 in
1103 736 1301 777 actoribus
1334 731 1494 772 Graecis

165 818 248 857 fieri
267 817 458 861 videmus,
482 825 598 862 saepe
618 809 728 847 illum
749 806 817 857 qui
843 813 900 844 est
927 805 1187 843 secundarum
1208 808 1275 839 aut
1295 798 1494 838 tertiarum
1519 811 1556 834 ιο

166 883 346 935 partium,
382 893 473 918 cum
512 875 635 928 possit
673 872 875 922 aliquanto
913 868 1052 908 clarius
1090 867 1219 906 dicere
1256 877 1374 927 quarn
1413 862 1496 912 ipse

168 949 391 1000 primarum,
443 945 611 982 multum
659 937 900 981 submittere,
950 941 993 973 ut
1040 933 1103 970 ille
1150 931 1331 981 princeps
1378 940 1496 977 quam

170 1014 339 1053 maxime
368 1011 542 1056 excellat,
572 1006 627 1045 sic
653 1004 769 1043 faciet
795 1001 985 1047 Alienus;
1022 997 1093 1037 tibi
1120 995 1270 1042 serviet,
1298 993 1369 1032 tibi
1394 994 1499 1030 leno-

110 1094 152 1126 49
171 1078 375 1124 cinabstur,
408 1075 537 1114 minus
571 1072 773 1121 aliquanto
807 1066 1021 1106 contendet
1052 1076 1169 1113 quam
1203 1066 1342 1111 potest.
1414 1059 1499 1094 Iam

171 1147 247 1183 hoc
282 1141 539 1185 considerate,
573 1136 683 1175 cuius
719 1133 826 1171 modi
857 1136 1102 1169 accusatores
1137 1126 1176 1164 in
1211 1132 1320 1163 tanto
1353 1120 1500 1160 iudicio
1523 1139 1559 1170 15

171 1210 293 1248 simus
314 1204 494 1251 habituri,
517 1216 608 1242 cum
629 1208 667 1239 et
694 1199 776 1249 ipse
797 1195 961 1234 Alienus
982 1207 1027 1232 ex
1048 1206 1093 1231 ea
1113 1192 1307 1236 facultate,
1331 1187 1361 1226 si
1382 1198 1500 1236 quarn

172 1275 303 1321 habet,
326 1271 570 1321 aliquantum
592 1268 835 1305 detracturus
863 1260 924 1308 sit,
945 1266 982 1298 et
1003 1256 1198 1297 Caecilius
1226 1262 1309 1292 turn
1330 1251 1502 1301 denique

173 1354 214 1379 se
240 1337 390 1388 aliquid
417 1337 590 1373 futurum
619 1337 740 1380 putet,
765 1327 795 1366 si
816 1326 980 1364 Alienus
1008 1322 1136 1361 minus
1157 1321 1369 1358 vehemens
1390 1316 1502 1354 fuerit

174 1413 212 1444 et
251 1403 325 1442 sibi
363 1402 507 1452 primas
545 1398 585 1436 in
624 1395 795 1435 dicendo
840 1390 958 1441 partis
997 1385 1243 1426 concesserit.
1308 1385 1502 1432 Quartum

175 1482 294 1520 quern
321 1467 370 1506 sit
396 1464 600 1504 habiturus
630 1473 710 1498 non
731 1459 858 1503 video,
880 1454 953 1493 nisi
975 1465 1092 1503 quem
1120 1453 1217 1489 forte
1238 1463 1284 1487 ex
1303 1448 1369 1486 illo
1389 1459 1503 1497 grege
1524 1462 1562 1484 20

178 1541 429 1579 moratorum,
452 1528 519 1580 qui
546 1524 875 1575 subscriptionem
903 1519 976 1558 sibi
1001 1518 1246 1568 postularunt
1270 1513 1505 1562 cuicumque

121 1617 162 1649 50
178 1613 248 1639 vos
268 1598 507 1638 delationem
528 1590 734 1632 dedissetis
751 1604 758 1627 :
788 1602 834 1626 ex
851 1585 994 1636 quibus
1014 1579 1259 1621 alienissimis
1280 1577 1507 1617 hominibus

180 1666 233 1703 ita
270 1669 426 1713 paratus
464 1658 573 1698 venis
611 1664 654 1694 ut
693 1653 763 1693 tibi
802 1654 946 1701 hospes
983 1647 1123 1697 aliquis
1162 1645 1210 1683 sit
1248 1642 1505 1693 recipiendus.

180 1729 336 1778 Quibus
363 1739 436 1776 ego
462 1737 543 1762 non
574 1735 660 1760 sum
690 1727 843 1758 tantum
873 1717 1065 1754 honorem
1092 1710 1294 1749 habiturus
1321 1714 1363 1746 ut
1389 1707 1438 1745 ad
1463 1719 1508 1744 ea

180 1807 282 1844 quae
319 1789 486 1831 dixerint
524 1794 631 1826 certo
669 1786 757 1822 loco
795 1789 861 1820 aut
907 1776 1130 1828 singillatim
1169 1773 1250 1812 uni·
1275 1773 1417 1822 cuique
1455 1784 1508 1809 re·
1530 1783 1568 1815 25
1598 1782 1600 1814 3

181 1858 425 1909 spondeam:
461 1853 515 1891 sic
543 1850 719 1896 breviter,
743 1845 931 1897 quoniam
959 1856 1039 1881 non
1067 1841 1247 1879 consulto
1268 1839 1337 1876 sed
1358 1849 1450 1875 casu
1471 1834 1511 1872 in

183 1936 319 1962 eorum
358 1917 602 1958 mentionem
643 1912 774 1959 incidi,
815 1909 926 1961 quasi
969 1905 1204 1958 praeteriens
1243 1902 1334 1941 satis
1372 1900 1514 1939 faciam

121 1995 166 2032 16
185 1985 385 2027 universis.
444 1985 626 2021 Tantane
645 1978 758 2017 vobis
788 1974 922 2025 inopia
950 1973 1084 2011 videor
1114 1983 1198 2008 esse
1226 1967 1442 2006 amicorum
1472 1971 1515 2002 ut
1598 1974 1600 2017 r

186 2052 282 2091 mihi
316 2064 396 2088 non
431 2062 477 2087 ex
507 2046 567 2084 his
602 2057 701 2095 quos
731 2053 887 2080 mecum
917 2035 1157 2081 adduxerim,
1190 2034 1259 2072 sed
1289 2033 1339 2070 de
1367 2030 1517 2080 populo
1597 2028 1599 2066 ᾇ

187 2116 428 2166 subscriptor
447 2112 645 2151 addatur?
684 2107 796 2146 vobis
825 2112 957 2144 autem
988 2110 1095 2140 tanta
1122 2098 1255 2148 inopia
1280 2108 1434 2135 reorum
1459 2100 1516 2132 est
1537 2083 1598 2141 30}

236 2233 248 2252 1
275 2221 315 2250 T.
333 2218 490 2248 Alienum
508 2215 547 2246 E.
568 2213 603 2244 F.
623 2211 795 2244 Eberhard
904 2220 922 2239 2
947 2219 964 2239 a
983 2205 1150 2239 subselliis
1168 2203 1221 2242 Dp
1239 2205 1267 2232 cl
1282 2200 1445 2241 plerique:
1477 2197 1518 2228 ab
1595 2201 1597 2235 ζ

190 2265 281 2295 subs.
302 2273 340 2302 qr
353 2261 431 2291 Asc.
611 2262 728 2296 posset
745 2255 801 2295 Dp
821 2258 849 2285 et
862 2255 940 2295 pler.
961 2264 967 2283 ε
999 2250 1104 2290 possit
1125 2246 1267 2286 GlLKrfi
1425 2243 1446 2271 6
1469 2240 1518 2270 Ac
1594 2241 1596 2284 i

191 2307 295 2345 DG2⁷r
312 2318 317 2335 z
343 2309 375 2335 at
392 2304 428 2341 G.
445 2302 485 2333 (tl.
582 2302 618 2330 18
643 2299 768 2338 aliquid
785 2309 822 2329 se
843 2309 882 2337 qr
946 2295 1108 2325 facturum
1126 2290 1165 2329 G¹
1255 2299 1291 2318 21
1320 2291 1520 2317 moratorum
1593 2296 1595 2312 r

188 2357 222 2392 p,
239 2349 327 2389 quod
340 2359 379 2378 cx
395 2347 471 2376 Asc.
491 2344 660 2376 coniecerat
675 2342 829 2373 Cniacius
845 2353 850 2372 :
876 2339 1069 2371 meritorum
1081 2335 1108 2366 L
1125 2345 1131 2365 :
1156 2337 1342 2364 meatorum
1356 2326 1522 2368 DG2KZ:

194 2398 365 2426 oratorum
385 2390 461 2429 Gir&
