1600 2704
112 113 379 156 ACTIONIS
411 111 472 149 IN
503 108 548 147 C.
570 102 813 143 VERREM
844 95 1144 138 SECVNDAE
1175 93 1278 131 LIB.
1302 92 1337 126 V
1380 97 1436 135 40
1461 101 1519 131 104

112 234 265 280 poterat
308 225 403 275 quin
450 216 656 261 Cleomeni
706 219 938 266 parceretur.
1007 211 1135 247 Vocat
1179 206 1436 247 Cleomenen,
1461 215 1521 245 105

113 291 207 332 dicit
229 290 263 329 ei
284 303 325 328 se
346 285 526 326 statuisse
555 281 865 321 animadvertere
892 275 931 313 in
959 272 1088 312 omnis
1112 269 1331 308 nauarchos
1350 281 1358 312 ;
1387 266 1440 303 ita

115 356 174 395 sui
195 353 356 406 periculi
386 352 555 390 rationes
584 348 682 385 ferre
711 357 756 382 ac
786 341 994 392 postulare.
1057 334 1173 373 ‘Tibi
1194 332 1263 371 uni
1282 342 1439 381 parcam

115 429 153 461 et
192 419 322 470 potius
360 415 472 454 istius
509 413 648 461 culpae
687 408 834 447 crimen
869 400 1276 453 vituperationemque
1310 395 1443 432 incon-

80 502 96 533 3
116 483 282 524 stantiae
303 479 514 530 suscipiam
535 488 654 526 quam
683 481 749 512 aut
780 472 820 509 in
846 478 883 508 te
909 468 981 507 sim
1009 463 1177 504 crudelis
1198 469 1265 500 aut
1285 468 1342 498 tot
1365 467 1442 496 tam

66 828 104 850 10

75 1472 116 1494 20

79 1798 119 1828 25

116 548 241 600 gravis
271 545 381 585 testis
405 543 514 582 vivos
544 537 834 586 incolumisque
863 546 948 572 esse
980 529 1127 581 patiar.'
1185 527 1277 576 Agit
1304 522 1444 574 gratias

119 616 367 657 Cleomenes,
408 606 602 658 adprobat
646 600 867 645 consilium,
907 595 1002 636 dicit
1040 594 1094 632 ita
1132 590 1214 630 fieri
1253 595 1444 638 oportere,

119 680 308 717 admonet
342 682 475 713 tamen
506 670 618 717 illud,
644 667 752 718 quod
784 665 916 703 istum·
936 663 1095 710 fugerat,
1126 657 1165 695 in
1202 655 1449 695 Phalacrum,

121 740 425 791 Centuripinum
447 735 701 778 nauarchum,
725 743 804 768 non
825 740 941 779 posse
961 720 1228 766 animadverti,
1246 724 1450 769 propterea

122 808 231 858 quod
252 817 386 845 secum
414 815 493 840 una
517 798 653 838 fuisset
681 796 722 834 in
749 789 1007 840 Centuripina
1034 783 1281 837 quadriremi.
1342 778 1452 829 Quid

124 873 245 922 ergo?
274 870 346 908 iste
366 870 488 906 homo
517 878 564 903 ex
592 862 675 901 eius
705 857 814 898 modi
843 855 1010 899 civitate,
1032 852 1265 890 adulescens
1295 843 1454 883 nobilis-

125 937 260 982 simus,
299 933 408 972 testis
446 926 717 978 relinquetur?
781 923 853 959 ‘In
892 912 1135 969 praesentia,’
1175 910 1301 961 inquit
1341 910 1454 948 Cleo-

126 1013 274 1045 menes,
296 1002 304 1018 ‘
317 995 505 1047 quoniam
519 993 572 1031 ita
585 1001 746 1029 necesse
759 993 816 1025 est
832 1000 841 1033 3
871 984 940 1022 sed
960 988 1050 1033 post
1069 978 1218 1028 aliquid
1232 973 1454 1014 videbimus

126 1079 177 1104 ne
198 1065 270 1102 iste
290 1061 405 1101 nobis
425 1060 581 1098 obstare
601 1052 747 1105 possit.'

188 1132 302 1168 Haec
331 1134 589 1177 posteaquam
618 1126 705 1158 acta
734 1124 772 1156 et
801 1112 1015 1154 constituta
1045 1116 1146 1156 sunt,
1179 1103 1358 1157 procedit
1385 1102 1457 1140 iste
1478 1079 1542 1160 1:¹6

129 1201 290 1246 repente
315 1205 336 1230 e
363 1187 558 1241 praetorio
584 1185 850 1223 inflammatus
878 1178 1024 1216 scelere
1048 1175 1177 1212 furore
1203 1168 1459 1213 crudelitate3

130 1261 169 1299 in
191 1261 318 1298 forum
349 1254 466 1301 venit,
498 1250 718 1290 nauarchos
737 1244 868 1284 vocari
897 1243 1016 1281 iubet.
1077 1237 1158 1287 Qui
1187 1234 1284 1274 nihil
1310 1240 1459 1271 metue-

131 1333 226 1371 rent,
249 1321 346 1361 nihil
367 1318 668 1369 suspicarentur‚
692 1310 822 1351 statim
850 1313 1069 1347 accurrunt.
1130 1304 1211 1340 Iste
1232 1297 1460 1338 hominibus

132 1388 282 1429 miseris
312 1383 591 1425 innocentibus
615 1378 708 1418 inici
737 1384 896 1414 catenas
925 1372 1100 1421 imperat.
1161 1365 1378 1415 Implorare
1407 1361 1461 1398 illi

133 1456 252 1494 fidem
278 1449 475 1503 praetoris,
499 1454 536 1486 et
557 1457 676 1496 quare
706 1442 746 1480 id
776 1442 920 1478 faceret
949 1447 1093 1485 rogare.
1153 1433 1258 1468 Tum
1284 1430 1355 1466 iste
1385 1427 1463 1464 hoc

134 1533 275 1560 causae
305 1516 414 1556 dicit.
443 1513 552 1564 quod
581 1513 745 1549 classem
774 1502 1038 1556 praedonibus
1065 1496 1342 1549 prodidissent.
1402 1492 1463 1529 Fit

135 1587 283 1624 clamor
311 1590 349 1621 et
378 1576 585 1619 admiratio
615 1572 748 1625 populi
781 1578 929 1609 tantam
960 1579 1045 1605 esse
1079 1563 1118 1601 in
1151 1561 1313 1599 homine
1342 1558 1465 1606 impu-

136 1649 311 1689 dentiam
342 1653 461 1695 atque
491 1640 697 1681 audaciam
732 1644 774 1674 ut
813 1642 879 1673 aut
917 1631 1001 1670 aliis
1040 1639 1198 1667 causam
1235 1620 1466 1662 calamitatis

137 1714 365 1754 attribueret
395 1721 496 1759 quae
525 1704 654 1745 omnis
685 1709 842 1753 propter
872 1695 1073 1736 avaritiam
1095 1691 1216 1742 ipsius
1246 1687 1468 1732 accidisset,

138 1788 216 1826 aut,
254 1790 344 1816 curn
374 1774 458 1825 ipse
487 1770 732 1823 praedonum
768 1763 898 1803 socius
931 1760 1191 1802 arbitraretur,
1223 1753 1307 1792 aliis
1341 1750 1469 1801 prodi-

139 1843 256 1883 tionis
278 1841 426 1880 crimen
446 1838 628 1881 inferret;
656 1831 802 1872 deinde
815 1829 891 1866 hoc
912 1825 1051 1876 quinto
1068 1821 1226 1861 decimo
1240 1818 1303 1856 die
1321 1816 1467 1855 crimen

139 1922 224 1948 esse
254 1914 390 1944 natum
420 1909 630 1952 postquam
660 1894 792 1935 classis
822 1899 924 1931 esset
952 1888 1105 1928 amissa.
1165 1885 1268 1924 Cum
1299 1883 1396 1918 haec
1417 1879 1469 1916 ita
1493 1891 1553 1921 10,-

140 1975 289 2018 fierent,
321 1966 581 2019 quaerebatur
611 1961 678 2000 ubi
718 1966 818 1998 esset
851 1957 1098 1998 Cleomenes,
1132 1962 1213 1987 non
1248 1959 1328 1996 quo
1360 1944 1468 1982 illum

186 2087 205 2107 2
229 2073 500 2106 animadvertere
521 2066 591 2097 Vnk
609 2076 615 2095 :
654 2063 800 2095 animum
818 2058 945 2091 adverti
964 2055 1049 2086 RS:
1082 2053 1230 2084 animum
1249 2050 1426 2080 advertere
1445 2045 1475 2075 Z

145 2122 199 2159 (ut
213 2117 300 2149 codd.
319 2121 421 2156 supra
439 2112 459 2144 l.
478 2121 542 2142 20:
567 2109 603 2149 ef.
619 2108 661 2147 iv,
685 2110 699 2144 ξ
718 2106 770 2135 28χ
881 2111 899 2141 5
924 2109 1021 2140 quam
1038 2103 1094 2128 aut
1116 2095 1224 2136 Vpkfi:
1248 2102 1347 2132 quam
1366 2095 1400 2121 ut
1416 2090 1449 2120 R
1465 2101 1472 2119 ε

144 2173 243 2203 quam
261 2160 352 2191 SDxr
507 2155 527 2184 8
551 2153 584 2183 id
601 2150 689 2191 quod
711 2149 742 2178 V
755 2148 804 2187 (ii,
823 2147 844 2184 i,
865 2149 880 2183 ξ
904 2144 980 2181 ιιι)
1139 2148 1176 2177 17
1201 2137 1243 2168 ad
1261 2146 1297 2166 se
1314 2134 1425 2164 vocari
1447 2132 1479 2162 V

145 2217 188 2237 20
212 2210 280 2235 tum
303 2201 437 2241 VRSp:
461 2203 538 2230 tunc
558 2198 574 2227 δ
737 2201 780 2221 22
803 2194 836 2220 et
854 2199 920 2219 om.
940 2185 1004 2217 RS
1164 2177 1426 2212 admurmuratio
1448 2175 1479 2204 V

147 2247 296 2290 (Mensel,
319 2251 353 2286 p.
379 2243 437 2284 33)
571 2248 612 2278 25
636 2236 856 2268 arbitraretur
881 2229 998 2262 RSW:
1030 2229 1205 2268 putaretur
1233 2222 1300 2252 Vn&
1433 2228 1474 2256 27

147 2294 192 2324 ita
209 2302 275 2322 om.
301 2289 346 2319 V&
480 2284 522 2316 28
546 2283 637 2313 illum
654 2290 719 2310 ont.
738 2276 802 2309 SD
