1600 2704
104 148 154 187 57
178 154 237 185 132
541 138 597 175 M.
628 138 797 175 TVLLI
828 137 1137 177 CICERONIS

106 251 155 299 58
175 250 240 289 illa
260 264 310 289 ne
331 250 439 289 fieret
460 248 655 288 laborasti.
707 250 783 287 Pro
803 247 843 287 di
863 248 1115 294 immortales,
1134 248 1210 285 hoc
1229 254 1296 285 aut
1312 246 1503 285 innocens

96 459 152 491 133

175 317 297 354 homo
335 313 485 365 perpeti
524 313 727 364 potuisset,
767 320 834 351 aut
872 312 1050 363 quamvis
1089 324 1248 357 nocens,
1285 311 1352 361 qui
1382 312 1504 349 modo

174 380 319 419 iudicia
350 382 504 418 Romae
531 380 612 417 fore
642 386 806 428 putaret,
829 391 910 416 non
939 377 1070 427 aliqua
1100 375 1350 415 simulatione
1379 375 1504 414 existi-

176 444 337 483 mationi
359 458 400 482 se
420 443 628 481 hominum
650 443 922 481 venditasset?
988 441 1097 491 Quid
1118 448 1175 480 est
1196 442 1305 480 hoc?
1342 440 1504 491 sponsio

175 511 216 547 fit
237 510 287 547 de
308 508 436 558 capite
451 521 497 546 ac
514 507 679 546 fortunis
696 507 771 545 tuis
791 522 797 545 :
820 514 860 545 tu
878 508 990 545 sedes
1008 514 1045 545 et
1062 505 1230 556 quiescis
1246 507 1263 544 ?
1282 519 1363 544 non
1380 518 1505 555 perse-

174 573 303 622 queris
317 575 334 610 ?
363 585 442 610 non
464 573 717 622 perseveras?
747 584 827 609 non
849 570 1038 621 perquiris
1059 570 1122 609 cui
1136 569 1274 608 dixerit
1292 568 1502 619 Apronius,

175 637 262 686 quis
282 636 481 675 audierit?
511 636 618 674 unde
639 637 715 673 hoc
736 642 886 682 natum,
907 648 1026 684 quem
1046 636 1097 673 ad
1120 635 1283 673 modum
1308 636 1502 684 prolatum

174 701 254 738 sit?
301 700 341 738 Si
370 699 441 738 tibi
470 699 610 749 aliquis
639 700 690 738 ad
716 712 850 737 aurem
874 698 1102 737 accessisset
1128 706 1166 737 et
1193 698 1352 738 dixisset
1381 701 1504 749 Apro-

175 765 284 803 nium
315 763 493 803 dictitare
522 771 560 802 te
586 763 661 802 sibi
681 776 767 802 esse
795 763 960 811 socium,
981 763 1221 802 commoveri
1249 770 1287 801 te
1316 763 1500 813 oportuit,

176 842 338 868 evocare
359 828 593 878 Apronium,
617 841 690 866 nec
711 827 821 865 illum
842 834 933 866 ante
954 827 1025 866 tibi
1046 827 1138 865 satis
1159 828 1285 866 facere
1312 841 1431 877 quam
1461 836 1502 866 tu

175 894 353 932 omnium
374 893 651 932 existimationi
672 892 764 931 satis
784 892 941 931 fecisses
959 908 965 931 :
996 906 1086 930 cum
1107 906 1199 931 vero
1225 892 1264 930 in
1294 894 1378 931 foro
1408 894 1507 931 cele-

177 958 345 997 berrimo
365 965 473 996 tanta
493 957 712 1008 frequentia
736 958 813 996 hoc
833 957 953 995 verbo
973 970 1019 995 ac
1043 956 1292 996 simulatione
1312 957 1503 1007 Apronio,

175 1038 214 1062 re
254 1036 343 1061 vera
381 1022 452 1061 tibi
491 1022 693 1061 obiectum
723 1028 836 1069 esset,
873 1029 915 1059 tu
945 1035 1134 1072 umquam
1164 1028 1313 1060 tantam
1348 1023 1503 1072 plagam

176 1088 316 1126 tacitus
342 1087 521 1138 accipere
552 1086 746 1137 potuisses
767 1086 841 1125 nisi
868 1088 945 1125 hoc
978 1087 1031 1125 ita
1058 1086 1269 1133 statuisses,
1292 1085 1332 1124 in
1357 1100 1396 1125 re
1423 1094 1502 1125 tam

176 1152 382 1191 manifesta
420 1151 609 1202 quicquid
649 1151 812 1190 dixisses
850 1159 889 1190 te
936 1151 1106 1190 deterius
1154 1164 1239 1190 esse
1281 1152 1503 1190 facturum?

95 1230 155 1263 134
176 1219 429 1266 Quaestores‚
449 1218 608 1267 legatos,
636 1217 867 1266 praefectos,
891 1215 1069 1255 tribunos
1099 1229 1191 1254 suos
1221 1216 1332 1254 multi
1363 1216 1502 1255 missos

175 1284 351 1321 fecerunt
382 1289 421 1320 et
451 1282 501 1320 de
531 1280 732 1331 provincia
762 1282 954 1320 decedere
983 1280 1188 1328 iusserunt,
1215 1282 1324 1330 quod
1348 1281 1502 1320 illorum

175 1349 290 1397 culpa
321 1360 362 1385 se
393 1345 524 1384 minus
568 1347 780 1384 commode
810 1345 945 1384 audire
983 1345 1260 1384 arbitrarentur
1289 1353 1356 1384 aut
1394 1346 1503 1396 quod

174 1425 337 1462 peccare
362 1411 468 1462 ipsos
500 1410 631 1461 aliqua
657 1410 697 1448 in
721 1424 761 1449 re
784 1410 1025 1449 iudicarent:
1056 1418 1097 1448 tu
1122 1410 1354 1460 Apronium,
1380 1410 1503 1449 homi-

174 1490 265 1515 nem
290 1475 352 1514 vix
378 1476 556 1523 liberum,
583 1475 906 1523 contaminatum,
931 1475 1139 1525 perditum,
1163 1475 1409 1525 flagitiosum,
1435 1476 1501 1526 qui

174 1554 255 1579 non
295 1541 417 1579 modo
455 1539 632 1579 animum
680 1539 875 1590 integrum
913 1541 983 1579 sed
1022 1553 1071 1578 ne
1117 1539 1290 1578 animam
1339 1540 1501 1590 quidem

174 1619 311 1656 puram
349 1618 580 1644 conservare
618 1604 821 1655 potuisset,
853 1618 943 1643 eum
981 1604 1022 1642 in
1060 1611 1170 1643 tanto
1202 1612 1270 1644 tuo
1308 1606 1503 1644 dedecore

174 1672 350 1720 profecto
374 1684 424 1709 ne
447 1670 567 1709 verbo
591 1669 753 1720 quidem
776 1669 950 1720 graviore
978 1671 1227 1720 appellasses,
1249 1684 1377 1720 neque
1397 1672 1502 1720 apud

174 1744 211 1773 te
225 1742 304 1773 tam
319 1742 454 1773 sancta
467 1734 602 1785 religio
615 1733 811 1773 societatis
833 1733 967 1772 fuisset
988 1741 1029 1772 ut
1050 1733 1106 1772 tui
1127 1734 1265 1784 capitis
1286 1734 1503 1784 periculum

174 1801 407 1850 neglegeres,
430 1799 504 1838 nisi
524 1813 606 1839 rem
632 1807 712 1838 tam
740 1807 875 1838 notam
902 1812 987 1838 esse
1013 1799 1198 1838 omnibus
1225 1807 1262 1838 et
1283 1807 1361 1838 tam
1385 1799 1504 1838 mani-

172 1866 311 1903 festam
333 1864 495 1903 videres.

222 1931 325 1969 Cum
340 1930 481 1968 eodem
496 1930 673 1980 Apronio
687 1936 824 1980 postea
839 1932 879 1967 P.
896 1929 1128 1979 Scandilius,
1145 1942 1266 1980 eques
1284 1931 1500 1977 Romanus,

171 2009 289 2044 quem
316 2008 386 2033 vos
420 2008 558 2033 omnes
588 1994 722 2042 nostis,
756 1996 924 2033 eandem
952 1995 1206 2045 sponsionem
1232 1996 1283 2034 de
1317 1995 1503 2033 societate

172 2059 261 2097 fecit
283 2072 401 2109 quam
424 2058 598 2098 Rubrius
620 2061 747 2098 facere
768 2060 952 2098 voluerat.
1014 2059 1170 2106 Institit,
1194 2059 1397 2110 oppressit,
1421 2072 1500 2098 non

172 2123 342 2171 remisitg
372 2125 474 2162 facta
490 2131 548 2163 est
561 2124 723 2174 sponsio
747 2125 817 2162 HS
838 2126 889 2171 V:
918 2123 1047 2174 coepit
1062 2124 1282 2163 Scandilius
1303 2138 1501 2175 recupera·
1523 2158 1529 2166 .

101 2194 154 2233 59
174 2196 276 2225 tores
296 2195 362 2226 aut
383 2188 555 2227 iudicem
576 2190 787 2239 postulare.
835 2187 988 2227 Satisne
1002 2188 1112 2227 vobis
1133 2188 1300 2238 praetori
1320 2189 1502 2239 improbo

175 2251 404 2291 circumdati
429 2253 593 2292 cancelli
614 2252 796 2292 videntur
822 2252 862 2290 in
883 2266 952 2291 sua
973 2253 1184 2303 provincia,
1208 2252 1330 2291 immo
1350 2266 1442 2292 vero
1463 2252 1501 2290 in

218 2365 237 2393 5
262 2360 294 2385 et
312 2365 375 2386 om.
399 2356 429 2386 O
553 2366 591 2387 10
615 2366 760 2387 evocare
777 2355 825 2386 cO
842 2367 847 2386 z
873 2366 995 2386 vocare
1009 2361 1033 2396 j>
1050 2356 1116 2387 rell.
1241 2367 1278 2395 14
1302 2362 1369 2387 tam
1386 2366 1451 2386 om.
1473 2356 1503 2386 O

176 2408 216 2436 23
233 2398 387 2438 profecto
401 2409 442 2429 ne
461 2398 548 2429 codd.
565 2400 602 2438 (i,
621 2403 634 2437 ξ
650 2400 707 2439 32)
724 2410 729 2429 t
744 2409 809 2430 non
823 2399 909 2438 pros.
925 2399 994 2430 edd.
1013 2403 1083 2431 vett.
1104 2411 1110 2430 :
1135 2399 1219 2439 prof.
1233 2410 1300 2431 non
1313 2410 1354 2430 nc
1366 2399 1504 2430 Affztellcr

1525 519 1542 552 5

1527 840 1564 863 10

1526 1165 1562 1198 15

1590 1703 1594 1716 ι

1589 1721 1593 1739 l

1525 1743 1593 1855 25}

1587 1884 1590 1925 ἶ

1584 1939 1588 1962 x

1584 1967 1588 2007 ἔ

1582 2010 1587 2046 ἕ
