1600 2704
543 119 865 157 PRAEFATIO

39 232 183 270 librum
204 243 325 281 quem
346 231 386 268 in
408 229 591 268 manibus
611 229 810 267 habebam
831 229 982 266 nullum
1004 241 1090 266 esse
1110 227 1230 265 alium
1251 241 1370 277 quam

40 295 419 345 praestantissimum
450 293 631 333 codicem
662 292 967 333 cluniacensem
998 293 1074 330 No.
1098 293 1190 341 498,
1220 292 1287 341 qui
1318 292 1371 330 ibi

43 359 103 398 his
124 359 252 399 verbis
273 359 507 399 describitur
526 374 588 397 :—·

103 427 284 463 Velamen
315 427 363 463 in
393 438 465 474 quo
497 425 712 462 continetur
743 425 873 462 Cicero
906 425 947 461 ln
980 423 1173 461 Catz'llt‘na
1205 427 1242 458 et
1275 422 1370 458 idem

33 497 110 539 pro
153 490 300 539 Quinto
338 490 500 538 ngario
537 495 574 527 et
603 495 680 538 pro
717 501 799 537 rege
836 489 1028 537 Dejotaro
1066 491 1103 524 et
1136 488 1180 524 de
1208 486 1373 534 publicis

39 555 178 593 litteris
211 560 249 593 et
276 556 320 592 de
351 555 493 592 actione
528 556 696 603 idemque
725 555 767 591 sn
807 552 1127 590 Verrt')zzk.-De-
1142 564 1232 589 vera
1256 549 1372 588 huius

38 618 140 657 tituli
168 618 490 669 interpretatione
514 618 604 657 vide
631 631 732 668 quae
761 616 896 666 scripsi
924 616 963 654 in
989 617 1183 656 Classical
1203 616 1369 661 Review,

42 684 132 732 xvii,
153 697 188 733 p.
218 686 302 733 163.

95 750 219 786 Hunc
240 748 421 787 codicem
449 748 489 786 in
516 747 761 786 orationibus
786 746 1024 787 Catilinariis
1052 745 1217 784 edendis
1247 758 1372 795 nuper

37 813 221 852 adhibuit
238 815 388 864 collega
401 827 512 852 meus
526 822 565 852 et
578 813 728 851 amicus
742 813 929 851 Albertus
944 813 988 852 C.
1006 812 1135 858 Clark,
1151 810 1207 848 vir
1222 810 1371 861 optime

37 879 88 916 de
120 879 176 916 M.
208 878 343 917 Tullio
378 878 550 924 meritus,
585 877 723 916 ceteris
755 877 822 927 qui
857 884 1009 915 exstant
1044 876 1152 914 libris
1184 875 1370 914 omnibus

37 942 193 992 optimo
215 944 296 982 iure
316 956 574 993 praeponens.
630 944 752 991 Quod
772 943 823 980 ad
843 940 1029 980 Verrinas
1049 941 1199 987 attinet,
1222 941 1370 978 nullam

38 1009 178 1045 harum
203 1007 426 1046 orationum
443 1014 594 1057 partem
616 1006 689 1044 nisi
711 1007 931 1045 secundum
953 1014 991 1044 et
1012 1005 1168 1043 tertium
1191 1004 1371 1042 Actionis

38 1072 249 1110 Secundae
269 1071 389 1110 libros
410 1071 522 1109 initio
538 1070 768 1110 continebat
783 1086 792 1118 3
823 1078 860 1108 et
881 1070 1207 1120 perincommode
1227 1068 1371 1106 accidit

39 1138 148 1185 quod
172 1136 333 1186 exiguae
361 1144 513 1174 tantum
545 1144 673 1186 partes
700 1135 786 1173 libri
815 1135 979 1173 secundi
1011 1148 1117 1172 nunc
1139 1141 1373 1183 supersunt;

39 1200 172 1239 tertius
207 1200 305 1239 liber
336 1208 442 1239 totus
481 1208 539 1239 est
573 1200 812 1250 deperditus.
890 1201 968 1239 Sed
1003 1198 1159 1237 criticae
1191 1206 1250 1237 est
1280 1198 1371 1235 artis

38 1279 118 1304 non
141 1267 265 1304 modo
290 1266 451 1304 latentia
475 1266 514 1303 in
545 1268 673 1304 lucem
706 1266 942 1315 protrahere,
967 1278 1100 1303 verum
1127 1264 1245 1302 etiam
1266 1263 1369 1301 viam

38 1338 256 1369 monstrare
286 1344 365 1380 qua
396 1330 560 1369 iniuriae
590 1330 778 1380 temporis
813 1329 971 1367 obviarn
1004 1329 1057 1368 ire
1092 1328 1300 1379 possimus,
1332 1336 1370 1365 et

35 1397 185 1434 damna
206 1396 410 1434 vetustatis
438 1397 544 1434 velut
569 1396 727 1434 reficere
754 1408 800 1433 ac
827 1394 1100 1444 redintegrare.
1153 1392 1263 1431 Licet
1294 1406 1371 1430 cer-

37 1467 117 1498 tam
147 1460 338 1499 rationem
370 1460 627 1510 sequentibus
648 1461 709 1498 vel
730 1459 954 1509 deperditas
985 1460 1072 1497 cod.
1097 1457 1370 1497 Cluniacensis

38 1532 165 1574 partes
187 1525 322 1563 iubere
344 1525 584 1571 reviviscere,
608 1533 646 1563 et
674 1524 817 1562 librum
839 1524 959 1563 hodie
980 1523 1156 1561 hiantem
1178 1531 1215 1561 et
1237 1524 1371 1560 decur-

36 1596 160 1627 tatum
183 1590 369 1628 omnibus
391 1590 470 1628 suis
491 1588 663 1628 numeris
685 1596 723 1627 et
744 1589 919 1639 partibus
940 1589 1106 1637 explere.

92 1655 213 1693 Anno
234 1657 334 1704 1548
356 1656 552 1704 quaedam
573 1658 580 1674 ‘
602 1654 761 1693 Scholia
787 1662 826 1692 et
848 1653 1136 1703 Castigationes
1151 1654 1157 1668 ⁷
1173 1654 1224 1691 ad
1246 1655 1372 1691 Accu-

36 1718 197 1757 sationis
236 1719 356 1758 libros
386 1719 411 1756 ii
447 1727 484 1758 et
520 1719 558 1757 iii
591 1719 683 1757 iuris
716 1718 864 1768 publici
897 1718 987 1757 fecit
1019 1720 1156 1757 Petrus
1190 1716 1371 1755 Nannius

37 1783 245 1834 (Nanning
273 1797 301 1822 s.
337 1784 579 1835 Nanninck),
615 1784 850 1822 Litterarum
883 1782 1177 1821 Humaniorum
1208 1782 1248 1820 in
1278 1781 1371 1819 Vni-

36 1848 217 1887 versitate
251 1848 480 1887 Lovaniana
512 1850 723 1887 Professor.
786 1849 833 1886 In
869 1848 928 1886 his
964 1849 1106 1886 multas
1137 1861 1159 1885 a
1194 1854 1300 1885 textu
1332 1846 1370 1883 in

34 1913 276 1952 editionibus
304 1915 461 1964 vulgato
489 1914 756 1964 discrepantes
786 1913 976 1952 lectiones
1008 1912 1191 1958 enotavit,
1216 1926 1236 1949 e
1267 1919 1373 1949 vetu-

35 1977 208 2016 stissimo
239 1980 415 2028 quodam
442 1979 581 2018 codice
611 1986 824 2028 excerptas,
848 1991 967 2027 quem
992 1976 1156 2015 summis
1187 1975 1370 2014 laudibus

36 2050 78 2080 ut
101 2046 285 2081 ‘aureum
320 2043 519 2082 libellum'
539 2051 578 2082 et
602 2057 725 2094 prope
763 2045 1021 2092 ἀναμάρτητον
1052 2043 1273 2080 extulerunt
1303 2040 1370 2091 qui

38 2107 243 2146 Nannium
264 2108 388 2146 secuti
409 2115 500 2146 sunt
513 2108 695 2147 editores.
743 2107 892 2146 Nannii
906 2107 1110 2146 varietates
1131 2108 1211 2145 fere
1231 2119 1370 2144 omnes

37 2171 183 2222 recepit
205 2173 292 2211 Car.
316 2173 540 2223 Stephanus
562 2171 575 2221 (
584 2184 626 2222 15
635 2170 704 2223 54)
725 2180 762 2211 et
783 2172 823 2210 in
845 2171 1080 2222 Appendice
1094 2173 1168 2209 vol.
1192 2170 1216 2208 ii
1238 2185 1275 2221 p.
1293 2172 1367 2208 686

37 2237 246 2287 separatim
267 2237 427 2288 posuit.l

80 2339 90 2356 ¹
116 2338 381 2378 Intelligendum
408 2344 459 2370 est
482 2338 617 2377 priores
639 2337 859 2368 Verrinarum
883 2338 1051 2368 editiones
1076 2343 1154 2376 post
1180 2337 1366 2368 Romanam

37 2383 153 2424 (1471)
171 2392 290 2414 omnes
303 2382 477 2421 vulgarem
495 2382 694 2422 praebuisse
710 2385 839 2412 textum
856 2381 911 2420 qui
931 2382 964 2412 in
982 2381 1209 2412 deterioribus
1227 2381 1369 2411 familiae

691 2451 714 2474 v
