1600 2704
91 86 361 126 ACTIONIS
391 86 453 124 IN
483 85 530 125 C.
552 85 795 123 VERREM
825 85 1125 124 SECVNDAE
1156 86 1260 122 LIB.
1282 85 1320 121 V
1371 83 1423 121 28
1445 95 1484 130 72

91 209 256 246 magnus
285 208 470 234 numerus
497 195 663 240 deesset,
685 201 768 232 tum
793 193 866 233 iste
895 195 1017 234 homo
1037 194 1206 234 nefarius
1227 195 1267 233 in
1287 208 1424 234 eorum

89 261 223 299 locum
256 273 356 310 quos
386 261 551 299 domum
580 272 690 297 suam
716 259 767 298 de
787 258 920 308 piratis
940 259 1157 298 abduxerat
1188 260 1424 299 substituere

89 331 129 363 et
149 337 372 374 supponere
392 324 523 374 coepit
543 323 637 362 civis
659 325 876 370 Romanos,
899 337 998 374 quos
1018 323 1059 362 in
1087 336 1282 363 carcerem
1309 333 1426 364 antea

89 388 340 436 coniecerat,
369 401 538 439 quorum
558 388 655 427 alios
677 388 920 427 Sertorianos
949 388 1091 428 milites
1120 388 1239 428 fuisse
1267 389 1426 428 insimu-

50 467 68 498 5
88 454 206 501 labat,
243 461 281 492 et
311 467 357 491 ex
388 452 584 503 Hispania
612 452 795 503 fugientis
824 454 875 492 ad
906 453 1077 492 Siciliam
1112 455 1301 503 adpulsos
1340 468 1426 494 esse

88 517 259 565 dicebat,
289 518 398 564 alios,
431 517 498 568 qui
526 531 549 556 a
578 518 844 568 praedonibus
874 525 983 557 erant
1013 517 1127 568 capti,
1159 531 1251 557 cum
1282 532 1426 558 merca-

88 590 194 621 turas
241 583 415 622 facerent
461 590 528 620 aut
574 582 745 632 aliquam
786 583 838 622 ob
877 596 1037 622 causam
1076 583 1314 634 navigarent,
1356 598 1427 623 sua

88 649 292 686 voluntate
327 661 417 686 cum
452 646 584 697 piratis
619 647 738 686 fuisse
771 649 969 698 arguebat.
1039 649 1180 698 Itaque
1217 648 1281 687 alii
1322 648 1426 688 cives

89 713 275 760 Romani,
303 726 353 751 ne
386 721 726 763 cognoscerentur,
758 713 952 763 capitibus
986 713 1183 751 obvolutis
1217 726 1239 752 e
1273 726 1427 753 carcere

29 794 71 819 10
88 779 140 817 ad
169 779 304 828 palum
333 785 452 828 atque
480 778 532 816 ad
562 790 700 816 necem
730 777 990 827 rapiebantur,
1012 777 1088 824 alii,
1121 790 1211 816 cum
1240 790 1263 815 a
1293 778 1426 816 multis

88 842 240 882 civibus
259 842 451 881 Romanis
466 849 806 893 cognoscerentur,
829 842 880 880 ab
900 842 1086 881 omnibus
1107 843 1426 890 defenderentur,

88 908 214 948 securi
260 908 508 947 feriebantur.
587 909 767 956 Quorum
807 920 879 957 ego
918 908 968 945 de
1005 906 1258 946 acerbissima
1300 915 1426 946 morte

88 972 441 1023 crudelissimoque
475 972 649 1011 cruciatu
684 972 813 1011 dicam
848 984 939 1009 cum
975 984 1066 1009 eum
1100 972 1233 1009 locum
1261 978 1426 1010 tractare

0 1079 1 1089 η
88 1051 271 1089 coepero,
294 1046 331 1077 et
352 1038 405 1076 ita
425 1037 556 1077 dicam
578 1044 631 1084 ut,
654 1036 685 1074 si
708 1049 771 1074 me
793 1036 831 1074 in
853 1048 899 1074 ea
920 1034 1167 1085 querimonia
1187 1048 1307 1085 quam
1336 1048 1424 1073 sum

0 1123 1 1126 ¹
29 1118 67 1151 15
88 1103 293 1142 habiturus
327 1103 378 1142 de
412 1102 521 1141 istius
555 1101 786 1140 crudelitate
817 1108 855 1139 et
889 1101 939 1138 de
974 1099 1118 1138 civium
1149 1101 1424 1138 Romanorum

87 1167 360 1218 indignissima
395 1174 520 1206 morte
554 1179 633 1204 non
663 1167 784 1205 modo
812 1165 910 1203 vires
939 1178 1072 1203 verum
1105 1164 1222 1203 etiam
1253 1164 1331 1202 vita
1361 1166 1425 1204 de-

87 1232 205 1281 ficiat,
244 1233 283 1271 id
323 1231 419 1271 mihi
459 1232 700 1282 praeclarum
740 1238 778 1269 et
826 1230 1044 1269 iucundum
1086 1238 1234 1280 putem.
1310 1232 1424 1269 Haec
1446 1236 1484 1272 73

86 1298 202 1348 igitur
236 1305 294 1336 est
327 1304 436 1347 gesta
474 1309 546 1343 res,
583 1297 680 1334 haec
719 1295 880 1334 victoria
919 1297 1140 1346 praeclara:
1183 1308 1424 1345 myoparone

87 1363 251 1414 piratico
285 1370 403 1412 capto
437 1362 517 1400 dux
552 1360 748 1406 liberatus,
786 1360 1058 1410 symphoniaci
1095 1363 1266 1400 Romam
1303 1361 1421 1409 missi,

26 1446 68 1469 20
86 1426 247 1466 formosi
268 1426 450 1466 homines
471 1433 509 1464 et
528 1426 802 1465 adulescentes
820 1433 857 1464 et
877 1425 1044 1464 artifices
1065 1427 1230 1465 domum
1247 1427 1421 1474 abducti,

86 1491 126 1530 in
154 1505 291 1530 eorum
316 1493 447 1530 locum
469 1498 507 1529 et
538 1491 590 1529 ad
618 1503 753 1528 eorum
783 1503 991 1529 numerum
1018 1490 1121 1529 cives
1153 1491 1326 1530 Romani
1357 1493 1424 1531 ho-

85 1556 214 1595 stilem
235 1557 275 1594 in
291 1557 455 1594 modum
476 1555 635 1594 cruciati
657 1563 695 1593 et
715 1555 857 1603 necati,
872 1555 1000 1594 omnis
1015 1555 1131 1594 vestis
1143 1557 1284 1603 ablata,
1304 1569 1424 1596 omne

84 1634 223 1659 aurum
244 1628 282 1660 et
301 1628 505 1670 argentum
525 1620 701 1659 ablatum
722 1627 760 1658 et
779 1633 970 1658 aversum.

140 1687 193 1724 At
214 1698 333 1736 quem
354 1686 405 1724 ad
428 1686 591 1724 modum
613 1684 696 1734 ipse
717 1697 758 1724 se
788 1685 916 1724 induit
944 1686 1071 1735 priore
1098 1685 1255 1725 actione
1275 1689 1281 1725 !
1341 1688 1421 1736 Qui
1440 1698 1497 1738 29

26 1769 65 1803 25
86 1756 144 1788 tot
179 1750 263 1789 dies
298 1751 495 1797 tacuisset,
528 1757 689 1800 repente
724 1748 763 1788 in
798 1751 854 1788 Μ.
890 1750 1008 1798 Anni,
1046 1751 1219 1790 hominis
1252 1753 1424 1802 splendi-

85 1814 249 1862 dissimi,
292 1815 681 1861 testimonio,—cum
730 1816 761 1853 is
802 1815 929 1854 civem
979 1817 1208 1854 Romanum
1248 1817 1421 1865 dixisset,

84 1879 359 1930 archipiratam
382 1886 562 1930 negasset
583 1879 708 1918 securi
731 1892 815 1918 esse
847 1881 1301 1929 percussum‚—exsiluit
1331 1894 1423 1920 con-

85 1944 249 1983 scientia
279 1943 434 1983 sceleris
464 1951 502 1983 et
531 1945 660 1983 furore
688 1957 735 1982 ex
766 1943 968 1983 maleficiis
989 1951 1185 1994 concepto
1205 1945 1424 1994 excitatus,

133 2057 146 2077 1
174 2047 341 2078 maximus
353 2047 396 2087 pb
541 2055 562 2085 3
587 2055 672 2086 quos
689 2055 810 2077 ceruos
834 2045 865 2075 V
998 2056 1017 2084 4
1043 2045 1213 2077 insimulat
1237 2046 1267 2076 V
1401 2049 1423 2079 6

86 2091 299 2131 praetoribus
318 2089 415 2122 RSD
433 2090 524 2132 (corr.
543 2091 577 2119 in
596 2100 663 2130 mg.
683 2089 915 2129 praedonibus
932 2088 980 2130 D)
1094 2094 1190 2120 erant
1208 2091 1297 2129 capti
1315 2089 1400 2131 RSp
1415 2102 1422 2122 :

86 2134 173 2175 capti
191 2139 286 2165 erant
309 2133 340 2162 V
468 2143 484 2172 7
510 2133 596 2164 alios
613 2143 709 2173 quam
734 2133 766 2163 V
892 2143 914 2172 9
938 2143 1012 2172 cap.
1031 2132 1108 2163 obv.
1127 2144 1146 2164 e
1164 2143 1301 2164 carcere
1318 2133 1421 2174 RSp:

85 2178 243 2209 involutis
261 2188 279 2208 e
297 2187 382 2207 carc.
403 2177 567 2216 capitibus
588 2176 620 2206 V
766 2186 803 2207 12
829 2186 894 2217 ego
909 2187 975 2207 om.
996 2189 1016 2206 π
1166 2178 1206 2208 18
1229 2178 1306 2208 vict.
1325 2182 1422 2217 parta

85 2231 110 2252 s.
129 2226 261 2261 patrata
277 2220 408 2251 Bonna
649 2230 691 2251 22
715 2225 749 2250 et
770 2221 881 2252 necati
895 2220 957 2260 pk&
973 2231 979 2250 :
1005 2230 1071 2250 om.
1091 2218 1154 2250 RS
1309 2220 1422 2251 ablata

84 2265 154 2296 secl.
172 2264 323 2295 Bonnet:
356 2263 487 2295 sublata
503 2263 664 2302 Heraeus,
682 2263 797 2295 Eberh.
858 2272 900 2303 23
924 2262 1071 2295 ablatum
1090 2268 1122 2294 et
1139 2262 1280 2295 Halmio
1294 2268 1423 2296 auctore

84 2307 143 2340 del.
160 2306 319 2339 Zielinski
449 2317 490 2346 24
516 2316 592 2339 sese
609 2308 626 2337 δ

1528 25 1581 51 Λᾎ,
