1600 2704
95 121 363 163 ACTIONIS
395 126 456 164 IN
486 127 530 166 c.
553 128 795 168 VERREM
826 132 1125 175 SECVNDAE
1157 140 1259 178 ΜΒ.
1286 143 1326 180 11
1367 154 1422 191 39
1441 120 1509 193 96v⁴

92 234 288 281 convenit,
306 244 415 285 rogat
436 250 503 276 eos
523 246 642 288 atque
662 248 745 284 orat
768 255 816 280 ne
837 255 1066 295 oppugnent
1084 249 1206 288 filium
1228 264 1357 301 suum,
1373 257 1422 295 de

91 297 256 336 Sthenio
273 312 322 338 ne
340 301 518 340 laborent
533 317 542 349 ;
562 304 769 344 confirmat
791 306 835 344 iis
856 317 1080 349 curaturum
1097 325 1138 351 se
1159 327 1244 354 esse
1260 330 1310 355 ne
1327 320 1422 368 quid

90 360 125 399 ei
154 375 223 411 per
253 363 377 402 filiurn
407 379 521 404 suum
552 377 783 417 noceretur,
819 386 860 410 se
891 374 1072 415 homines
1103 386 1230 418 certos
1255 381 1337 420 eius
1368 385 1421 422 rei

88 438 206 464 causa
226 427 267 465 in
288 428 459 467 Siciliam
484 438 523 469 et
550 439 649 471 terra
674 442 711 472 et
744 436 837 474 mari
864 451 949 478 esse
978 440 1197 482 missurum.
1259 447 1310 484 Et
1339 456 1420 487 erat

48 501 66 532 5
87 491 257 539 spatium
273 492 425 531 dierum
442 496 521 534 fere
542 508 632 535 xxx
648 506 739 538 ante
765 502 965 542 Kalendas
990 506 1233 556 Decembris,
1252 524 1332 560 quo
1352 513 1418 552 die

87 553 158 593 iste
179 563 220 593 ut
247 557 446 605 Syracusis
472 560 657 601 Sthenius
679 565 834 604 adesset
860 568 1044 608 edixerat.
1103 573 1417 615 Commoventur
1435 591 1477 622 97

83 618 199 657 amici
221 621 358 659 Stheni
373 637 384 669 ;
413 633 569 673 sperant
591 627 672 666 fore
697 636 738 667 ut
761 631 878 679 patris
902 632 1037 673 litteris
1065 637 1292 689 nuntiisque
1313 642 1415 681 filius

81 683 132 722 ab
171 684 238 723 illo
282 687 410 725 furore
453 699 665 730 revocetur.
732 694 779 732 In
819 705 958 736 senatu
1001 709 1139 750 postea
1177 716 1295 743 causa
1334 720 1414 745 non

80 746 216 797 agitur.
287 751 462 791 Veniunt
508 756 559 793 ad
601 756 718 796 istum
762 761 969 801 domestici
1019 766 1146 804 nuntii
1190 768 1415 821 litterasque

23 824 62 846 10
79 824 102 848 a
122 820 231 861 patre
259 816 442 856 adferunt
465 827 556 858 ante
588 823 790 862 Kalendas
820 827 1067 877 Decembris,
1087 845 1177 869 cum
1205 833 1267 872 isti
1294 835 1412 874 etiam

79 883 162 914 tum
202 879 252 917 de
288 881 453 920 Sthenio
487 883 525 921 in
566 885 715 936 integro
756 897 836 928 tota
871 905 930 930 res
969 902 1082 941 esset,
1119 898 1342 949 eodemque
1375 901 1410 939 ei

77 947 254 992 tempore
293 946 344 983 de
383 947 523 986 eadem
563 963 602 988 re
642 951 790 992 litterae
831 959 1052 1007 complures
1091 973 1114 997 a
1154 963 1285 1001 multis
1325 965 1408 1003 eius

75 1006 212 1045 amicis
259 1021 305 1047 ac
354 1013 580 1052 necessariis
627 1017 865 1057 adferuntur.
939 1022 1021 1060 Hic
1068 1023 1150 1071 iste,
1201 1027 1268 1076 qui
1316 1042 1407 1078 prae
1426 1039 1482 1075 40

74 1069 291 1119 cupiditate
330 1087 460 1124 neque
498 1077 600 1115 offici
639 1080 698 1117 sui
737 1094 866 1132 neque
897 1085 1059 1134 periculi
1092 1101 1220 1139 neque
1252 1092 1407 1140 pietatis

15 1147 52 1180 15
74 1147 204 1185 neque
236 1137 489 1178 humanitatis
519 1142 709 1182 rationem
742 1146 943 1188 habuisset
973 1163 1174 1202 umquam,
1206 1169 1336 1206 neque
1366 1158 1405 1196 in

72 1211 120 1237 eo
145 1202 253 1249 quod
284 1203 520 1243 monebatur
543 1209 816 1249 auctoritatem
848 1214 966 1262 patris
996 1229 1125 1267 neque
1155 1219 1195 1257 in
1222 1234 1270 1259 eo
1295 1225 1404 1272 quod

70 1264 279 1314 rogabatur
307 1269 550 1309 voluntatem
580 1278 901 1323 anteponendam
930 1282 1081 1329 putavit
1111 1283 1265 1323 libidini
1296 1299 1399 1333 suae,

68 1340 184 1368 mane
212 1331 407 1371 Kalendis
433 1335 734 1386 Decembribus,
767 1349 808 1378 ut
836 1342 1019 1391 edixerat,
1051 1348 1259 1387 Sthenium
1292 1351 1400 1390 citari

67 1391 186 1432 iubet.
246 1394 286 1433 Si
324 1396 395 1435 abs
435 1405 473 1437 te
512 1399 625 1439 istam
665 1416 746 1442 rem
779 1418 919 1455 parens
951 1417 1041 1449 tuus
1078 1411 1243 1452 alicuius
1281 1417 1397 1455 amici
1417 1421 1460 1463 98

7 1466 47 1489 20
65 1464 201 1506 rogatu
225 1458 467 1509 benignitate
495 1471 563 1502 aut
588 1467 806 1508 ambiti0ne
829 1472 1026 1513 adductus
1056 1476 1228 1525 petisset,
1259 1481 1399 1529 gravis-

63 1519 162 1559 sima
192 1529 324 1563 tamen
353 1528 460 1576 apud
494 1535 533 1567 te
566 1531 747 1572 voluntas
778 1536 895 1584 patris
926 1551 1011 1578 esse
1041 1541 1267 1591 debuisset;
1306 1559 1396 1584 cum

61 1597 154 1623 vero
191 1587 262 1626 abs
297 1596 335 1627 te
369 1591 424 1629 tui
456 1593 594 1643 capitis
629 1609 746 1635 causa
780 1607 929 1649 peteret
969 1604 1230 1657 hominesque
1269 1618 1396 1650 certos

60 1649 184 1689 domo
222 1651 403 1701 misisset,
444 1656 564 1707 hique
603 1672 651 1698 eo
683 1668 860 1713 tempore
899 1668 950 1705 ad
990 1676 1027 1706 te
1065 1671 1265 1711 venissent
1303 1687 1393 1713 cum

59 1712 131 1752 tibi
162 1715 202 1754 in
240 1716 393 1769 integro
432 1728 513 1759 tota
544 1736 604 1762 res
643 1734 756 1772 esset,
791 1742 841 1767 ne
876 1738 959 1769 tum
999 1733 1161 1783 quidem
1196 1744 1234 1775 te
1265 1740 1393 1788 potuit

0 1790 38 1824 ²5
58 1777 90 1816 si
110 1792 192 1819 non
212 1781 378 1831 pietatis,
397 1792 436 1823 at
457 1788 591 1827 salutis
613 1797 703 1829 tuae
724 1793 822 1832 ratio
842 1796 893 1834 ad
914 1797 1086 1836 officium
1103 1800 1392 1854 sanitatemque

56 1844 273 1885 reducere?
329 1848 434 1888 Citat
460 1864 570 1890 reum
584 1868 594 1901 3
624 1868 704 1894 non
726 1861 928 1908 respondit
943 1877 952 1909 ;
982 1863 1076 1902 citat
1095 1875 1364 1907 accusatorem
1380 1885 1389 1917 ;

56 1906 274 1957 (attendite,
308 1925 466 1962 quaeso,
503 1916 664 1966 iudices,
702 1931 852 1971 quanto
887 1938 1006 1974 opere
1044 1928 1154 1967 istius
1192 1933 1388 1972 amentiae

53 1972 209 2011 fortuna
229 1973 313 2024 ipsa
331 1978 535 2018 adversata
555 1982 615 2029 sit,
637 1991 676 2022 et
697 1985 812 2025 simul
829 1988 958 2028 videte
979 1991 1046 2040 qui
1067 1993 1205 2032 Stheni
1225 2008 1383 2036 causam

51 2048 165 2075 casus
188 2038 397 2092 adiuverit)
413 2057 423 2089 3
453 2043 593 2084 citatus
613 2057 830 2097 accusator,
852 2054 907 2090 M.
936 2055 1116 2103 Pacilius,
1139 2060 1274 2099 nescio
1301 2074 1382 2111 quo

0 2114 32 2145 30
50 2112 143 2139 casu
169 2115 249 2140 non
270 2106 483 2154 respondit,
506 2122 587 2147 non
611 2112 746 2151 adfuit.
806 2115 847 2153 Si
867 2129 1051 2166 praesens
1079 2122 1264 2162 Sthenius
1291 2139 1379 2165 reus
1398 2140 1440 2172 99

48 2171 152 2202 esset
172 2166 308 2214 factus,
331 2168 362 2206 si
384 2171 593 2211 manifesto
613 2174 652 2212 in
675 2178 869 2217 maleficio
890 2187 1095 2231 teneretur,
1119 2192 1263 2235 tamen,
1286 2203 1377 2228 cum

46 2236 251 2268 accusator
270 2244 352 2270 non
371 2235 538 2283 adesset,
561 2239 768 2279 Sthenium
789 2240 1046 2286 condemnari
1066 2262 1147 2288 non
1167 2260 1374 2302 oporteret.

87 2340 108 2370 3
121 2332 228 2363 'suum
245 2343 312 2367 om.
332 2335 375 2366 Οι
463 2347 483 2378 5
507 2339 562 2370 die
579 2340 648 2371 cO:
672 2353 737 2377 om.
751 2350 776 2385 p
793 2346 858 2378 rell.
952 2359 973 2388 9
997 2350 1128 2383 litteras
1145 2352 1232 2391 (sine
1246 2357 1326 2396 que)
1345 2357 1375 2388 O

49 2380 84 2401 11
111 2373 144 2403 in
162 2374 294 2415 integro
312 2377 392 2410 cO¹:
417 2380 549 2421 integra
567 2384 631 2415 rell.
725 2388 756 2417 ei
773 2399 838 2421 om.
862 2390 904 2420 0¹
1041 2404 1083 2425 20
1108 2396 1274 2430 adductus
1289 2399 1349 2430 εΟι
1365 2411 1380 2430 τ’

45 2413 204 2449 inductus
221 2420 286 2451 rell.
422 2434 461 2462 27
486 2432 611 2464 quanto
626 2438 729 2468 opere
746 2437 782 2471 cp
801 2443 808 2463 :
831 2439 1040 2475 quantopere
1058 2438 1122 2469 rell.
