1600 2704
431 410 501 460 M.
551 409 767 457 TVLLI
831 406 1228 456 CICERONIS

237 516 675 572 ACTIONIS
741 515 838 569 IN
898 516 961 568 C.
1023 512 1412 568 VERREM

581 599 1072 655 SECVNDAE

603 726 776 764 LIBER
805 725 1047 764 TERTIVS

557 829 599 870 D
612 829 650 869 E
702 828 898 870 FRVM
914 827 1102 870 ENTO

217 947 369 986 OMNES
404 946 472 997 qui
505 947 680 991 alterum,
717 943 877 991 iudices,
914 943 1030 982 nullis
1069 942 1225 994 impulsi
1261 942 1486 991 inimicitiis,

126 994 138 1016 Ι
162 1012 267 1048 nulla
297 1009 477 1061 privatim
501 1008 595 1047 laesi
625 1008 777 1055 iniuria,
806 1009 915 1046 nullo
939 1006 1115 1057 praemio
1139 1005 1300 1045 adducti
1324 1006 1363 1043 in
1391 1006 1489 1045 iudi-

161 1074 266 1113 cium
286 1074 339 1113 rei
361 1073 543 1124 publicae
563 1086 681 1111 causa
700 1081 843 1112 vocant
863 1071 1068 1122 providere
1088 1071 1236 1110 debent
1257 1083 1338 1108 non
1359 1072 1487 1109 solum

161 1139 256 1188 quid
286 1138 414 1176 oneris
440 1138 479 1176 in
507 1137 727 1188 praesentia
750 1138 900 1183 tollant,
933 1137 1002 1174 sed
1032 1143 1223 1185 quantum
1254 1135 1293 1172 in
1324 1147 1485 1173 omnem

159 1202 278 1240 vitam
313 1201 445 1252 negoti
485 1201 680 1251 suscipere
715 1207 917 1239 conentur.
978 1201 1123 1249 Legem
1159 1199 1264 1237 enim
1299 1197 1373 1236 sibi
1413 1199 1486 1249 ipsi
1509 1216 1526 1247 5

159 1266 296 1305 dicunt
316 1266 567 1305 innocentiae
583 1264 848 1304 continentiae
863 1264 1130 1313 virtutumque
1151 1263 1329 1301 omnium
1347 1263 1414 1314 qui
1435 1265 1486 1302 ab

158 1333 280 1369 altero
309 1331 500 1369 rationem
529 1330 630 1368 vitae
660 1337 882 1380 reposcunt,
914 1336 1034 1378 atque
1064 1341 1111 1366 eo
1141 1328 1263 1378 magis
1294 1329 1324 1367 si
1360 1331 1410 1376 id,
1444 1337 1487 1368 ut

158 1404 248 1433 ante
262 1395 351 1441 dixi,
368 1394 515 1432 faciunt
529 1395 636 1432 nulla
649 1407 688 1432 re
706 1393 895 1432 commoti
909 1392 983 1430 alia
997 1392 1071 1430 nisi
1087 1391 1253 1430 utilitate
1269 1393 1482 1431 communi.

160 1461 263 1497 Nam
299 1459 365 1509 qui
395 1459 469 1498 sibi
503 1461 580 1497 hoc
611 1458 788 1509 sumpsit,
820 1465 862 1496 ut
893 1456 1058 1507 corrigat
1087 1470 1216 1495 mores
1244 1457 1409 1495 aliorum
1438 1471 1483 1497 ac

158 1532 318 1573 peccata
343 1524 613 1574 reprehendat,
637 1523 724 1573 quis
745 1522 837 1561 huic
858 1522 1034 1572 ignoscat
1056 1520 1087 1559 si
1111 1535 1189 1571 qua
1209 1521 1248 1559 in
1269 1535 1309 1559 re
1330 1521 1413 1571 ipse
1433 1523 1484 1560 ab
1507 1540 1545 1562 10

157 1589 341 1639 religione
362 1588 465 1627 offici
490 1588 724 1627 declinarit?
783 1589 1034 1637 Quapropter
1054 1587 1130 1624 hoc
1151 1585 1269 1625 etiam
1290 1587 1413 1637 magis
1433 1588 1484 1626 ab

156 1653 340 1691 omnibus
368 1652 450 1691 eius
472 1652 580 1691 modi
601 1652 695 1691 civis
723 1653 945 1690 laudandus
967 1664 1012 1689 ac
1033 1650 1255 1701 diligendus
1283 1659 1352 1699 est,
1375 1653 1484 1701 quod

156 1730 235 1755 non
264 1719 390 1755 solum
412 1718 461 1755 ab
483 1730 522 1756 re
549 1716 707 1767 publica
732 1716 857 1755 civem
887 1716 1113 1766 improbum
1140 1724 1326 1762 removet,
1348 1729 1483 1754 verum

155 1782 271 1820 etiam
294 1795 334 1820 se
362 1782 490 1832 ipsum
512 1782 595 1820 eius
617 1781 725 1820 modi
751 1783 832 1820 fore
853 1782 1057 1831 profitetur
1077 1793 1122 1819 ac
1150 1789 1319 1830 praestat
1340 1790 1382 1819 ut
1409 1782 1483 1819 sibi

156 1859 235 1884 non
275 1847 397 1884 modo
435 1846 637 1884 communi
677 1847 877 1885 voluntate
917 1845 1067 1884 virtutis
1106 1854 1224 1895 atque
1264 1845 1377 1892 offici,
1413 1847 1483 1884 sed
1507 1861 1542 1893 ¹5

155 1910 273 1949 etiam
311 1911 347 1948 vi
387 1912 559 1960 quadam
599 1911 721 1961 magis
762 1910 981 1950 necessaria
1019 1919 1123 1949 recte
1155 1910 1202 1948 sit
1237 1912 1482 1960 honesteque

121 1985 133 1994 “
154 1975 377 2014 vivendum.
423 1977 564 2026 Itaque
585 1977 672 2023 hoc,
695 1976 857 2024 iudices,
880 1990 927 2015 ex
947 1976 1108 2015 homine
1129 1975 1344 2014 clarissimo
1364 1984 1482 2025 atque

155 2040 488 2089 eloquentissimo,
509 2042 551 2078 L.
572 2041 726 2087 Crasso,
745 2053 861 2091 saepe
881 2040 1061 2080 auditum
1082 2048 1150 2087 est,
1170 2054 1259 2078 cum
1282 2053 1322 2078 se
1339 2040 1482 2078 nullius

199 2153 216 2178 4
242 2142 302 2172 sed
332 2140 462 2172 VHO¹:
507 2143 567 2173 sed
593 2142 690 2173 etiarn
712 2147 737 2182 p
763 2141 827 2173 rell.
857 2143 904 2182 (ii,
930 2143 940 2172 i
966 2145 981 2180 ξ
1011 2142 1094 2173 106:
1132 2142 1215 2173 Am.
1235 2142 1272 2180 J.
1300 2141 1362 2173 Ph.
1387 2143 1480 2181 xxvi,

152 2191 185 2223 p.
205 2194 266 2222 412
438 2188 458 2216 6
483 2186 597 2217 dicunt
619 2184 755 2216 VHcO:
780 2185 971 2226 indicuntp
989 2186 1057 2217 rell.
1181 2186 1411 2216 continentiae
1433 2186 1480 2225 Vp

157 2227 222 2256 rell.
243 2238 249 2256 ε
274 2238 339 2259 om.
356 2226 443 2259 HcO
553 2238 592 2259 10
615 2229 656 2259 ab
677 2228 764 2260 VHrr
782 2227 848 2260 rell.
869 2240 875 2259 ε
902 2239 920 2260 a
940 2228 1003 2260 O¹k
1118 2238 1155 2260 12
1179 2229 1235 2268 qui
1253 2230 1270 2258 δ
1377 2239 1415 2268 13
1439 2230 1479 2259 ab

152 2269 294 2343 gilfilwglz
315 2281 333 2300 a
351 2271 397 2301 cO
568 2273 605 2301 16
629 2273 662 2302 vi
679 2271 739 2303 H:
764 2272 797 2303 in
815 2271 845 2303 O
862 2284 868 2303 ε
894 2277 927 2302 ut
945 2283 960 2303 c
975 2272 1041 2303 rell.
1210 2282 1247 2311 17
1273 2277 1374 2311 atque
1392 2272 1475 2310 eloq.
