1600 2704
1400 40 1418 49 Α

1394 57 1412 74 2
1431 58 1453 70 Ἠ
1469 50 1482 75 s

55 124 323 165 ACTIONIS
354 124 424 163 IN.
446 123 491 164 C.
513 124 755 162 VERREM
785 124 1085 163 SECVNDAE
1116 126 1219 163 LIB.
1244 126 1304 163 IV
1359 133 1384 172 ’1
1407 141 1445 174 13

55 233 191 284 quanti
211 232 402 271 aestimet.
462 233 694 283 Numquam
714 232 833 278 enim,
855 232 886 271 si
907 233 1077 271 denariis
1098 245 1199 272 cccc
1221 234 1383 285 Cupidi-

54 311 145 337 nem
162 297 273 336 illum
289 303 475 348 putasset,
491 297 754 336 commisisset
767 304 809 335 ut
824 304 983 348 propter
998 310 1090 336 eum
1104 298 1144 336 in
1158 309 1380 338 sermonem

54 362 260 401 hominum
289 370 408 412 atque
442 361 483 399 in
515 369 664 400 tantam
698 361 1027 412 vituperationem
1057 362 1217 401 veniret.
1279 363 1380 411 Quis
1406 379 1445 410 14

52 435 223 466 vestrum
244 427 358 477 igitur
377 426 501 465 nescit
522 425 659 476 quanti
679 427 776 465 haec
795 426 1080 465 aestimentur?
1129 428 1177 465 In
1197 427 1381 466 auctione

16 507 33 539 5
52 492 206 542 signum
226 505 394 531 aeneum
415 505 496 531 non
517 491 732 530 maximum
755 493 825 531 HS
851 495 908 529 fi
928 491 1060 531 venire
1081 506 1161 531 non
1182 492 1353 531 vidimus
1366 496 1383 531 Ρ

53 556 193 606 Quid?
222 556 253 595 si
273 556 390 595 velim
411 555 615 595 nominare
635 556 816 595 homines
843 556 911 606 qui
934 564 1002 595 aut
1026 570 1106 596 non
1135 556 1296 596 minoris
1316 566 1383 596 aut

51 621 168 660 etiam
195 621 315 672 pluris
340 621 516 668 emerint,
539 634 673 661 nonne
700 624 895 671 possum?
952 622 1111 660 Etenim
1142 622 1210 672 qui
1240 624 1382 662 modus

50 692 109 725 est
129 685 169 724 in
190 685 250 724 his
271 685 387 724 rebus
417 685 654 736 cupiditatis,
679 685 784 724 idem
806 694 865 724 est
884 686 1169 725 aestimationis
1185 701 1194 734 ;
1224 687 1383 726 difficile

50 758 109 790 est
141 751 261 790 finem
295 751 422 789 facere
452 750 578 801 pretio
607 750 683 789 nisi
712 750 867 790 libidini
896 751 1045 790 feceris.
1109 751 1239 790 Video
1269 752 1383 802 igitur

0 833 31 857 [ο
52 815 202 855 Heium
232 829 362 866 neque
382 817 584 854 voluntate
614 829 744 866 neque
774 817 1003 855 difficultate
1032 816 1164 867 aliqua
1193 817 1381 867 temporis

49 895 124 921 nec
161 882 434 933 magnitudine
465 881 657 932 pecuniae
691 883 909 921 adductum
949 896 1035 921 esse
1066 890 1108 921 ut
1142 884 1241 921 haec
1272 883 1382 933 signa

49 948 246 995 venderet,
266 954 383 997 teque
404 946 477 985 ista
497 946 748 985 simulatione
763 947 976 997 emptionis
997 947 1045 994 vi,
1065 955 1183 993 metu,
1203 947 1379 997 imperio,

48 1012 220 1051 fascibus
250 1012 301 1051 ab
333 1011 496 1051 homine
523 1025 571 1050 eo
595 1025 727 1062 quem,
750 1025 828 1050 una
857 1025 949 1050 cum
980 1011 1118 1050 ceteris
1150 1012 1276 1059 sociis,
1300 1025 1381 1050 non

48 1078 176 1116 solum
216 1076 399 1127 potestati
439 1084 529 1115 tuae
567 1077 637 1115 sed
676 1075 795 1115 etiam
834 1076 925 1115 fidei
965 1077 1135 1126 populus
1176 1078 1382 1115 Romanus

0 1160 29 1193 [5
47 1143 299 1183 commiserat
327 1142 514 1193 eripuisse
543 1150 662 1192 atque
691 1142 912 1181 abstulisse.

102 1207 211 1257 Quid
243 1207 339 1245 mihi
372 1215 450 1245 tam
489 1207 720 1257 optandum,
753 1206 914 1253 iudices,
951 1214 1081 1257 potest
1113 1220 1198 1246 esse
1233 1209 1271 1245 in
1305 1208 1381 1246 hoc
1404 1220 1441 1252 15

46 1271 208 1311 crimine
224 1285 343 1322 quam
365 1278 407 1310 ut
427 1272 526 1309 haec
546 1272 686 1310 eadem
708 1270 814 1309 dicat
834 1271 917 1321 ipse
947 1270 1075 1309 Heius
1092 1273 1108 1310 ?
1167 1271 1275 1310 Nihil
1296 1285 1381 1322 pro-

45 1338 150 1376 fecto
166 1352 176 1384 3
205 1338 275 1376 sed
304 1350 354 1375 ne
384 1336 556 1375 difficilia
585 1344 778 1386 optemus.
840 1335 969 1374 Heius
1003 1343 1061 1375 est
1095 1336 1381 1383 Mamertinus;

46 1401 285 1440 Mamertina
323 1401 458 1440 civitas
497 1400 615 1439 istum
655 1400 814 1450 publice
854 1401 1057 1439 communi
1093 1401 1259 1440 consilio
1297 1403 1381 1440 sola

0 1481 30 1506 ιο
47 1467 209 1513 laudat3
237 1465 422 1505 omnibus
452 1465 525 1503 iste
556 1464 695 1503 ceteris
725 1464 866 1503 Siculis
895 1465 990 1504 odio
1017 1473 1088 1512 est,
1117 1466 1168 1504 ab
1198 1465 1258 1503 his
1287 1466 1379 1505 solis

45 1538 222 1578 amatur;
259 1530 342 1569 eius
371 1537 504 1569 autem
537 1529 742 1579 legationis
774 1542 875 1579 quae
904 1531 955 1568 ad
987 1529 1104 1568 istum
1135 1531 1379 1569 laudandum

46 1595 163 1634 missa
176 1603 234 1634 est
250 1595 432 1646 princeps
446 1602 505 1634 est
519 1594 850 1633 Heius—etenim
868 1602 925 1633 est
942 1594 1090 1645 primus
1107 1595 1272 1634 civitatis
1292 1611 1299 1634 ε
1328 1609 1380 1634 ne

45 1661 153 1708 sorte,
176 1661 273 1699 dum
299 1659 467 1710 publicis
498 1658 694 1698 mandatis
718 1658 868 1705 serviat,
893 1660 943 1698 de
970 1659 1127 1709 privatis
1148 1659 1296 1698 iniuriis
1326 1673 1380 1698 re-

46 1725 174 1764 ticeat.
234 1726 348 1764 Haec
379 1738 470 1764 cum
505 1724 644 1764 scirem
684 1732 722 1762 et
761 1723 984 1774 cogitarem,
1019 1724 1200 1763 commisi
1232 1732 1376 1771 tamen,
1402 1729 1441 1762 16

0 1804 29 1837 »5
47 1789 208 1837 iudices,
232 1790 364 1837 Heio;
393 1789 561 1840 produxi
582 1789 707 1840 prima
734 1789 900 1836 actione,
924 1802 1054 1838 neque
1075 1788 1116 1827 id
1140 1797 1272 1827 tamen
1298 1791 1378 1828 ullo

46 1856 220 1904 periculo
259 1854 343 1893 feci.
418 1854 527 1903 Quid
565 1854 671 1893 enim
712 1861 864 1904 poterat
900 1853 1029 1892 Heius
1064 1855 1312 1904 respondere,
1347 1854 1379 1892 si

45 1927 146 1959 esset
166 1919 380 1970 improbus,
404 1921 435 1958 si
456 1920 515 1958 sui
536 1918 766 1959 dissimilis?
795 1932 880 1957 esse
908 1918 973 1957 illa
999 1918 1109 1969 signa
1135 1919 1244 1958 domi
1272 1932 1375 1966 suae,

45 1998 125 2024 non
146 1998 231 2024 esse
251 1986 358 2035 apud
377 1985 540 2024 Verrem
557 1987 573 2023 ?
633 1983 713 2033 Qui
746 1991 900 2033 poterat
925 1983 1137 2034 quicquam
1165 1983 1248 2021 eius
1269 1984 1379 2022 modi

45 2049 211 2088 dicere?
267 2049 321 2088 Vt
363 2051 484 2088 homo
524 2048 771 2099 turpissimus
811 2055 914 2087 esset
954 2047 1378 2098 impudentissimeque

45 2115 284 2162 mentiretur,
308 2115 385 2153 hoc
413 2114 575 2162 diceret,
596 2115 660 2151 illa
680 2126 721 2151 se
742 2112 928 2152 habuisse
949 2113 1112 2161 venalia,
1137 2126 1264 2163 eaque
1292 2126 1378 2152 sese

92 2229 105 2249 1
131 2219 221 2250 enirn
241 2219 270 2250 si
294 2229 360 2250 om.
380 2218 445 2250 RS
468 2218 561 2259 (ante
576 2219 712 2258 signum
729 2224 777 2254 ·)-(:
797 2234 825 2245 =
845 2219 1018 2257 denariis;
1050 2219 1088 2257 cf.
1118 2218 1164 2249 Cl.
1185 2218 1264 2248 Rev.
1282 2216 1374 2253 xviii,

39 2265 74 2302 p.
94 2264 172 2298 210)
349 2273 370 2303 9
394 2267 445 2293 est
471 2262 558 2293 enim
580 2263 623 2301 pb
754 2263 819 2294 nisi
835 2264 885 2302 πδ,
913 2262 1031 2300 Julius
1057 2262 1171 2301 Victor,
1201 2260 1376 2292 Zielinski:

45 2305 73 2336 si
100 2305 178 2337 RS:
203 2305 231 2336 si
257 2305 386 2336 libidini
413 2315 481 2336 non
507 2303 537 2334 L
565 2306 595 2345 (e
610 2305 690 2336 coni.
708 2305 816 2345 lord.)
931 2315 968 2345 13
993 2316 1066 2336 cum
1085 2316 1152 2336 om.
1171 2304 1234 2336 RS
1335 2314 1376 2342 24

45 2353 154 2380 tamen
187 2359 239 2379 me
266 2350 309 2389 ρδ
441 2359 482 2388 25
507 2348 649 2388 produxi
681 2359 758 2381 eum
780 2351 824 2390 p&
957 2359 1000 2389 30
1023 2358 1100 2380 sese
1132 2348 1218 2380 Vnss:
1253 2358 1290 2379 se
1316 2346 1379 2378 RS

46 2391 138 2432 (Am.
159 2392 193 2429 ].
211 2392 274 2423 Ph.
293 2392 384 2431 xxvi,
396 2396 430 2431 p.
449 2393 528 2431 430)
