<?xml version="1.0" encoding="UTF-8"?>
<!DOCTYPE html PUBLIC "-//W3C//DTD XHTML 1.0 Transitional//EN"
    "http://www.w3.org/TR/xhtml1/DTD/xhtml1-transitional.dtd">
<html xmlns="http://www.w3.org/1999/xhtml" xml:lang="en" lang="en">
 <head>
  <title>
</title>
<meta http-equiv="Content-Type" content="text/html;charset=utf-8" />
  <meta name='ocr-system' content='tesseract 3.04.00' />
  <meta name='ocr-capabilities' content='ocr_page ocr_carea ocr_par ocr_line ocrx_word'/>
</head>
<body>
  <div class='ocr_page' id='page_1' title='image "./orationesrecogno02ciceuoft/orationesrecogno02ciceuoft_0241.png"; bbox 0 0 1600 2704; ppageno 0'>
   <div class='ocr_carea' id='block_1_1' title="bbox 62 72 1483 147">
    <p class='ocr_par' dir='ltr' id='par_1_1' title="bbox 62 72 1483 147">
     <span class='ocr_line' id='line_1_1' title="bbox 62 72 1483 147; baseline 0.001 -13"><span class='ocrx_word' id='word_1_1' title='bbox 62 96 331 136; x_wconf 83' lang='lat' dir='ltr'>ACTIONIS</span> <span class='ocrx_word' id='word_1_2' title='bbox 362 98 423 135; x_wconf 88' lang='lat' dir='ltr'>IN</span> <span class='ocrx_word' id='word_1_3' title='bbox 454 98 498 136; x_wconf 89' lang='lat' dir='ltr'>C.</span> <span class='ocrx_word' id='word_1_4' title='bbox 522 98 764 136; x_wconf 79' lang='lat' dir='ltr'><strong>VERREM</strong></span> <span class='ocrx_word' id='word_1_5' title='bbox 794 98 1096 137; x_wconf 87' lang='lat' dir='ltr'>SECVNDAE</span> <span class='ocrx_word' id='word_1_6' title='bbox 1126 101 1299 139; x_wconf 87' lang='lat' dir='ltr'>LIB.11</span> <span class='ocrx_word' id='word_1_7' title='bbox 1348 72 1483 147; x_wconf 50' lang='lat'>711&#39;72</span> 
     </span>
    </p>
   </div>
   <div class='ocr_carea' id='block_1_2' title="bbox 56 205 1390 455">
    <p class='ocr_par' dir='ltr' id='par_1_2' title="bbox 56 205 1390 455">
     <span class='ocr_line' id='line_1_2' title="bbox 59 205 1390 263; baseline 0.004 -19"><span class='ocrx_word' id='word_1_8' title='bbox 59 205 294 245; x_wconf 86' lang='lat' dir='ltr'>arbitrantur</span> <span class='ocrx_word' id='word_1_9' title='bbox 327 221 386 246; x_wconf 91' lang='lat' dir='ltr'>res</span> <span class='ocrx_word' id='word_1_10' title='bbox 420 207 593 247; x_wconf 87' lang='lat' dir='ltr'>iudicare</span> <span class='ocrx_word' id='word_1_11' title='bbox 626 216 808 258; x_wconf 84' lang='lat' dir='ltr'>oportere</span> <span class='ocrx_word' id='word_1_12' title='bbox 843 206 1164 261; x_wconf 81' lang='lat' dir='ltr'>[publicanorum</span> <span class='ocrx_word' id='word_1_13' title='bbox 1198 209 1365 263; x_wconf 91' lang='lat' dir='ltr'>iudicio]</span> <span class='ocrx_word' id='word_1_14' title='bbox 1381 227 1390 259; x_wconf 77' lang='lat'><em>3</em></span> 
     </span>
     <span class='ocr_line' id='line_1_3' title="bbox 59 272 1388 325; baseline 0.002 -14"><span class='ocrx_word' id='word_1_15' title='bbox 59 285 159 322; x_wconf 90' lang='lat' dir='ltr'>quos</span> <span class='ocrx_word' id='word_1_16' title='bbox 197 272 380 312; x_wconf 84' lang='lat' dir='ltr'>videlicet</span> <span class='ocrx_word' id='word_1_17' title='bbox 419 287 526 312; x_wconf 89' lang='lat' dir='ltr'>nunc</span> <span class='ocrx_word' id='word_1_18' title='bbox 563 275 734 324; x_wconf 90' lang='lat' dir='ltr'>populus</span> <span class='ocrx_word' id='word_1_19' title='bbox 772 274 924 313; x_wconf 90' lang='lat' dir='ltr'>iudices</span> <span class='ocrx_word' id='word_1_20' title='bbox 962 275 1101 325; x_wconf 89' lang='lat' dir='ltr'>poscit,</span> <span class='ocrx_word' id='word_1_21' title='bbox 1143 276 1193 314; x_wconf 91' lang='lat' dir='ltr'>de</span> <span class='ocrx_word' id='word_1_22' title='bbox 1232 275 1388 325; x_wconf 90' lang='lat' dir='ltr'>quibus,</span> 
     </span>
     <span class='ocr_line' id='line_1_4' title="bbox 58 338 1389 388; baseline 0.002 -13"><span class='ocrx_word' id='word_1_23' title='bbox 58 344 101 375; x_wconf 92' lang='lat' dir='ltr'>ut</span> <span class='ocrx_word' id='word_1_24' title='bbox 131 350 199 376; x_wconf 88' lang='lat' dir='ltr'>eos</span> <span class='ocrx_word' id='word_1_25' title='bbox 238 338 388 377; x_wconf 88' lang='lat' dir='ltr'>iudices</span> <span class='ocrx_word' id='word_1_26' title='bbox 422 339 652 385; x_wconf 82' lang='lat' dir='ltr'>habeamus,</span> <span class='ocrx_word' id='word_1_27' title='bbox 691 341 818 388; x_wconf 86' lang='lat' dir='ltr'>legem</span> <span class='ocrx_word' id='word_1_28' title='bbox 856 340 907 378; x_wconf 89' lang='lat' dir='ltr'>ab</span> <span class='ocrx_word' id='word_1_29' title='bbox 947 339 1109 378; x_wconf 89' lang='lat' dir='ltr'>homine</span> <span class='ocrx_word' id='word_1_30' title='bbox 1147 353 1229 378; x_wconf 91' lang='lat' dir='ltr'>non</span> <span class='ocrx_word' id='word_1_31' title='bbox 1268 341 1389 379; x_wconf 88' lang='lat' dir='ltr'>nostri</span> 
     </span>
     <span class='ocr_line' id='line_1_5' title="bbox 56 403 1390 455; baseline 0.002 -14"><span class='ocrx_word' id='word_1_32' title='bbox 56 403 219 452; x_wconf 89' lang='lat' dir='ltr'>generis,</span> <span class='ocrx_word' id='word_1_33' title='bbox 260 417 342 442; x_wconf 92' lang='lat' dir='ltr'>non</span> <span class='ocrx_word' id='word_1_34' title='bbox 381 418 427 443; x_wconf 86' lang='lat' dir='ltr'>ex</span> <span class='ocrx_word' id='word_1_35' title='bbox 465 404 635 454; x_wconf 84' lang='lat' dir='ltr'>equestri</span> <span class='ocrx_word' id='word_1_36' title='bbox 673 406 763 442; x_wconf 94' lang='lat' dir='ltr'>loco</span> <span class='ocrx_word' id='word_1_37' title='bbox 801 406 990 455; x_wconf 88' lang='lat' dir='ltr'>profecto,</span> <span class='ocrx_word' id='word_1_38' title='bbox 1033 406 1104 444; x_wconf 91' lang='lat' dir='ltr'>sed</span> <span class='ocrx_word' id='word_1_39' title='bbox 1142 405 1390 444; x_wconf 88' lang='lat' dir='ltr'>nobilissimo</span> 
     </span>
    </p>
   </div>
   <div class='ocr_carea' id='block_1_3' title="bbox 19 468 1470 521">
    <p class='ocr_par' dir='ltr' id='par_1_3' title="bbox 19 468 1470 521">
     <span class='ocr_line' id='line_1_6' title="bbox 19 468 1470 521; baseline 0.003 -16"><span class='ocrx_word' id='word_1_40' title='bbox 19 469 343 518; x_wconf 82' lang='lat' dir='ltr'>5promulgatam</span> <span class='ocrx_word' id='word_1_41' title='bbox 382 468 586 517; x_wconf 79' lang='lat' dir='ltr'>videmus3</span> <span class='ocrx_word' id='word_1_42' title='bbox 634 470 858 517; x_wconf 89' lang='lat' dir='ltr'>decumani,</span> <span class='ocrx_word' id='word_1_43' title='bbox 899 471 975 508; x_wconf 92' lang='lat' dir='ltr'>hoc</span> <span class='ocrx_word' id='word_1_44' title='bbox 1014 478 1073 509; x_wconf 91' lang='lat' dir='ltr'>est</span> <span class='ocrx_word' id='word_1_45' title='bbox 1115 470 1312 521; x_wconf 85' lang='lat' dir='ltr'>principes</span> <span class='ocrx_word' id='word_1_46' title='bbox 1351 479 1389 510; x_wconf 89' lang='lat' dir='ltr'>et</span> <span class='ocrx_word' id='word_1_47' title='bbox 1412 483 1470 514; x_wconf 59' lang='lat'>115</span> 
     </span>
    </p>
   </div>
   <div class='ocr_carea' id='block_1_4' title="bbox 0 531 1388 2010">
    <p class='ocr_par' dir='ltr' id='par_1_4' title="bbox 0 531 1388 2010">
     <span class='ocr_line' id='line_1_7' title="bbox 55 531 1388 583; baseline 0.004 -14"><span class='ocrx_word' id='word_1_48' title='bbox 55 531 166 580; x_wconf 86' lang='lat' dir='ltr'>quasi</span> <span class='ocrx_word' id='word_1_49' title='bbox 187 540 386 571; x_wconf 86' lang='lat' dir='ltr'>senatores</span> <span class='ocrx_word' id='word_1_50' title='bbox 407 533 720 583; x_wconf 84' lang='lat' dir='ltr'>publicanorum,</span> <span class='ocrx_word' id='word_1_51' title='bbox 738 536 998 573; x_wconf 87' lang='lat' dir='ltr'>removendas</span> <span class='ocrx_word' id='word_1_52' title='bbox 1018 536 1069 574; x_wconf 92' lang='lat' dir='ltr'>de</span> <span class='ocrx_word' id='word_1_53' title='bbox 1090 535 1223 574; x_wconf 89' lang='lat' dir='ltr'>medio</span> <span class='ocrx_word' id='word_1_54' title='bbox 1243 535 1388 574; x_wconf 85' lang='lat' dir='ltr'>litteras</span> 
     </span>
     <span class='ocr_line' id='line_1_8' title="bbox 55 598 1385 650; baseline 0.003 -16"><span class='ocrx_word' id='word_1_55' title='bbox 55 604 302 635; x_wconf 90' lang='lat' dir='ltr'>censuerunt.</span> <span class='ocrx_word' id='word_1_56' title='bbox 363 598 508 636; x_wconf 86' lang='lat' dir='ltr'>Habeo</span> <span class='ocrx_word' id='word_1_57' title='bbox 537 612 584 636; x_wconf 85' lang='lat' dir='ltr'>ex</span> <span class='ocrx_word' id='word_1_58' title='bbox 612 598 658 636; x_wconf 89' lang='lat' dir='ltr'>iis</span> <span class='ocrx_word' id='word_1_59' title='bbox 687 600 754 648; x_wconf 92' lang='lat' dir='ltr'>qui</span> <span class='ocrx_word' id='word_1_60' title='bbox 783 600 993 638; x_wconf 89' lang='lat' dir='ltr'>adfuerunt</span> <span class='ocrx_word' id='word_1_61' title='bbox 1027 613 1127 650; x_wconf 89' lang='lat' dir='ltr'>quos</span> <span class='ocrx_word' id='word_1_62' title='bbox 1156 601 1385 650; x_wconf 83' lang='lat' dir='ltr'>producam,</span> 
     </span>
     <span class='ocr_line' id='line_1_9' title="bbox 55 659 1387 715; baseline 0.004 -17"><span class='ocrx_word' id='word_1_63' title='bbox 55 659 199 709; x_wconf 86' lang='lat' dir='ltr'>quibus</span> <span class='ocrx_word' id='word_1_64' title='bbox 228 662 305 701; x_wconf 94' lang='lat' dir='ltr'>hoc</span> <span class='ocrx_word' id='word_1_65' title='bbox 329 662 587 709; x_wconf 89' lang='lat' dir='ltr'>committam,</span> <span class='ocrx_word' id='word_1_66' title='bbox 610 663 792 702; x_wconf 88' lang='lat' dir='ltr'>homines</span> <span class='ocrx_word' id='word_1_67' title='bbox 819 664 1118 703; x_wconf 87' lang='lat' dir='ltr'>honestissimos</span> <span class='ocrx_word' id='word_1_68' title='bbox 1145 677 1191 702; x_wconf 92' lang='lat' dir='ltr'>ac</span> <span class='ocrx_word' id='word_1_69' title='bbox 1218 666 1387 715; x_wconf 91' lang='lat' dir='ltr'>locuple-</span> 
     </span>
     <span class='ocr_line' id='line_1_10' title="bbox 55 723 1386 779; baseline 0.005 -17"><span class='ocrx_word' id='word_1_70' title='bbox 55 723 236 772; x_wconf 88' lang='lat' dir='ltr'>tissimos,</span> <span class='ocrx_word' id='word_1_71' title='bbox 277 726 372 766; x_wconf 89' lang='lat' dir='ltr'>istos</span> <span class='ocrx_word' id='word_1_72' title='bbox 410 727 516 777; x_wconf 89' lang='lat' dir='ltr'>ipsos</span> <span class='ocrx_word' id='word_1_73' title='bbox 554 727 750 778; x_wconf 89' lang='lat' dir='ltr'>principes</span> <span class='ocrx_word' id='word_1_74' title='bbox 788 729 979 778; x_wconf 89' lang='lat' dir='ltr'>equestris</span> <span class='ocrx_word' id='word_1_75' title='bbox 1017 729 1176 776; x_wconf 89' lang='lat' dir='ltr'>ordinis,</span> <span class='ocrx_word' id='word_1_76' title='bbox 1217 743 1386 779; x_wconf 89' lang='lat' dir='ltr'>quorum</span> 
     </span>
     <span class='ocr_line' id='line_1_11' title="bbox 0 790 1385 844; baseline 0.003 -16"><span class='ocrx_word' id='word_1_77' title='bbox 0 806 35 829; x_wconf 89' lang='grc' dir='ltr'>ιο</span> <span class='ocrx_word' id='word_1_78' title='bbox 53 790 264 839; x_wconf 86' lang='lat' dir='ltr'>splendore</span> <span class='ocrx_word' id='word_1_79' title='bbox 292 793 353 830; x_wconf 90' lang='lat' dir='ltr'>vel</span> <span class='ocrx_word' id='word_1_80' title='bbox 383 791 552 830; x_wconf 81' lang='lat' dir='ltr'>maxime</span> <span class='ocrx_word' id='word_1_81' title='bbox 580 792 690 831; x_wconf 92' lang='lat' dir='ltr'>istius</span> <span class='ocrx_word' id='word_1_82' title='bbox 719 793 787 842; x_wconf 89' lang='lat' dir='ltr'>qui</span> <span class='ocrx_word' id='word_1_83' title='bbox 816 795 942 844; x_wconf 87' lang='lat' dir='ltr'>legem</span> <span class='ocrx_word' id='word_1_84' title='bbox 972 793 1231 844; x_wconf 86' lang='lat' dir='ltr'>promulgavit</span> <span class='ocrx_word' id='word_1_85' title='bbox 1261 794 1385 833; x_wconf 92' lang='lat' dir='ltr'>oratio</span> 
     </span>
     <span class='ocr_line' id='line_1_12' title="bbox 52 855 1384 908; baseline 0.004 -16"><span class='ocrx_word' id='word_1_86' title='bbox 52 861 91 892; x_wconf 91' lang='lat' dir='ltr'>et</span> <span class='ocrx_word' id='word_1_87' title='bbox 111 868 229 894; x_wconf 90' lang='lat' dir='ltr'>causa</span> <span class='ocrx_word' id='word_1_88' title='bbox 244 855 388 895; x_wconf 89' lang='lat' dir='ltr'>nititur.</span> <span class='ocrx_word' id='word_1_89' title='bbox 429 856 602 895; x_wconf 88' lang='lat' dir='ltr'>Venient</span> <span class='ocrx_word' id='word_1_90' title='bbox 623 857 662 895; x_wconf 94' lang='lat' dir='ltr'>in</span> <span class='ocrx_word' id='word_1_91' title='bbox 684 857 871 906; x_wconf 91' lang='lat' dir='ltr'>medium,</span> <span class='ocrx_word' id='word_1_92' title='bbox 889 859 1023 897; x_wconf 92' lang='lat' dir='ltr'>dicent</span> <span class='ocrx_word' id='word_1_93' title='bbox 1043 858 1140 908; x_wconf 90' lang='lat' dir='ltr'>quid</span> <span class='ocrx_word' id='word_1_94' title='bbox 1155 860 1360 897; x_wconf 89' lang='lat' dir='ltr'>statuerint</span> <span class='ocrx_word' id='word_1_95' title='bbox 1377 874 1384 905; x_wconf 93' lang='lat'>;</span> 
     </span>
     <span class='ocr_line' id='line_1_13' title="bbox 50 921 1383 970; baseline 0.003 -13"><span class='ocrx_word' id='word_1_96' title='bbox 50 921 239 969; x_wconf 86' lang='lat' dir='ltr'>profecto,</span> <span class='ocrx_word' id='word_1_97' title='bbox 275 922 306 959; x_wconf 88' lang='lat' dir='ltr'>si</span> <span class='ocrx_word' id='word_1_98' title='bbox 338 928 442 959; x_wconf 90' lang='lat' dir='ltr'>recte</span> <span class='ocrx_word' id='word_1_99' title='bbox 476 921 658 960; x_wconf 89' lang='lat' dir='ltr'>homines</span> <span class='ocrx_word' id='word_1_100' title='bbox 690 921 792 968; x_wconf 79' lang='lat' dir='ltr'>novi,</span> <span class='ocrx_word' id='word_1_101' title='bbox 824 935 905 960; x_wconf 92' lang='lat' dir='ltr'>non</span> <span class='ocrx_word' id='word_1_102' title='bbox 941 922 1204 970; x_wconf 69' lang='lat' dir='ltr'>mentientur,</span> <span class='ocrx_word' id='word_1_103' title='bbox 1237 922 1383 961; x_wconf 81' lang='lat' dir='ltr'>litteras</span> 
     </span>
     <span class='ocr_line' id='line_1_14' title="bbox 50 984 1382 1037; baseline 0.003 -16"><span class='ocrx_word' id='word_1_104' title='bbox 50 984 156 1022; x_wconf 89' lang='lat' dir='ltr'>enirn</span> <span class='ocrx_word' id='word_1_105' title='bbox 183 985 406 1024; x_wconf 89' lang='lat' dir='ltr'>communis</span> <span class='ocrx_word' id='word_1_106' title='bbox 432 987 483 1025; x_wconf 91' lang='lat' dir='ltr'>de</span> <span class='ocrx_word' id='word_1_107' title='bbox 504 986 637 1025; x_wconf 89' lang='lat' dir='ltr'>medio</span> <span class='ocrx_word' id='word_1_108' title='bbox 656 999 857 1025; x_wconf 89' lang='lat' dir='ltr'>removere</span> <span class='ocrx_word' id='word_1_109' title='bbox 882 994 1105 1037; x_wconf 88' lang='lat' dir='ltr'>potuerunt,</span> <span class='ocrx_word' id='word_1_110' title='bbox 1129 988 1249 1025; x_wconf 91' lang='lat' dir='ltr'>fidem</span> <span class='ocrx_word' id='word_1_111' title='bbox 1271 1001 1382 1025; x_wconf 88' lang='lat' dir='ltr'>suam</span> 
     </span>
     <span class='ocr_line' id='line_1_15' title="bbox 50 1049 1379 1101; baseline 0.002 -15"><span class='ocrx_word' id='word_1_112' title='bbox 50 1056 89 1086; x_wconf 89' lang='lat' dir='ltr'>et</span> <span class='ocrx_word' id='word_1_113' title='bbox 108 1049 337 1099; x_wconf 86' lang='lat' dir='ltr'>religionem</span> <span class='ocrx_word' id='word_1_114' title='bbox 358 1064 557 1089; x_wconf 83' lang='lat' dir='ltr'>removere</span> <span class='ocrx_word' id='word_1_115' title='bbox 576 1064 657 1089; x_wconf 91' lang='lat' dir='ltr'>non</span> <span class='ocrx_word' id='word_1_116' title='bbox 678 1058 854 1101; x_wconf 89' lang='lat' dir='ltr'>possunt.</span> <span class='ocrx_word' id='word_1_117' title='bbox 898 1053 1001 1101; x_wconf 90' lang='lat' dir='ltr'>Ergo</span> <span class='ocrx_word' id='word_1_118' title='bbox 1021 1051 1173 1101; x_wconf 86' lang='lat' dir='ltr'>equites</span> <span class='ocrx_word' id='word_1_119' title='bbox 1196 1052 1379 1098; x_wconf 87' lang='lat' dir='ltr'>Romani,</span> 
     </span>
     <span class='ocr_line' id='line_1_16' title="bbox 0 1113 1381 1163; baseline 0.002 -12"><span class='ocrx_word' id='word_1_120' title='bbox 0 1130 31 1163; x_wconf 84' lang='lat'>15</span> <span class='ocrx_word' id='word_1_121' title='bbox 51 1113 118 1163; x_wconf 91' lang='lat' dir='ltr'>qui</span> <span class='ocrx_word' id='word_1_122' title='bbox 139 1122 176 1152; x_wconf 91' lang='lat' dir='ltr'>te</span> <span class='ocrx_word' id='word_1_123' title='bbox 193 1127 264 1153; x_wconf 92' lang='lat' dir='ltr'>suo</span> <span class='ocrx_word' id='word_1_124' title='bbox 281 1114 427 1154; x_wconf 89' lang='lat' dir='ltr'>iudicio</span> <span class='ocrx_word' id='word_1_125' title='bbox 448 1116 774 1163; x_wconf 88' lang='lat' dir='ltr'>condemnarunt,</span> <span class='ocrx_word' id='word_1_126' title='bbox 794 1117 934 1154; x_wconf 89' lang='lat' dir='ltr'>horum</span> <span class='ocrx_word' id='word_1_127' title='bbox 956 1116 1104 1155; x_wconf 92' lang='lat' dir='ltr'>iudicio</span> <span class='ocrx_word' id='word_1_128' title='bbox 1124 1117 1381 1155; x_wconf 89' lang='lat' dir='ltr'>condemnari</span> 
     </span>
     <span class='ocr_line' id='line_1_17' title="bbox 49 1179 1380 1221; baseline 0.002 -5"><span class='ocrx_word' id='word_1_129' title='bbox 49 1180 284 1217; x_wconf 91' lang='lat' dir='ltr'>noluerunt:</span> <span class='ocrx_word' id='word_1_130' title='bbox 313 1193 382 1218; x_wconf 92' lang='lat' dir='ltr'>vos</span> <span class='ocrx_word' id='word_1_131' title='bbox 403 1193 510 1217; x_wconf 88' lang='lat' dir='ltr'>nunc</span> <span class='ocrx_word' id='word_1_132' title='bbox 526 1187 656 1218; x_wconf 88' lang='lat' dir='ltr'>utrum</span> <span class='ocrx_word' id='word_1_133' title='bbox 677 1179 831 1219; x_wconf 91' lang='lat' dir='ltr'>illorum</span> <span class='ocrx_word' id='word_1_134' title='bbox 853 1180 1043 1219; x_wconf 87' lang='lat' dir='ltr'>iudicium</span> <span class='ocrx_word' id='word_1_135' title='bbox 1065 1194 1114 1220; x_wconf 88' lang='lat' dir='ltr'>an</span> <span class='ocrx_word' id='word_1_136' title='bbox 1136 1183 1380 1221; x_wconf 84' lang='lat' dir='ltr'>voluntatem</span> 
     </span>
     <span class='ocr_line' id='line_1_18' title="bbox 49 1243 616 1293; baseline 0.005 -13"><span class='ocrx_word' id='word_1_137' title='bbox 49 1243 160 1293; x_wconf 90' lang='lat' dir='ltr'>sequi</span> <span class='ocrx_word' id='word_1_138' title='bbox 182 1243 336 1290; x_wconf 89' lang='lat' dir='ltr'>malitis,</span> <span class='ocrx_word' id='word_1_139' title='bbox 359 1243 616 1283; x_wconf 88' lang='lat' dir='ltr'>considerate.</span> 
     </span>
     <span class='ocr_line' id='line_1_19' title="bbox 101 1308 1379 1360; baseline 0.003 -15"><span class='ocrx_word' id='word_1_140' title='bbox 101 1309 155 1345; x_wconf 86' lang='lat' dir='ltr'>At</span> <span class='ocrx_word' id='word_1_141' title='bbox 184 1308 274 1347; x_wconf 93' lang='lat' dir='ltr'>vide</span> <span class='ocrx_word' id='word_1_142' title='bbox 303 1308 400 1358; x_wconf 89' lang='lat' dir='ltr'>quid</span> <span class='ocrx_word' id='word_1_143' title='bbox 429 1316 468 1347; x_wconf 90' lang='lat' dir='ltr'>te</span> <span class='ocrx_word' id='word_1_144' title='bbox 495 1309 712 1348; x_wconf 90' lang='lat' dir='ltr'>amicorum</span> <span class='ocrx_word' id='word_1_145' title='bbox 743 1317 899 1348; x_wconf 88' lang='lat' dir='ltr'>tuorum</span> <span class='ocrx_word' id='word_1_146' title='bbox 930 1310 1117 1357; x_wconf 86' lang='lat' dir='ltr'>studium,</span> <span class='ocrx_word' id='word_1_147' title='bbox 1147 1310 1243 1360; x_wconf 89' lang='lat' dir='ltr'>quid</span> <span class='ocrx_word' id='word_1_148' title='bbox 1268 1319 1379 1350; x_wconf 90' lang='lat' dir='ltr'>tuum</span> 
     </span>
     <span class='ocr_line' id='line_1_20' title="bbox 48 1371 1380 1425; baseline 0.005 -16"><span class='ocrx_word' id='word_1_149' title='bbox 48 1371 266 1420; x_wconf 89' lang='lat' dir='ltr'>consilium,</span> <span class='ocrx_word' id='word_1_150' title='bbox 299 1373 395 1423; x_wconf 91' lang='lat' dir='ltr'>quid</span> <span class='ocrx_word' id='word_1_151' title='bbox 424 1375 620 1412; x_wconf 90' lang='lat' dir='ltr'>sociorum</span> <span class='ocrx_word' id='word_1_152' title='bbox 650 1376 830 1413; x_wconf 87' lang='lat' dir='ltr'>voluntas</span> <span class='ocrx_word' id='word_1_153' title='bbox 860 1375 1028 1414; x_wconf 72' lang='lat' dir='ltr'>adiuvet.</span> <span class='ocrx_word' id='word_1_154' title='bbox 1090 1375 1231 1413; x_wconf 82' lang='lat' dir='ltr'>Dicam</span> <span class='ocrx_word' id='word_1_155' title='bbox 1262 1377 1380 1425; x_wconf 90' lang='lat' dir='ltr'>paulo</span> 
     </span>
     <span class='ocr_line' id='line_1_21' title="bbox 0 1437 1378 1490; baseline 0.002 -14"><span class='ocrx_word' id='word_1_156' title='bbox 0 1454 31 1476; x_wconf 71' lang='grc' dir='ltr'>ιο</span> <span class='ocrx_word' id='word_1_157' title='bbox 48 1437 295 1487; x_wconf 77' lang='lat' dir='ltr'>promptius3</span> <span class='ocrx_word' id='word_1_158' title='bbox 342 1452 472 1488; x_wconf 88' lang='lat' dir='ltr'>neque</span> <span class='ocrx_word' id='word_1_159' title='bbox 515 1439 621 1477; x_wconf 87' lang='lat' dir='ltr'>enim</span> <span class='ocrx_word' id='word_1_160' title='bbox 662 1439 739 1478; x_wconf 85' lang='lat' dir='ltr'>iam</span> <span class='ocrx_word' id='word_1_161' title='bbox 782 1454 917 1479; x_wconf 73' lang='lat' dir='ltr'>vereor</span> <span class='ocrx_word' id='word_1_162' title='bbox 959 1454 1009 1479; x_wconf 89' lang='lat' dir='ltr'>ne</span> <span class='ocrx_word' id='word_1_163' title='bbox 1055 1440 1143 1490; x_wconf 90' lang='lat' dir='ltr'>quis</span> <span class='ocrx_word' id='word_1_164' title='bbox 1191 1441 1267 1479; x_wconf 91' lang='lat' dir='ltr'>hoc</span> <span class='ocrx_word' id='word_1_165' title='bbox 1316 1454 1378 1479; x_wconf 85' lang='lat' dir='ltr'>me</span> 
     </span>
     <span class='ocr_line' id='line_1_22' title="bbox 49 1502 1378 1554; baseline 0.002 -14"><span class='ocrx_word' id='word_1_166' title='bbox 49 1502 170 1552; x_wconf 89' lang='lat' dir='ltr'>magis</span> <span class='ocrx_word' id='word_1_167' title='bbox 200 1503 440 1542; x_wconf 85' lang='lat' dir='ltr'>accusatorie</span> <span class='ocrx_word' id='word_1_168' title='bbox 470 1517 589 1554; x_wconf 90' lang='lat' dir='ltr'>quam</span> <span class='ocrx_word' id='word_1_169' title='bbox 619 1504 740 1543; x_wconf 89' lang='lat' dir='ltr'>libere</span> <span class='ocrx_word' id='word_1_170' title='bbox 770 1504 913 1544; x_wconf 84' lang='lat' dir='ltr'>dixisse</span> <span class='ocrx_word' id='word_1_171' title='bbox 940 1505 1157 1544; x_wconf 87' lang='lat' dir='ltr'>arbitretur.</span> <span class='ocrx_word' id='word_1_172' title='bbox 1217 1505 1256 1544; x_wconf 89' lang='lat' dir='ltr'>Si</span> <span class='ocrx_word' id='word_1_173' title='bbox 1286 1505 1378 1543; x_wconf 89' lang='lat' dir='ltr'>istas</span> 
     </span>
     <span class='ocr_line' id='line_1_23' title="bbox 47 1566 1374 1620; baseline 0.003 -15"><span class='ocrx_word' id='word_1_174' title='bbox 47 1566 192 1605; x_wconf 88' lang='lat' dir='ltr'>litteras</span> <span class='ocrx_word' id='word_1_175' title='bbox 231 1581 313 1606; x_wconf 92' lang='lat' dir='ltr'>non</span> <span class='ocrx_word' id='word_1_176' title='bbox 352 1569 512 1607; x_wconf 90' lang='lat' dir='ltr'>decreto</span> <span class='ocrx_word' id='word_1_177' title='bbox 551 1570 863 1608; x_wconf 86' lang='lat' dir='ltr'>decumanorum</span> <span class='ocrx_word' id='word_1_178' title='bbox 904 1570 1075 1620; x_wconf 85' lang='lat' dir='ltr'>magistri</span> <span class='ocrx_word' id='word_1_179' title='bbox 1107 1570 1374 1617; x_wconf 88' lang='lat' dir='ltr'>removissent,</span> 
     </span>
     <span class='ocr_line' id='line_1_24' title="bbox 48 1633 1376 1684; baseline 0.002 -14"><span class='ocrx_word' id='word_1_180' title='bbox 48 1639 199 1670; x_wconf 90' lang='lat' dir='ltr'>tantum</span> <span class='ocrx_word' id='word_1_181' title='bbox 225 1646 383 1683; x_wconf 90' lang='lat' dir='ltr'>possem</span> <span class='ocrx_word' id='word_1_182' title='bbox 404 1633 443 1671; x_wconf 91' lang='lat' dir='ltr'>in</span> <span class='ocrx_word' id='word_1_183' title='bbox 465 1641 503 1672; x_wconf 92' lang='lat' dir='ltr'>te</span> <span class='ocrx_word' id='word_1_184' title='bbox 523 1633 654 1673; x_wconf 91' lang='lat' dir='ltr'>dicere</span> <span class='ocrx_word' id='word_1_185' title='bbox 675 1643 868 1684; x_wconf 88' lang='lat' dir='ltr'>quantum</span> <span class='ocrx_word' id='word_1_186' title='bbox 891 1635 931 1672; x_wconf 94' lang='lat' dir='ltr'>in</span> <span class='ocrx_word' id='word_1_187' title='bbox 952 1635 1087 1673; x_wconf 86' lang='lat' dir='ltr'>litteris</span> <span class='ocrx_word' id='word_1_188' title='bbox 1114 1635 1352 1674; x_wconf 84' lang='lat' dir='ltr'>invenissem</span> <span class='ocrx_word' id='word_1_189' title='bbox 1370 1652 1376 1673; x_wconf 91' lang='lat'>:</span> 
     </span>
     <span class='ocr_line' id='line_1_25' title="bbox 47 1698 1376 1750; baseline 0.002 -15"><span class='ocrx_word' id='word_1_190' title='bbox 47 1710 152 1736; x_wconf 91' lang='lat' dir='ltr'>nunc</span> <span class='ocrx_word' id='word_1_191' title='bbox 172 1699 332 1737; x_wconf 92' lang='lat' dir='ltr'>decreto</span> <span class='ocrx_word' id='word_1_192' title='bbox 353 1698 428 1737; x_wconf 86' lang='lat' dir='ltr'>isto</span> <span class='ocrx_word' id='word_1_193' title='bbox 448 1700 552 1737; x_wconf 89' lang='lat' dir='ltr'>facto</span> <span class='ocrx_word' id='word_1_194' title='bbox 573 1699 788 1750; x_wconf 87' lang='lat' dir='ltr'>litterisque</span> <span class='ocrx_word' id='word_1_195' title='bbox 811 1700 972 1738; x_wconf 86' lang='lat' dir='ltr'>remotis</span> <span class='ocrx_word' id='word_1_196' title='bbox 992 1707 1146 1738; x_wconf 90' lang='lat' dir='ltr'>tantum</span> <span class='ocrx_word' id='word_1_197' title='bbox 1168 1700 1265 1738; x_wconf 89' lang='lat' dir='ltr'>mihi</span> <span class='ocrx_word' id='word_1_198' title='bbox 1286 1701 1376 1739; x_wconf 88' lang='lat' dir='ltr'>licet</span> 
     </span>
     <span class='ocr_line' id='line_1_26' title="bbox 0 1763 1374 1817; baseline 0.003 -16"><span class='ocrx_word' id='word_1_199' title='bbox 0 1778 26 1810; x_wconf 60' lang='lat'>³5</span> <span class='ocrx_word' id='word_1_200' title='bbox 47 1763 176 1802; x_wconf 91' lang='lat' dir='ltr'>dicere</span> <span class='ocrx_word' id='word_1_201' title='bbox 205 1772 397 1814; x_wconf 90' lang='lat' dir='ltr'>quantum</span> <span class='ocrx_word' id='word_1_202' title='bbox 427 1778 601 1815; x_wconf 87' lang='lat' dir='ltr'>possum,</span> <span class='ocrx_word' id='word_1_203' title='bbox 632 1773 786 1804; x_wconf 89' lang='lat' dir='ltr'>tantum</span> <span class='ocrx_word' id='word_1_204' title='bbox 816 1766 935 1805; x_wconf 90' lang='lat' dir='ltr'>iudici</span> <span class='ocrx_word' id='word_1_205' title='bbox 965 1766 1153 1817; x_wconf 90' lang='lat' dir='ltr'>suspicari</span> <span class='ocrx_word' id='word_1_206' title='bbox 1182 1775 1374 1816; x_wconf 84' lang='lat' dir='ltr'>quantum</span> 
     </span>
     <span class='ocr_line' id='line_1_27' title="bbox 45 1827 1375 1882; baseline 0.004 -17"><span class='ocrx_word' id='word_1_207' title='bbox 45 1827 147 1866; x_wconf 89' lang='lat' dir='ltr'>velit.</span> <span class='ocrx_word' id='word_1_208' title='bbox 208 1829 310 1867; x_wconf 89' lang='lat' dir='ltr'>Dico</span> <span class='ocrx_word' id='word_1_209' title='bbox 340 1837 378 1867; x_wconf 89' lang='lat' dir='ltr'>te</span> <span class='ocrx_word' id='word_1_210' title='bbox 408 1829 622 1868; x_wconf 85' lang='lat' dir='ltr'>maximum</span> <span class='ocrx_word' id='word_1_211' title='bbox 652 1831 809 1880; x_wconf 92' lang='lat' dir='ltr'>pondus</span> <span class='ocrx_word' id='word_1_212' title='bbox 840 1831 922 1868; x_wconf 87' lang='lat' dir='ltr'>auri</span> <span class='ocrx_word' id='word_1_213' title='bbox 951 1831 1100 1881; x_wconf 87' lang='lat' dir='ltr'>argenti</span> <span class='ocrx_word' id='word_1_214' title='bbox 1130 1831 1259 1870; x_wconf 88' lang='lat' dir='ltr'>eboris</span> <span class='ocrx_word' id='word_1_215' title='bbox 1289 1846 1375 1882; x_wconf 92' lang='lat' dir='ltr'>pur-</span> 
     </span>
     <span class='ocr_line' id='line_1_28' title="bbox 45 1893 1370 1945; baseline 0.004 -16"><span class='ocrx_word' id='word_1_216' title='bbox 45 1905 176 1941; x_wconf 88' lang='lat' dir='ltr'>purae,</span> <span class='ocrx_word' id='word_1_217' title='bbox 202 1893 411 1943; x_wconf 86' lang='lat' dir='ltr'>plurimam</span> <span class='ocrx_word' id='word_1_218' title='bbox 441 1902 589 1933; x_wconf 84' lang='lat' dir='ltr'>vestem</span> <span class='ocrx_word' id='word_1_219' title='bbox 623 1895 886 1941; x_wconf 87' lang='lat' dir='ltr'>Melitensem,</span> <span class='ocrx_word' id='word_1_220' title='bbox 911 1896 1119 1945; x_wconf 87' lang='lat' dir='ltr'>plurimam</span> <span class='ocrx_word' id='word_1_221' title='bbox 1149 1898 1370 1945; x_wconf 88' lang='lat' dir='ltr'>stragulam,</span> 
     </span>
     <span class='ocr_line' id='line_1_29' title="bbox 45 1958 1367 2010; baseline 0.004 -16"><span class='ocrx_word' id='word_1_222' title='bbox 45 1958 209 1995; x_wconf 85' lang='lat' dir='ltr'>multam</span> <span class='ocrx_word' id='word_1_223' title='bbox 246 1958 450 1997; x_wconf 86' lang='lat' dir='ltr'>Deliacam</span> <span class='ocrx_word' id='word_1_224' title='bbox 485 1959 779 2009; x_wconf 89' lang='lat' dir='ltr'>supellectilem,</span> <span class='ocrx_word' id='word_1_225' title='bbox 823 1960 990 2010; x_wconf 89' lang='lat' dir='ltr'>plurima</span> <span class='ocrx_word' id='word_1_226' title='bbox 1021 1973 1112 1998; x_wconf 81' lang='lat' dir='ltr'>vasa</span> <span class='ocrx_word' id='word_1_227' title='bbox 1151 1960 1367 2007; x_wconf 90' lang='lat' dir='ltr'>Corinthia,</span> 
     </span>
    </p>
   </div>
   <div class='ocr_carea' id='block_1_5' title="bbox 42 2060 1375 2403">
    <p class='ocr_par' dir='ltr' id='par_1_5' title="bbox 42 2060 1375 2403">
     <span class='ocr_line' id='line_1_30' title="bbox 91 2060 1370 2102; baseline 0.001 -11"><span class='ocrx_word' id='word_1_228' title='bbox 91 2070 104 2090; x_wconf 85' lang='lat'>1</span> <span class='ocrx_word' id='word_1_229' title='bbox 130 2060 333 2092; x_wconf 87' lang='lat' dir='ltr'>arbitrentur</span> <span class='ocrx_word' id='word_1_230' title='bbox 350 2062 606 2095; x_wconf 85' lang='lat' dir='ltr'>(arbitrarentur</span> <span class='ocrx_word' id='word_1_231' title='bbox 621 2062 654 2102; x_wconf 82' lang='lat' dir='ltr'>b)</span> <span class='ocrx_word' id='word_1_232' title='bbox 674 2072 729 2093; x_wconf 84' lang='lat' dir='ltr'>res</span> <span class='ocrx_word' id='word_1_233' title='bbox 745 2061 885 2093; x_wconf 90' lang='lat' dir='ltr'>iudicari</span> <span class='ocrx_word' id='word_1_234' title='bbox 902 2061 991 2093; x_wconf 83' lang='lat' dir='ltr'>codd.</span> <span class='ocrx_word' id='word_1_235' title='bbox 1007 2066 1136 2101; x_wconf 76' lang='lat' dir='ltr'>praeter</span> <span class='ocrx_word' id='word_1_236' title='bbox 1151 2061 1210 2092; x_wconf 87' lang='lat' dir='ltr'>CO</span> <span class='ocrx_word' id='word_1_237' title='bbox 1279 2063 1370 2102; x_wconf 88' lang='lat' dir='ltr'>publ.</span> 
     </span>
     <span class='ocr_line' id='line_1_31' title="bbox 44 2103 1372 2145; baseline 0.002 -12"><span class='ocrx_word' id='word_1_238' title='bbox 44 2103 110 2135; x_wconf 89' lang='lat' dir='ltr'>iud.</span> <span class='ocrx_word' id='word_1_239' title='bbox 128 2104 198 2135; x_wconf 77' lang='lat' dir='ltr'>secl.</span> <span class='ocrx_word' id='word_1_240' title='bbox 216 2105 308 2135; x_wconf 81' lang='lat' dir='ltr'>Bake</span> <span class='ocrx_word' id='word_1_241' title='bbox 325 2104 417 2140; x_wconf 83' lang='lat' dir='ltr'>(Zz&#39;el.</span> <span class='ocrx_word' id='word_1_242' title='bbox 431 2109 465 2145; x_wconf 84' lang='lat' dir='ltr'>p.</span> <span class='ocrx_word' id='word_1_243' title='bbox 489 2106 565 2144; x_wconf 68' lang='lat'>194)</span> <span class='ocrx_word' id='word_1_244' title='bbox 732 2116 748 2144; x_wconf 93' lang='lat'><strong>7</strong></span> <span class='ocrx_word' id='word_1_245' title='bbox 774 2115 817 2135; x_wconf 90' lang='lat' dir='ltr'>ex</span> <span class='ocrx_word' id='word_1_246' title='bbox 833 2106 884 2135; x_wconf 86' lang='lat' dir='ltr'>his</span> <span class='ocrx_word' id='word_1_247' title='bbox 903 2105 981 2136; x_wconf 82' lang='lat' dir='ltr'>COb</span> <span class='ocrx_word' id='word_1_248' title='bbox 1134 2116 1155 2145; x_wconf 91' lang='lat'><strong>9</strong></span> <span class='ocrx_word' id='word_1_249' title='bbox 1178 2105 1262 2136; x_wconf 86' lang='lat' dir='ltr'>istos</span> <span class='ocrx_word' id='word_1_250' title='bbox 1279 2106 1372 2145; x_wconf 84' lang='lat' dir='ltr'>ipsos</span> 
     </span>
     <span class='ocr_line' id='line_1_32' title="bbox 45 2145 1372 2188; baseline 0.003 -12"><span class='ocrx_word' id='word_1_251' title='bbox 45 2145 125 2177; x_wconf 84' lang='lat' dir='ltr'>CO:</span> <span class='ocrx_word' id='word_1_252' title='bbox 149 2148 268 2188; x_wconf 82' lang='lat' dir='ltr'>istosp</span> <span class='ocrx_word' id='word_1_253' title='bbox 285 2148 350 2178; x_wconf 80' lang='lat' dir='ltr'>rell.</span> <span class='ocrx_word' id='word_1_254' title='bbox 512 2158 551 2179; x_wconf 94' lang='lat'>10</span> <span class='ocrx_word' id='word_1_255' title='bbox 576 2148 670 2179; x_wconf 86' lang='lat' dir='ltr'>istius</span> <span class='ocrx_word' id='word_1_256' title='bbox 690 2147 797 2180; x_wconf 82' lang='lat' dir='ltr'>Crell.</span> <span class='ocrx_word' id='word_1_257' title='bbox 817 2161 824 2179; x_wconf 77' lang='lat' dir='ltr'>z</span> <span class='ocrx_word' id='word_1_258' title='bbox 850 2148 938 2179; x_wconf 85' lang='lat' dir='ltr'>illius</span> <span class='ocrx_word' id='word_1_259' title='bbox 953 2148 1023 2179; x_wconf 87' lang='lat' dir='ltr'>edd.</span> <span class='ocrx_word' id='word_1_260' title='bbox 1190 2159 1224 2179; x_wconf 83' lang='grc' dir='ltr'>Ι]</span> <span class='ocrx_word' id='word_1_261' title='bbox 1254 2150 1372 2180; x_wconf 87' lang='lat' dir='ltr'>nititur</span> 
     </span>
     <span class='ocr_line' id='line_1_33' title="bbox 46 2189 1375 2232; baseline 0.002 -13"><span class='ocrx_word' id='word_1_262' title='bbox 46 2189 105 2220; x_wconf 87' lang='lat' dir='ltr'>CO</span> <span class='ocrx_word' id='word_1_263' title='bbox 120 2202 127 2220; x_wconf 91' lang='lat'><strong>:</strong></span> <span class='ocrx_word' id='word_1_264' title='bbox 151 2191 310 2231; x_wconf 81' lang='lat' dir='ltr'>niteturp</span> <span class='ocrx_word' id='word_1_265' title='bbox 328 2191 394 2222; x_wconf 77' lang='lat' dir='ltr'>rell.</span> <span class='ocrx_word' id='word_1_266' title='bbox 472 2191 618 2222; x_wconf 87' lang='lat' dir='ltr'>Venient</span> <span class='ocrx_word' id='word_1_267' title='bbox 633 2191 702 2223; x_wconf 83' lang='lat' dir='ltr'>edd.</span> <span class='ocrx_word' id='word_1_268' title='bbox 721 2203 728 2222; x_wconf 74' lang='lat' dir='ltr'><em>z</em></span> <span class='ocrx_word' id='word_1_269' title='bbox 752 2192 891 2222; x_wconf 87' lang='lat' dir='ltr'>veniunt</span> <span class='ocrx_word' id='word_1_270' title='bbox 903 2191 950 2232; x_wconf 86' lang='lat' dir='ltr'>Cp</span> <span class='ocrx_word' id='word_1_271' title='bbox 966 2191 1033 2223; x_wconf 86' lang='lat' dir='ltr'>rell.</span> <span class='ocrx_word' id='word_1_272' title='bbox 1050 2203 1056 2223; x_wconf 72' lang='grc' dir='ltr'><em>τ</em></span> <span class='ocrx_word' id='word_1_273' title='bbox 1081 2193 1217 2224; x_wconf 85' lang='lat' dir='ltr'>veniant</span> <span class='ocrx_word' id='word_1_274' title='bbox 1236 2193 1285 2223; x_wconf 85' lang='lat' dir='ltr'>Ob</span> <span class='ocrx_word' id='word_1_275' title='bbox 1303 2192 1375 2231; x_wconf 83' lang='lat' dir='ltr'>(sed</span> 
     </span>
     <span class='ocr_line' id='line_1_34' title="bbox 44 2233 1370 2274; baseline 0.002 -11"><span class='ocrx_word' id='word_1_276' title='bbox 44 2233 157 2264; x_wconf 91' lang='lat' dir='ltr'>dicent</span> <span class='ocrx_word' id='word_1_277' title='bbox 174 2234 263 2265; x_wconf 84' lang='lat' dir='ltr'>codd.</span> <span class='ocrx_word' id='word_1_278' title='bbox 283 2235 413 2274; x_wconf 82' lang='lat' dir='ltr'>onmes)</span> <span class='ocrx_word' id='word_1_279' title='bbox 582 2245 620 2273; x_wconf 86' lang='lat'>14</span> <span class='ocrx_word' id='word_1_280' title='bbox 646 2235 791 2265; x_wconf 88' lang='lat' dir='ltr'>Romani</span> <span class='ocrx_word' id='word_1_281' title='bbox 807 2236 864 2274; x_wconf 90' lang='lat' dir='ltr'>qui</span> <span class='ocrx_word' id='word_1_282' title='bbox 882 2259 889 2266; x_wconf 93' lang='lat'>.</span> <span class='ocrx_word' id='word_1_283' title='bbox 911 2259 917 2265; x_wconf 93' lang='lat'>.</span> <span class='ocrx_word' id='word_1_284' title='bbox 939 2259 945 2266; x_wconf 93' lang='lat'>.</span> <span class='ocrx_word' id='word_1_285' title='bbox 969 2245 1006 2274; x_wconf 85' lang='lat'>15</span> <span class='ocrx_word' id='word_1_286' title='bbox 1031 2236 1250 2266; x_wconf 84' lang='lat' dir='ltr'>condemnari</span> <span class='ocrx_word' id='word_1_287' title='bbox 1276 2235 1370 2266; x_wconf 87' lang='lat' dir='ltr'><strong>CO¹:</strong></span> 
     </span>
     <span class='ocr_line' id='line_1_35' title="bbox 44 2277 1371 2318; baseline 0.002 -12"><span class='ocrx_word' id='word_1_288' title='bbox 44 2286 156 2307; x_wconf 82' lang='lat' dir='ltr'>mance</span> <span class='ocrx_word' id='word_1_289' title='bbox 173 2278 238 2309; x_wconf 81' lang='lat' dir='ltr'>rell.</span> <span class='ocrx_word' id='word_1_290' title='bbox 260 2277 405 2308; x_wconf 88' lang='lat' dir='ltr'>Romani</span> <span class='ocrx_word' id='word_1_291' title='bbox 429 2282 462 2309; x_wconf 92' lang='lat' dir='ltr'>te</span> <span class='ocrx_word' id='word_1_292' title='bbox 480 2288 541 2309; x_wconf 88' lang='lat' dir='ltr'>suo</span> <span class='ocrx_word' id='word_1_293' title='bbox 559 2278 681 2309; x_wconf 87' lang='lat' dir='ltr'>iudicio</span> <span class='ocrx_word' id='word_1_294' title='bbox 699 2278 930 2318; x_wconf 87' lang='lat' dir='ltr'>condemnari,</span> <span class='ocrx_word' id='word_1_295' title='bbox 953 2278 1067 2309; x_wconf 82' lang='lat' dir='ltr'>mediis</span> <span class='ocrx_word' id='word_1_296' title='bbox 1084 2279 1216 2309; x_wconf 81' lang='lat' dir='ltr'>onn&#39;ssis</span> <span class='ocrx_word' id='word_1_297' title='bbox 1332 2281 1371 2309; x_wconf 92' lang='lat'>16</span> 
     </span>
     <span class='ocr_line' id='line_1_36' title="bbox 42 2320 1368 2363; baseline 0.002 -14"><span class='ocrx_word' id='word_1_298' title='bbox 42 2328 100 2350; x_wconf 90' lang='lat' dir='ltr'>vos</span> <span class='ocrx_word' id='word_1_299' title='bbox 116 2331 179 2351; x_wconf 84' lang='lat' dir='ltr'>om.</span> <span class='ocrx_word' id='word_1_300' title='bbox 201 2320 260 2352; x_wconf 87' lang='lat' dir='ltr'>CO</span> <span class='ocrx_word' id='word_1_301' title='bbox 390 2322 428 2352; x_wconf 92' lang='lat'>18</span> <span class='ocrx_word' id='word_1_302' title='bbox 450 2322 496 2352; x_wconf 88' lang='lat' dir='ltr'>At</span> <span class='ocrx_word' id='word_1_303' title='bbox 513 2321 763 2362; x_wconf 72' lang='lat' dir='ltr'>Crell.p1—aeter</span> <span class='ocrx_word' id='word_1_304' title='bbox 779 2322 828 2352; x_wconf 69' lang='lat'>05</span> <span class='ocrx_word' id='word_1_305' title='bbox 847 2321 915 2363; x_wconf 72' lang='lat' dir='ltr'>(ac)</span> <span class='ocrx_word' id='word_1_306' title='bbox 1018 2332 1060 2353; x_wconf 87' lang='lat'>20</span> <span class='ocrx_word' id='word_1_307' title='bbox 1084 2323 1268 2362; x_wconf 84' lang='lat' dir='ltr'>promptius</span> <span class='ocrx_word' id='word_1_308' title='bbox 1288 2322 1347 2353; x_wconf 84' lang='lat' dir='ltr'>CO</span> <span class='ocrx_word' id='word_1_309' title='bbox 1363 2334 1368 2351; x_wconf 81' lang='lat' dir='ltr'><em>z</em></span> 
     </span>
     <span class='ocr_line' id='line_1_37' title="bbox 42 2363 305 2403; baseline 0.008 -11"><span class='ocrx_word' id='word_1_310' title='bbox 42 2363 184 2399; x_wconf 84' lang='lat' dir='ltr'>amplius</span> <span class='ocrx_word' id='word_1_311' title='bbox 197 2370 221 2403; x_wconf 81' lang='lat' dir='ltr'>p</span> <span class='ocrx_word' id='word_1_312' title='bbox 238 2364 305 2396; x_wconf 74' lang='lat' dir='ltr'>rell.</span> 
     </span>
    </p>
   </div>
   <div class='ocr_carea' id='block_1_6' title="bbox 1425 63 1444 70">
    <p class='ocr_par' dir='ltr' id='par_1_6' title="bbox 1425 63 1444 70">
     <span class='ocr_line' id='line_1_38' title="bbox 1425 63 1444 70; baseline 0 -3"><span class='ocrx_word' id='word_1_313' title='bbox 1425 63 1444 70; x_wconf 53' lang='lat'>„-</span> 
     </span>
    </p>
   </div>
   <div class='ocr_carea' id='block_1_7' title="bbox 1433 481 1448 491">
    <p class='ocr_par' dir='ltr' id='par_1_7' title="bbox 1433 481 1448 491">
     <span class='ocr_line' id='line_1_39' title="bbox 1433 481 1448 491; baseline 0 0"><span class='ocrx_word' id='word_1_314' title='bbox 1433 481 1448 491; x_wconf 78' lang='grc' dir='ltr'>ι-</span> 
     </span>
    </p>
   </div>
   <div class='ocr_carea' id='block_1_8' title="bbox 1403 1344 1463 1385">
    <p class='ocr_par' dir='ltr' id='par_1_8' title="bbox 1403 1344 1463 1385">
     <span class='ocr_line' id='line_1_40' title="bbox 1403 1344 1463 1385; baseline 0 -10"><span class='ocrx_word' id='word_1_315' title='bbox 1403 1344 1463 1385; x_wconf 82' lang='lat'>176</span> 
     </span>
    </p>
   </div>
  </div>
 </body>
</html>
