1600 2704
82 105 131 134 22

91 407 134 442 60

77 734 127 771 23

83 1446 120 1477 61

152 110 193 144 59
522 95 578 133 M.
611 95 778 133 TVLLI
811 94 1118 134 CICERONIS

151 215 267 245 antea
301 207 368 257 qui
403 206 519 245 sociis
550 206 708 244 iniurias
744 207 914 245 fecerant
948 205 1123 244 accusari
1157 213 1195 244 et
1226 207 1483 246 condemnari

152 272 342 317 solebant,
367 271 419 311 ibi
442 285 527 310 esse
547 273 677 322 palam
699 273 826 322 posita
856 284 901 310 ea
927 283 1029 321 quae
1053 270 1104 309 ab
1125 270 1241 309 sociis
1268 284 1337 322 per
1357 273 1485 310 scelus

150 337 281 375 ablata
302 345 514 387 ereptaque
534 344 674 375 essent.

207 401 288 439 Hic
310 415 382 452 ego
413 415 493 439 non
514 401 679 439 arbitror
700 402 808 439 illum
839 407 1072 450 negaturum
1097 399 1207 450 signa
1235 413 1276 438 se
1302 400 1485 450 plurima,

151 466 304 504 tabulas
334 466 458 516 pictas
489 465 784 504 innumerabilis
814 465 958 503 habere
975 479 984 511 ;
1017 465 1097 511 sed⁷
1130 472 1172 503 ut
1202 464 1352 514 opinor,
1385 466 1483 503 solet

150 531 248 569 haec
280 544 381 580 quae
415 530 541 580 rapuit
576 537 614 568 et
648 531 795 568 furatus
827 537 885 568 est
918 543 998 568 non
1030 542 1249 579 numquam
1281 529 1412 568 dicere
1442 543 1483 568 se

150 595 302 641 emisse,
327 595 515 646 quoniam
548 594 710 645 quidem
741 595 781 632 in
809 595 1013 641 Achaiam,
1037 594 1184 641 Asiam,
1209 594 1482 644 Pamphyliam

149 667 308 710 sumptu
345 659 507 711 publico
542 667 579 697 et
612 658 816 709 legationis
849 659 1010 698 nomine
1050 666 1242 698 mercator
1281 658 1481 708 signorum

149 726 451 774 tabularumque
472 723 664 774 pictarum
686 724 827 762 missus
857 732 926 762 est.
986 726 1037 762 Et
1059 723 1168 762 istius
1190 731 1228 762 et
1259 723 1376 773 patris
1398 723 1481 762 eius

147 788 282 839 accepi
304 788 457 827 tabulas
479 787 620 835 omnis,
643 801 740 838 quas
765 787 1063 838 diligentissime
1083 787 1157 837 legi
1185 795 1303 838 atque
1324 787 1483 838 digessi,

149 853 277 903 patris,
300 854 434 903 quoad
455 852 558 900 vixit,
582 859 679 899 tuas,
705 853 838 902 quoad
867 851 923 890 ais
951 860 988 890 te
1018 852 1246 891 confecisse.
1306 854 1411 891 Nam
1441 852 1480 890 in

149 920 233 965 isto,
275 918 436 964 iudices
478 918 555 957 hoc
604 930 751 956 novum
791 916 1000 967 reperietis.
1070 917 1268 956 Audimus
1307 917 1479 966 aliquem

147 983 300 1021 tabulas
322 995 540 1033 numquam
567 983 810 1029 confecisse3
839 995 941 1032 quae
961 990 1019 1020 est
1043 981 1178 1032 opinio
1199 981 1406 1020 hominum
1427 983 1478 1021 de

147 1047 324 1086 Antonio
345 1048 451 1093 falsa,
470 1060 562 1085 nam
583 1046 674 1085 fecit
695 1046 993 1097 diligentissime
1007 1061 1017 1094 3
1045 1060 1180 1085 verum
1202 1046 1339 1085 sithoc
1355 1060 1479 1097 genus

145 1113 319 1163 aliquod,
343 1112 506 1151 minime
526 1112 788 1162 probandum.
848 1111 1044 1150 Audimus
1060 1112 1180 1150 alium
1195 1125 1276 1151 non
1295 1112 1345 1150 ab
1368 1111 1479 1151 initio

146 1178 295 1224 fecisse,
319 1179 388 1216 sed
419 1190 465 1217 ex
486 1184 663 1227 ternpore
683 1176 818 1227 aliquo
846 1176 1064 1216 confecisse
1079 1191 1089 1224 3
1118 1184 1176 1215 est
1205 1176 1336 1227 aliqua
1361 1177 1478 1215 etiarn

145 1243 277 1282 eiusce
291 1242 345 1281 rei
366 1242 474 1281 ratio.
527 1244 620 1280 Hoc
641 1255 733 1280 vero
749 1254 897 1280 novum
918 1249 956 1280 et
976 1241 1185 1280 ridiculum
1199 1249 1268 1288 est,
1285 1242 1394 1291 quod
1415 1241 1479 1280 hic

146 1308 261 1346 nobis
283 1306 486 1357 respondit
507 1319 597 1345 cum
627 1306 678 1344 ab
706 1319 755 1345 eo
776 1306 929 1344 tabulas
950 1307 1248 1356 postularemus,
1272 1320 1398 1356 usque
1427 1308 1478 1345 ad

147 1374 202 1410 M.
227 1371 459 1411 Terentium
490 1379 528 1410 et
563 1372 608 1411 C.
644 1371 826 1411 Cassium
862 1372 1044 1409 consules
1079 1371 1306 1417 confecisse,
1341 1379 1479 1421 postea

143 1438 351 1477 destitisse.
411 1437 502 1476 Alio
531 1438 620 1476 loco
651 1438 727 1475 hoc
756 1436 867 1475 cuius
900 1436 1009 1475 modi
1038 1436 1086 1474 sit
1114 1436 1453 1476 considerabimus
1468 1451 1479 1485 3

144 1516 250 1541 nunc
273 1502 368 1541 nihil
389 1503 440 1541 ad
461 1515 524 1541 me
545 1501 684 1540 attinet
703 1516 712 1548 3
742 1502 882 1540 horum
900 1501 1005 1540 enim
1027 1509 1250 1552 temporum
1272 1501 1312 1540 in
1334 1502 1477 1552 quibus

144 1582 249 1606 nunc
277 1580 406 1606 versor
428 1568 557 1606 habeo
578 1566 730 1605 tabulas
751 1574 790 1605 et
817 1574 902 1604 tuas
923 1574 961 1605 et
985 1566 1114 1616 patris.
1175 1567 1348 1605 Plurima
1368 1567 1478 1618 signa

144 1633 416 1683 pulcherrima,
440 1632 627 1683 plurimas
649 1631 802 1670 tabulas
823 1631 992 1680 optimas
1020 1632 1248 1681 deportasse
1277 1639 1314 1670 te
1335 1645 1477 1682 negare

144 1711 224 1736 non
248 1705 369 1748 potes.
431 1699 563 1747 Atque
584 1696 734 1735 utinam
756 1699 897 1745 neges!
928 1698 1063 1734 Vnum
1085 1698 1250 1735 ostende
1272 1696 1311 1734 in
1333 1697 1476 1736 tabulis

142 1770 208 1801 aut
248 1762 323 1800 tuis
361 1769 428 1800 aut
468 1761 586 1811 patris
625 1761 680 1799 tui
719 1768 896 1810 emptum
936 1774 1044 1800 esse:
1084 1761 1220 1800 vicisti.
1281 1763 1344 1800 Ne
1379 1763 1476 1800 haec

143 1827 304 1877 quidem
339 1827 420 1865 duo
455 1826 563 1876 signa
595 1825 855 1875 pulcherrima
887 1839 988 1876 quae
1022 1839 1128 1864 nunc
1158 1826 1210 1864 ad
1242 1825 1475 1877 impluvium

143 1901 254 1931 tuum
277 1899 389 1939 stant,
414 1905 515 1941 quae
544 1893 686 1929 multos
715 1904 842 1930 annos
871 1899 962 1930 ante
983 1893 1113 1931 valvas
1135 1892 1301 1930 Iunonis
1322 1893 1476 1931 Samiae

188 2006 204 2034 7
230 1996 345 2027 Asiam
364 1995 418 2025 Db
436 2007 442 2026 :
471 2006 535 2026 0111.
553 2001 619 2036 pq:
646 2000 720 2026 ante
737 1996 898 2026 Achaiam
917 1994 953 2026 Κ
1067 2006 1087 2035 9
1114 1995 1234 2027 Habeo
1253 2002 1286 2027 et
1305 1996 1402 2027 istius
1419 1995 1475 2036 DJ>

143 2040 187 2070 al.
211 2039 316 2070 Asa:
354 2041 396 2070 ab
425 2050 466 2070 eo
500 2039 596 2070 istius
624 2040 642 2069 b
668 2039 732 2070 al.:
773 2050 857 2069 amm
888 2039 935 2070 At
966 2049 1046 2070 vero
1074 2051 1100 2070 ε.
1136 2039 1214 2079 Age
1241 2050 1322 2070 vero
1354 2040 1476 2072 istius?

146 2083 191 2113 Cl.
214 2082 292 2114 Rev.
312 2083 388 2114 xvii.
406 2093 470 2113 202
573 2093 612 2113 10
634 2083 748 2122 accepi
767 2083 821 2123 Dp
840 2082 904 2114 rell.
926 2094 933 2113 ε
957 2083 1086 2122 accepti
1104 2082 1180 2114 Asc.
1200 2083 1348 2123 (accepti
1367 2088 1401 2114 et
1418 2094 1474 2114 ex-

145 2126 241 2165 pensi
255 2126 279 2164 3)
297 2137 302 2155 ι
328 2126 395 2157 secl.
414 2125 484 2156 cdd.
600 2136 648 2165 12,
670 2136 708 2165 15
732 2126 933 2157 Audivimus
953 2126 995 2159 G..
1088 2136 1125 2165 13
1149 2136 1332 2166 numquam
1351 2127 1416 2158 tab.
1438 2138 1478 2166 qr

147 2179 185 2207 14
210 2169 361 2199 Antonio
388 2169 443 2208 Dp
471 2168 560 2201 rell.:
585 2169 630 2200 M.
651 2169 801 2200 Antonio
830 2170 907 2200 Asc.
940 2168 1010 2201 edd.
1043 2169 1076 2209 (5
1095 2170 1151 2209 22)
1267 2170 1345 2201 fecit
1365 2176 1390 2210 p
1406 2171 1475 2201 aL:

144 2212 199 2252 legr
209 2211 284 2243 DZ.
301 2212 385 2251 legis
400 2211 498 2250 G,2l<,
519 2212 599 2251 legit
617 2225 630 2244 ς
726 2224 761 2252 17
787 2213 901 2244 eiusce
918 2213 984 2243 ΒΨ
1000 2225 1008 2244 :
1031 2213 1169 2244 huiusce
1182 2212 1226 2253 pb
1243 2213 1320 2245 Asc.
1336 2214 1372 2253 (i,
1388 2216 1402 2251 §
1416 2215 1473 2252 563

147 2256 184 2285 18
208 2255 248 2285 ab
277 2265 342 2286 om.
374 2255 429 2295 Dp
574 2266 612 2294 19
637 2260 670 2286 et
702 2256 757 2295 Dp
790 2256 880 2287 relk:
915 2266 981 2288 om.
1012 2256 1089 2288 Asc.
1122 2256 1169 2296 (v.
1202 2258 1298 2296 §343
1432 2266 1474 2295 23

144 2298 289 2337 optimas
308 2298 384 2338 qu
401 2310 407 2328 :
431 2309 495 2330 om.
521 2298 616 2337 G2K5
706 2301 748 2329 26
773 2299 968 2340 impluvium
983 2299 1244 2341 q1·b(impluium
1257 2302 1296 2340 p)
1315 2311 1322 2331 :
1346 2299 1474 2340 pluium

143 2352 169 2374 s.
196 2341 346 2382 pluvium
365 2341 428 2371 ΒΨ
518 2352 558 2380 27
584 2342 625 2372 ad
643 2342 756 2373 valvas
774 2344 790 2373 δ

1504 475 1522 507 5

1504 803 1542 825 10

1504 1126 1538 1158 Ι5

1499 1453 1539 1474 20

1497 1773 1536 1807 25
