1600 2704
61 80 115 130 36

65 188 119 236 36

83 466 121 498 91

100 1043 141 1078 92

134 94 178 129 90
502 68 558 106 M.
590 60 759 102 TVLLI
789 48 1094 98 CICERONIS

193 189 238 228 C.
271 182 470 226 Malleolo,
500 181 706 228 quaestore
735 170 808 210 Cn.
834 161 1074 205 Dolabellae,
1098 153 1230 196 occiso
1259 151 1358 190 duas
1387 144 1462 185 sibi

139 249 375 292 hereditates
413 242 567 283 venisse
599 236 806 277 arbitratus
836 236 905 276 est,
940 236 1060 265 unam
1094 213 1340 270 quaestoriae
1378 221 1464 261 pro-

139 313 362 359 curationis,
385 321 478 348 nam
498 320 521 345 a
542 301 751 343 Dolabella
780 294 910 335 statim
938 302 1008 341 pro
1033 290 1240 337 quaestore
1259 278 1386 317 iussus
1406 279 1465 312 est

141 393 227 420 esse
243 393 252 427 3
279 378 441 416 alteram
462 370 617 414 tutelae,
640 377 732 404 nam
762 373 851 400 curn
872 353 1009 408 pupilli
1031 345 1207 389 Malleoli
1227 350 1331 382 tutor
1351 343 1465 383 esset,

143 447 184 485 in
203 445 310 484 bona
330 440 413 479 eius
433 437 626 485 impetum
646 428 749 468 fecit.
808 425 912 463 Nam
935 416 1144 458 Malleolus
1165 411 1205 449 in
1225 402 1467 459 provinciam
1490 410 1507 442 5

145 510 201 550 sic
221 506 381 558 copiose
401 501 600 553 profectus
621 501 702 534 erat
722 498 765 531 ut
787 487 896 529 domi
916 494 1072 536 prorsus
1094 476 1191 516 nihil
1211 471 1447 519 relinqueret
1462 479 1473 512 3

147 580 345 626 praeterea
378 563 566 618 pecunias
595 561 806 607 occuparat
837 551 942 602 apud
971 545 1139 597 populos
1168 547 1206 578 et
1235 533 1473 586 syngraphas

148 641 302 681 fecerat,
325 629 474 682 argenti
494 624 634 677 optimi
654 618 792 660 caelati
820 615 967 667 grande
990 609 1147 661 pondus
1168 614 1301 643 secum
1322 599 1472 642 tulerat,

150 714 242 742 nam
256 700 320 738 ille
334 705 495 747 quoque
509 687 654 729 sodalis
671 684 781 724 istius
798 687 879 720 erat
892 678 932 716 in
946 678 1023 714 hoc
1037 671 1177 711 morbo
1191 674 1229 706 et
1242 661 1457 714 cupiditate
1466 673 1477 707 3

152 765 298 818 grande
319 760 478 812 pondus
505 751 666 804 argenti,
690 746 878 787 familiam
908 749 1102 790 magnam,
1125 733 1270 772 multos
1296 726 1474 771 artifices,
1498 734 1538 757 10
1597 739 1600 755 1

154 831 298 870 multos
313 828 505 864 formosos
521 820 702 857 hommes
719 808 885 860 reliquit.
935 806 1017 843 Iste
1037 799 1145 851 quod
1164 792 1314 846 argenti
1332 787 1480 841 placuit

156 892 296 935 invasit
311 906 321 940 3
350 901 451 939 quae
468 881 664 932 mancipia
679 876 803 917 voluit
822 869 987 913 abduxit
1004 882 1014 916 3
1042 865 1133 904 vina
1153 868 1360 908 ceteraque
1380 866 1482 904 quae

157 960 197 998 in
219 956 313 996 Asia
325 952 508 993 facillime
521 949 808 996 comparantur,
823 949 925 988 quae
937 934 1001 972 ille
1014 930 1232 979 reliquerat,
1246 917 1457 972 asportavit
1475 930 1484 964 3

160 1023 309 1072 reliqua
341 1014 530 1061 vendidit,
566 1007 777 1063 pecuniam
814 1000 952 1051 exegit.
1009 997 1113 1037 Cum
1150 992 1203 1031 ad
1236 989 1308 1027 HS
1337 983 1486 1023 viciens

162 1085 401 1139 quinquiens
430 1077 626 1128 redegisse
656 1075 867 1116 constaret,
895 1073 938 1104 ut
974 1065 1144 1102 Romam
1176 1053 1302 1099 rediit,
1337 1050 1486 1089 nullam
1510 1061 1545 1094 15
1598 1048 1600 1076 ἑ

162 1154 331 1193 litteram
364 1145 528 1198 pupillo,
558 1141 706 1180 nullam
741 1131 853 1174 matri
882 1130 976 1176 eius,
1007 1126 1155 1165 nullam
1183 1116 1378 1159 tutoribus
1407 1112 1490 1151 red-

165 1216 266 1258 didit
279 1229 288 1262 3
308 1224 439 1252 servos
452 1207 618 1247 artifices
633 1199 771 1253 pupilli
787 1209 877 1237 cum
893 1193 1054 1233 haberet
1071 1184 1190 1232 domi,
1206 1183 1352 1223 circum
1369 1178 1491 1229 pedes
1544 1191 1550 1196 ·

166 1288 299 1322 autem
320 1274 502 1315 homines
531 1272 724 1309 formosos
751 1270 790 1302 et
808 1261 1007 1304 litteratos,
1032 1265 1123 1293 suos
1151 1261 1237 1289 esse
1260 1244 1429 1290 dicebat,
1452 1255 1493 1280 se

169 1345 320 1386 emisse.
380 1341 484 1379 Cum
513 1333 667 1384 saepius
696 1336 820 1368 mater
839 1333 878 1364 et
906 1322 993 1362 avia
1019 1316 1129 1370 pueri
1153 1312 1396 1365 postularent
1424 1305 1491 1351 uti,

170 1410 201 1449 si
222 1421 303 1447 non
324 1404 505 1444 redderet
520 1395 730 1451 pecuniam
751 1404 825 1431 nec
845 1389 1037 1428 rationem
1051 1384 1175 1427 daret,
1195 1377 1342 1417 diceret
1358 1373 1496 1412 saltem
1517 1385 1557 1408 20

172 1479 364 1525 quantum
385 1464 577 1518 pecuniae
598 1456 775 1500 Malleoli
796 1456 1050 1504 deportasset,
1073 1459 1095 1485 a
1115 1441 1248 1483 multis
1268 1436 1498 1488 efflagitatus

173 1535 388 1588 aliquando
408 1531 505 1571 dixit
526 1529 597 1567 HS
618 1523 778 1565 deciens
793 1535 803 1569 3
832 1517 977 1558 deinde
997 1513 1038 1552 in
1053 1507 1202 1550 codicis
1223 1512 1394 1544 extrema
1413 1512 1501 1538 cera

176 1614 323 1642 nomen
335 1599 515 1637 infimum
531 1593 572 1631 in
584 1588 776 1640 flagitiosa
790 1584 904 1623 litura
916 1579 1007 1619 fecit
1021 1592 1031 1626 3
1060 1584 1231 1625 expensa
1244 1570 1503 1617 Chrysogono

179 1678 290 1707 servo
320 1663 392 1702 HS
423 1665 601 1699 sescenta
631 1652 747 1699 milia,
770 1653 933 1697 accepta
962 1641 1111 1694 pupillo
1134 1635 1323 1676 Malleolo
1343 1628 1501 1669 rettulit.

180 1733 274 1780 Quo
305 1728 427 1766 modo
458 1737 505 1762 ex
533 1719 692 1760 deciens
723 1716 795 1754 HS
825 1716 1003 1751 sescenta
1027 1705 1103 1744 sint
1129 1704 1244 1747 facta,
1273 1709 1353 1747 quo
1382 1693 1505 1732 modo
1527 1706 1566 1737 25
1598 1694 1600 1741 i

182 1807 235 1835 Dc
256 1794 399 1833 eodem
421 1789 542 1827 modo
562 1780 790 1835 quadrarint
809 1784 852 1817 ut
872 1776 937 1814 illa
957 1775 1006 1813 de
1027 1772 1100 1811 Cn.
1125 1762 1318 1807 Carbonis
1339 1757 1508 1811 pecunia

183 1860 331 1910 reliqua
370 1856 441 1894 HS
481 1857 659 1892 sescenta
696 1848 799 1885 facta
836 1841 924 1886 sint,
965 1849 1045 1888 quo
1090 1831 1211 1871 modo
1250 1827 1510 1875 Chrysogono

230 1976 242 1995 1
263 1961 453 1994 dolobellae
481 1957 617 1988 occiso:
651 1953 685 1983 in
711 1951 762 1981 his
785 1945 887 1978 verbis
910 1941 1020 1982 incipit
1042 1938 1138 1970 codex
1159 1935 1197 1974 S,
1221 1931 1360 1964 mutilus
1491 1925 1513 1954 6

187 2004 357 2051 [copiose]
387 2003 467 2033 Ern.
498 2000 599 2039 Kays.
692 1993 739 2025 nil
766 1987 930 2026 Zielinski,
952 1991 986 2026 p.
1018 1983 1079 2021 178
1209 1987 1231 2016 9
1259 1973 1384 2006 sodalis
1415 1969 1514 2001 istius

184 2052 244 2093 prb
260 2063 266 2081 :
291 2047 473 2081 sodalicius
485 2043 579 2074 SDw
594 2037 759 2080 <sodalius
773 2034 828 2072 (ἦ)
923 2038 962 2068 13
986 2024 1142 2058 facillime
1154 2019 1218 2051 SD
1234 2018 1275 2048 al.
1289 2021 1315 2056 p
1330 2027 1337 2046 :
1361 2012 1459 2044 facile
1476 2021 1516 2052 qr

191 2095 282 2125 Serv.
303 2090 365 2132 (ad
383 2090 472 2128 Vetg.
492 2086 558 2117 Ecl.
577 2095 607 2114 v.
628 2083 682 2120 36)
791 2086 829 2115 14
854 2079 887 2105 et
902 2081 976 2113 pec.
994 2070 1035 2108 Gl
1138 2073 1183 2095 Hs
1199 2063 1247 2092 ῐὶ
1264 2062 1285 2090 f>
1301 2057 1514 2098 quinquiesp
1598 2054 1600 2079 ὲ

193 2138 303 2175 (iz-it>
321 2134 384 2165 SD
400 2144 406 2163 ε
432 2141 477 2162 xx
491 2139 539 2159 -ο-
558 2123 700 2165 G2KZr)
765 2121 804 2150 18
821 2117 978 2149 homines
988 2113 1154 2143 formosos
1166 2103 1269 2145 DZpb
1286 2114 1293 2133 ε
1311 2102 1404 2132 form.
1423 2099 1513 2129 hom.
1597 2080 1600 2141 i

197 2178 274 2218 ΕΖΚ
289 2182 318 2208 et
334 2177 423 2214 (cum
441 2172 546 2213 signis
563 2167 706 2207 transp.)
728 2163 757 2195 S
774 2163 812 2203 (i,
833 2165 848 2199 ξ,
867 2159 943 2197 105)
1113 2161 1154 2181 20
1179 2158 1251 2187 pec.
1272 2155 1340 2176 non
1358 2142 1452 2174 redd.
1474 2139 1513 2177 Gl
1597 2155 1600 2175 ἦ

195 2234 237 2262 23
261 2223 295 2251 in
315 2221 408 2260 (post
423 2214 587 2247 infimuml
605 2221 669 2242 om.
692 2206 784 2246 GmK
916 2209 956 2239 25
981 2198 1048 2229 sint
1065 2195 1149 2226 facta
1160 2190 1244 2230 SDp
1262 2201 1269 2220 ι
1294 2188 1379 2218 facta
1395 2185 1461 2215 sint
1475 2181 1515 2219 G,

196 2267 238 2296 26
261 2265 302 2295 de
321 2262 441 2293 eodem
459 2258 542 2288 SD:
567 2256 600 2285 in
619 2253 738 2284 eodem
752 2255 776 2290 p
888 2254 927 2282 27
953 2243 1040 2274 sacta
1059 2238 1128 2271 sint
1145 2234 1229 2274 SDp
1247 2244 1254 2263 z
1278 2232 1365 2261 facta
1381 2232 1458 2259 sunt
1475 2225 1514 2255 b:

199 2308 253 2340 ‘al
265 2307 347 2346 fort.
371 2307 446 2334 recte
460 2301 467 2313 ³
485 2298 595 2330 Muell.

1595 2353 1600 2419 ÷÷

1595 2420 1600 2481 l

799 2575 1600 2704 ᾼ----Ᾱ
