1600 2704
416 144 478 182 IN
508 143 557 192 Q.
590 143 910 183 CAECILIVM
938 144 1159 184 ORAT1o
1402 124 1509 195 19‘32'

117 251 160 291 id
189 250 253 302 pie
282 252 408 290 facere
437 264 518 289 non
548 264 706 302 posses;
741 264 832 289 cum
854 265 947 290 vero
976 265 1106 302 neque
1136 253 1316 292 iniuriam
1343 267 1453 294 acce-

117 315 220 368 peris
249 323 288 355 et
317 315 484 366 praetori
514 322 583 354 tuo
612 315 830 366 periculum
859 329 979 364 crees,
1011 317 1165 356 fatearis
1199 332 1360 357 necesse
1391 328 1451 358 est

117 389 156 420 te
185 381 239 419 illi
266 381 456 420 iniustum
483 381 730 431 impiumque
751 382 899 420 bellum
921 382 1062 421 inferre
1082 383 1227 421 conari.
1290 384 1448 422 Etenim

114 446 189 484 ista
218 454 427 496 quaestura
460 447 511 485 ad
541 459 628 484 eam
662 459 743 484 rem
774 448 887 493 valet,
918 455 961 485 ut
991 448 1277 486 elaborandum
1308 448 1378 486 tibi
1408 449 1449 486 in

76 527 94 558 5
114 510 264 549 ratione
290 511 496 549 reddenda
521 510 569 548 sit
590 523 709 560 quam
736 510 789 549 ob
816 524 898 549 rem
920 510 987 561 qui
1008 519 1192 561 quaestor
1218 512 1301 550 eius
1332 513 1449 551 fueris

112 587 285 622 accuses,
308 588 389 613 non
416 582 459 613 ut
485 575 537 613 ob
565 588 652 613 eam
679 575 804 625 ipsam
832 588 992 614 causam
1020 578 1302 626 postulandum
1330 578 1378 615 sit
1406 586 1448 616 ut

112 639 183 678 tibi
222 639 471 690 potissimum
509 639 710 678 accusatio
748 641 873 679 detur.
951 641 1094 691 Neque
1138 643 1216 680 fere
1255 656 1444 692 umquam

110 704 218 743 venit
247 705 287 743 in
317 704 615 744 contentionem
644 707 695 744 de
724 707 951 745 accusando
980 706 1048 756 qui
1078 715 1262 757 quaestor
1297 708 1443 756 fuisset,

111 769 206 819 quin
227 769 505 820 repudiaretur.
556 771 697 820 Itaque
718 783 848 820 neque
870 772 911 808 L.
936 770 1094 809 Philoni
1115 771 1155 809 in
1173 773 1217 811 C.
1237 772 1442 811 Servilium
1463 777 1506 819 63

51 847 92 871 πο
111 834 283 873 nominis
321 834 525 873 deferendi
564 843 737 885 potestas
776 843 835 873 est
873 837 975 882 data,
1018 850 1147 886 neque
1187 838 1244 875 M.
1281 837 1443 876 Aurelio

109 900 256 938 Scauro
277 899 317 937 in
339 901 382 946 L,
403 901 600 945 Flaccum,
624 913 754 949 neque
771 901 844 939 Cn.
865 901 1057 950 Pompeio
1078 901 1117 938 in
1138 903 1184 939 T.
1201 903 1443 951 Albucium3

107 977 276 1014 quorum
307 977 426 1003 nemo
456 972 614 1015 propter
640 964 915 1014 indignitatem
945 966 1172 1015 repudiatus
1200 976 1270 1014 est,
1293 970 1362 1006 sed
1391 982 1440 1007 ne

105 1029 231 1069 libido
264 1030 472 1068 violandae
510 1029 812 1068 necessitudinis
850 1030 1082 1068 auctoritate
1120 1031 1295 1070 iudicum
1336 1046 1441 1071 com-

105 1095 345 1144 probaretur.
409 1097 542 1145 Atque
580 1094 644 1132 ille
679 1095 752 1134 Cn.
791 1095 1004 1145 Pompeius
1039 1095 1093 1133 ita
1126 1109 1217 1134 cum
1253 1098 1297 1136 C.
1337 1099 1439 1137 Iulio

46 1171 84 1204 ¹5
105 1159 321 1207 contendit,
350 1166 393 1198 ut
422 1167 464 1197 tu
495 1172 676 1207 mecum3
706 1166 891 1209 quaestor
920 1159 1024 1198 enim
1052 1160 1199 1199 Albuci
1230 1163 1364 1209 fuerat,
1397 1172 1438 1201 ut

103 1231 145 1262 tu
175 1224 331 1272 Verris3
371 1224 494 1263 Iulius
529 1225 606 1262 hoc
640 1237 775 1263 secum
809 1224 1052 1263 auctoritatis
1085 1227 1137 1264 ad
1166 1229 1436 1266 accusandum

99 1289 302 1329 adferebat
323 1291 443 1339 quod,
467 1296 509 1327 ut
529 1291 606 1328 hoc
635 1297 812 1340 tempore
839 1303 912 1328 nos
939 1291 989 1329 ab
1011 1290 1164 1338 Siculis,
1189 1291 1244 1330 sic
1266 1299 1349 1330 tum
1372 1292 1436 1331 ille

98 1356 149 1394 ab
170 1354 302 1394 Sardis
323 1362 480 1405 rogatus
499 1356 551 1393 ad
572 1368 731 1393 causam
752 1364 979 1394 accesserat.

153 1422 317 1470 Semper
345 1422 443 1459 haec
473 1433 591 1459 causa
620 1420 832 1470 plurimum
863 1421 995 1468 valuit,
1023 1435 1178 1472 semper
1206 1424 1304 1462 haec
1335 1424 1433 1461 ratio

38 1499 80 1523 20
97 1485 311 1524 accusandi
349 1485 422 1524 fuit
466 1485 754 1533 honestissima,
796 1499 867 1536 pro
906 1486 1033 1533 sociis,
1075 1501 1145 1538 pro
1185 1490 1308 1527 salute
1348 1502 1433 1539 pro-

96 1549 258 1598 vinciae,
281 1563 353 1601 pro
377 1557 597 1589 exterarum
624 1550 830 1588 nationum
858 1552 1082 1590 commodis
1107 1552 1331 1591 inimicitias
1351 1567 1431 1592 sus-

94 1615 234 1666 cipere,
265 1617 316 1654 ad
346 1616 564 1666 periculum
593 1617 797 1663 accedere,
828 1629 1000 1666 operam,
1033 1617 1220 1664 studium,
1252 1618 1426 1657 laborem

93 1680 353 1731 interponere.
413 1681 574 1719 Etenim
614 1680 645 1719 si
684 1680 899 1731 probabilis
938 1690 997 1720 est
1036 1696 1172 1721 eorum
1207 1696 1325 1721 causa
1360 1684 1426 1734 qui

93 1745 252 1785 iniurias
273 1760 362 1785 suas
383 1746 565 1797 persequi
585 1748 722 1785 volunt
745 1748 839 1798 (qua
869 1747 908 1785 in
936 1761 976 1786 re
1004 1748 1130 1786 dolori
1161 1761 1243 1795 suo,
1266 1763 1347 1787 non
1373 1750 1425 1788 rei

34 1821 73 1855 25
94 1811 276 1861 publicae
309 1811 532 1851 commodis
566 1812 770 1861 serviunt),
798 1820 949 1862 quanto
980 1813 1044 1851 illa
1078 1813 1279 1852 honestior
1308 1828 1427 1852 causa

92 1883 162 1924 est,
185 1890 286 1927 quae
313 1890 394 1916 non
424 1879 553 1915 solum
580 1876 795 1928 probabilis
817 1877 939 1916 videri
966 1879 1035 1916 sed
1061 1878 1178 1916 etiam
1202 1887 1310 1928 grata
1340 1893 1424 1917 esse

90 1942 222 1989 debet,
251 1944 358 1981 nulla
387 1943 566 1993 privatim
595 1951 759 1993 accepta
788 1942 927 1981 iniuria
956 1943 1153 1981 sociorum
1183 1952 1302 1993 atque
1332 1946 1425 1982 ami-

89 2019 226 2044 corum
266 2007 403 2057 populi
441 2008 614 2046 Romani
649 2009 785 2046 dolore
819 2016 939 2058 atque
973 2008 1122 2046 iniuriis
1157 2009 1422 2048 commoveri!

89 2072 228 2122 Nuper
247 2085 337 2111 cum
372 2071 413 2109 in
448 2074 489 2110 P.
524 2072 739 2111 Gabinium
769 2072 826 2110 vir
854 2072 1089 2111 fortissimus
1119 2081 1156 2111 et
1186 2073 1423 2112 innocentis-

29 2145 70 2177 30
89 2135 210 2175 simus
250 2138 293 2175 L,
331 2136 423 2175 Piso
457 2137 699 2176 delationem
738 2137 912 2176 nominis
951 2139 1177 2188 postularet,
1214 2147 1252 2177 et
1284 2148 1423 2178 contra

1448 1720 1490 1761 64

132 2238 151 2279 {5
175 2240 229 2279 qui
256 2244 418 2279 quaestor
441 2240 513 2271 eius
538 2240 644 2271 fueris
667 2240 814 2281 Dvprb:
839 2242 892 2272 cui
914 2247 1076 2281 quaestor
1098 2242 1202 2273 fueris
1217 2242 1296 2282 pler.
1322 2241 1418 2283 ng.,

88 2283 271 2324 Rau,fort.
293 2287 390 2315 recle:
415 2294 490 2315 cum
509 2285 562 2315 cui
581 2289 742 2323 quaestor
760 2284 874 2321 fueris,
902 2296 928 2316 s.
958 2295 1033 2315 eum
1057 2286 1110 2315 cui
1137 2296 1192 2324 qu.
1217 2287 1237 2316 f.
1265 2286 1325 2326 Lg.
1350 2296 1368 2325 5
1395 2291 1423 2317 ct

87 2325 291 2358 Matritensis
304 2327 448 2359 Asconii
527 2338 549 2367 9
574 2327 706 2358 Philoni
723 2328 753 2364 b,
767 2327 814 2358 ed.
836 2328 927 2358 Rom
944 2340 950 2358 :
973 2328 1108 2359 Pithoni
1126 2329 1229 2360 DKZ
1246 2342 1252 2360 ι
1278 2329 1421 2369 pythoni

83 2375 150 2410 pq:
174 2370 290 2410 pyloni
309 2381 327 2401 r
458 2381 498 2410 25
523 2381 623 2402 causa
641 2376 694 2402 est
712 2371 838 2412 DWpr:
865 2376 917 2402 est
935 2382 1035 2403 causa
1053 2383 1072 2412 q
1088 2384 1094 2403 :
1119 2378 1171 2404 est
1188 2383 1252 2404 om.
1274 2375 1290 2402 ὃ
