1600 2704
95 107 364 149 ACTIONIS
396 112 457 150 IN
488 113 531 151 C.
555 114 797 153 VERREM
827 116 1127 157 SECVNDAE
1159 122 1260 159 LIB.
1285 124 1328 161 II
1364 125 1423 162 60
1446 137 1505 172 147

94 232 203 257 reum
232 228 271 259 te
298 234 384 261 esse
413 223 630 272 videantur,
661 239 762 276 quae
789 234 922 266 tamen
952 229 1085 267 onmia
1112 244 1234 270 novas
1264 233 1423 273 iniurias

93 284 251 332 habent,
266 287 337 325 sed
352 288 661 337 postulationum
677 292 862 330 formulas
883 293 1043 332 usitatas
1058 310 1067 342 3
1088 296 1165 334 1106
1180 300 1422 346 postulatum
1445 308 1504 346 148

92 348 141 387 de
161 350 298 389 statuis
319 351 527 391 ridiculum
552 366 637 392 esse
657 354 835 394 videatur
855 357 890 396 ei
911 358 979 408 qui
999 372 1081 398 rem
1103 362 1421 412 sententiamque

89 427 171 452 non
218 416 437 467 perspiciat.
497 420 703 458 Postulant
741 421 857 469 enim,
908 436 989 462 non
1037 424 1093 462 uti
1140 439 1191 464 ne
1231 436 1422 477 cogantur

52 492 69 523 5
89 486 284 528 statuere,·
321 481 418 530 quid
447 482 591 533 igitur?
628 492 670 523 ut
700 485 793 536 ipsis
823 500 872 526 ne
902 488 1027 526 liceat.
1088 490 1200 538 Quid
1226 500 1285 530 est
1315 494 1421 532 boc?

86 545 187 594 petis
217 559 241 583 a
267 559 342 594 me,
374 550 483 598 quod
512 549 552 588 in
579 558 646 590 tua
675 561 868 602 potestate
895 564 967 603 est,
987 564 1030 594 ut
1054 556 1094 596 id
1126 558 1197 597 tibi
1218 560 1345 598 facere
1369 575 1418 600 ne

86 608 224 658 liceat3
253 620 343 661 pete
372 613 502 663 potius
532 629 582 654 ne
608 616 696 666 quis
726 626 764 657 te
793 619 959 659 invitum
989 622 1165 672 polliceri
1193 634 1261 662 aut
1290 627 1417 664 facere

84 683 208 724 cogat.
281 677 415 716 ‘Nihil
444 682 584 729 egero,'
613 681 765 732 inquit3
807 686 1028 735 ‘negabunt
1062 688 1168 726 enim
1203 703 1342 729 omnes
1375 705 1415 730 se

83 739 284 788 coegisse,·
313 741 344 779 si
366 756 428 782 me
455 746 606 784 salvum
633 760 719 786 esse
739 748 807 796 vis,
831 749 927 788 mihi
954 750 1115 801 impone
1136 752 1250 792 istam
1272 754 1351 792 vim
1374 764 1414 794 ut

26 817 64 839 10
82 803 247 843 omnino
273 805 370 844 mihi
400 821 450 847 ne
477 809 591 849 liceat
611 812 810 861 polliceri.'
868 816 928 852 Ex
948 823 1014 853 tua
1038 825 1217 866 praetura
1242 819 1413 869 primum

81 869 179 907 haec
206 877 264 908 est
288 879 379 910 nata
399 875 637 923 postulati03
667 891 745 927 qua
769 892 859 917 cum
891 887 1062 927 utuntur,
1087 883 1163 921 hoc
1191 883 1412 934 significant

79 941 197 984 atque
217 936 319 974 adeo
339 946 473 986 aperte
493 942 718 988 ostendunt,
743 956 828 982 sese
847 945 898 982 ad
919 952 1066 983 statuas
1092 954 1178 985 tuas
1200 949 1409 997 pecuniam

78 1007 186 1037 metu
207 1013 253 1038 ac
273 1003 378 1040 malo
398 1012 556 1042 coactos
577 1004 830 1046 invitissimos
851 1009 1075 1049 contulisse.
1117 1012 1256 1060 Quid?
1286 1014 1316 1051 si
1334 1016 1410 1053 hoc
1432 1033 1493 1066 149

77 1076 159 1102 non
190 1063 337 1114 dicant,
369 1066 440 1106 tibi
474 1082 556 1107 non
590 1083 750 1110 necesse
781 1071 829 1110 sit
863 1072 937 1123 ipsi
971 1074 1011 1112 id
1041 1076 1250 1115 confiteri?
1306 1078 1409 1118 Vide

21 1137 56 1169 15
77 1135 115 1165 et
137 1129 315 1180 perspice
343 1144 421 1181 qua
449 1134 680 1174 defensione
710 1136 761 1175 sis
791 1150 954 1177 usurus:
998 1138 1075 1177 iam
1104 1140 1306 1192 intelleges
1332 1144 1407 1182 1106

75 1192 147 1231 tibi
185 1195 235 1233 de
269 1196 405 1235 statuis
437 1200 710 1239 confitendum
735 1214 831 1241 esse.
892 1203 994 1242 Mihi
1025 1205 1130 1243 6111111
1161 1208 1407 1247 renuntiatur
1426 1212 1473 1249 61

74 1257 127 1296 ita
156 1259 342 1298 constitui
368 1275 391 1299 a
420 1262 496 1301 tuis
520 1265 705 1314 patronis,
729 1266 958 1306 horninibus
988 1269 1212 1320 ingeniosis,
1245 1286 1405 1312 causam

73 1329 192 1371 tuam,
229 1332 267 1363 et
299 1325 352 1364 ita
383 1341 450 1366 eos
484 1329 555 1368 abs
587 1338 625 1369 te
656 1330 806 1370 institui
836 1341 874 1372 et
904 1335 1049 1381 doceri,
1081 1344 1123 1374 ut
1156 1337 1324 1387 quisque
1360 1354 1406 1378 ex

71 1388 273 1437 provincia
297 1391 428 1431 Sicilia
447 1394 598 1444 gravior
619 1397 740 1435 homo
766 1406 885 1448 atque
907 1400 1109 1439 honestior
1132 1402 1404 1443 testimonium

13 1465 52 1488 20
70 1455 343 1495 vehementius
359 1457 509 1506 dixerit,
528 1459 641 1498 sicuti
659 1462 771 1500 multi
792 1462 963 1512 primarii
979 1464 1049 1502 viri
1069 1467 1192 1504 multa
1208 1467 1400 1517 dixerunt,

69 1525 108 1557 te
137 1520 267 1559 statim
298 1522 374 1561 hoc
403 1522 486 1562 istis
515 1525 591 1564 tuis
620 1527 894 1567 defensoribus
924 1529 1066 1578 dicere,
1100 1532 1314 1572 ‘Inimicus
1344 1543 1402 1573 est

67 1593 274 1635 propterea
312 1590 422 1638 quod
460 1598 588 1630 arator
625 1595 708 1631 est.'
767 1595 908 1644 Itaque
940 1610 1021 1634 uno
1058 1610 1212 1647 genere,
1247 1599 1397 1649 opinor,

66 1647 386 1692 circumscribere
407 1655 560 1694 habetis
590 1655 630 1694 in
654 1657 789 1696 animo
809 1673 933 1709 genus
960 1662 1036 1699 hoc
1057 1670 1266 1710 aratorum,
1289 1666 1399 1714 quod

65 1727 133 1753 eos
162 1714 317 1756 infenso
337 1718 471 1758 animo
499 1729 618 1771 atque
639 1722 801 1762 inimico
821 1724 974 1764 venisse
1003 1726 1143 1765 dicatis
1171 1727 1263 1777 quia
1284 1729 1398 1768 fuerit

7 1789 44 1821 25
63 1776 103 1816 in
124 1779 302 1820 decumis
327 1782 399 1822 iste
420 1786 700 1826 vehementior.
760 1790 865 1839 Ergo
891 1798 1062 1830 aratores
1082 1791 1231 1831 inimici
1257 1807 1396 1832 omnes

62 1850 100 1880 et
120 1845 329 1885 adversarii
356 1857 471 1888 sunt:
501 1864 620 1890 nemo
641 1860 699 1891 est
719 1866 856 1892 eorum
885 1855 980 1905 quin
1002 1856 1148 1906 perisse
1169 1865 1208 1895 te
1233 1858 1396 1908 cupiat?

61 1907 240 1947 Omnino
260 1914 456 1960 praeclare
477 1922 515 1953 te
539 1916 661 1955 habes
682 1931 772 1956 cum
800 1918 832 1957 is
853 1921 952 1959 ordo
975 1929 1095 1971 atque
1119 1921 1159 1961 id
1184 1922 1392 1961 hominum

58 1985 193 2022 genus,
217 1977 326 2024 quod
355 1978 550 2028 optimum
576 1989 695 2031 atque
725 1983 1046 2023 honestissimum
1074 1993 1144 2034 est,
1166 1999 1189 2024 a
1209 1999 1289 2036 quo
1311 2001 1391 2026 uno

99 2097 119 2127 3
143 2088 174 2118 ei
192 2098 257 2121 om.
280 2089 322 2120 Ol
341 2090 458 2131 (Pm'sc.
479 2093 511 2124 ii.
525 2099 560 2134 p.
580 2096 655 2134 147)
790 2108 806 2136 4
835 2098 882 2128 uti
900 2098 967 2130 cO:
987 2104 1022 2130 ut
1040 2100 1106 2131 rell.
1240 2103 1261 2132 8
1286 2113 1389 2143 egero

57 2131 121 2161 ⁷rk:
144 2141 230 2170 rogo
250 2144 282 2165 c:
309 2144 374 2173 ego
392 2146 475 2174 rogo
495 2136 537 2167 0¹
554 2149 559 2167 :
584 2149 665 2177 ergo
681 2139 718 2169 ὂδ
831 2152 870 2171 12
895 2146 969 2173 tuas
985 2142 1051 2174 cO:
1077 2155 1143 2175 om.
1165 2145 1230 2176 rell.
1349 2157 1387 2186 14

56 2173 114 2204 tibi
133 2185 199 2205 om.
220 2176 261 2207 Ο1
410 2180 448 2209 18
472 2180 518 2210 ita
535 2191 595 2212 eos
613 2182 671 2212 abs
688 2188 721 2214 te
731 2183 776 2223 pb
792 2185 835 2215 al.
856 2196 862 2214 :
888 2195 948 2216 eos
966 2186 1010 2216 ita
1029 2187 1119 2225 (cum
1136 2188 1242 2228 sigm‘s
1258 2194 1382 2230 transp.

54 2221 84 2247 et
96 2223 261 2257 praeterea
279 2222 413 2260 punctis
436 2224 555 2255 subscr.
579 2225 638 2256 del.
659 2226 703 2256 ita
724 2238 770 2258 m.
792 2230 822 2263 1)
845 2229 907 2259 abs
928 2234 961 2260 te
986 2230 1034 2261 ita
1052 2230 1103 2261 O:
1136 2241 1196 2262 eos
1212 2233 1258 2263 ita
1274 2233 1333 2264 abs
1351 2238 1384 2264 te

53 2261 140 2301 vulg.
311 2275 353 2295 20
375 2266 475 2297 sicuti
493 2267 596 2298 Siculi
614 2269 704 2300 codd.
717 2275 849 2311 praeter
865 2271 895 2301 Ο
1072 2276 1116 2305 26
1138 2281 1218 2306 sunt
1237 2286 1303 2308 om.
1323 2277 1384 2307 nhk

52 2309 103 2334 est
120 2314 233 2337 eorum
253 2307 324 2338 0πό
339 2320 344 2338 ;
370 2319 487 2340 eorum
505 2317 557 2341 est
573 2312 663 2352 vulg.
766 2315 822 2353 qui
840 2325 908 2346 non
929 2316 960 2347 Ο
977 2316 1009 2356 (ξ
1028 2317 1071 2347 88
1087 2319 1204 2358 supra)

1232 2380 1292 2409 19*

1254 2401 1271 2410 -t
