1600 2704
124 133 176 162 22
197 139 240 171 49
562 125 619 162 M.
651 124 819 162 TVLLI
851 123 1158 163 CICERONIS

193 232 385 283 cuiusque
415 233 466 271 de
495 231 600 271 varia
630 231 881 282 improbitate
906 232 1057 282 generis
1089 230 1233 270 indicia
1261 233 1367 282 apud
1387 245 1456 272 vos
1486 240 1525 272 et

191 299 369 348 exempla
403 298 568 348 profero.
640 297 785 346 Neque
814 297 919 334 enim
949 295 1002 334 ita
1031 309 1072 335 se
1101 297 1219 346 gessit
1249 297 1289 334 in
1317 297 1376 335 his
1408 298 1524 336 rebus

189 370 392 413 tamquam
424 361 616 400 rationem
641 360 855 410 aliquando
886 368 987 399 esset
1018 360 1252 407 redditurus,
1275 362 1345 399 sed
1369 374 1525 411 prorsus

189 427 241 465 ita
271 426 383 478 quasi
412 433 480 465 aut
510 438 598 464 reus
628 437 847 475 numquam
869 432 971 463 esset
1000 426 1162 471 futurus,
1194 432 1272 472 aut,
1305 438 1385 475 quo
1415 427 1525 476 plura

189 492 424 538 abstulisset,
448 504 496 530 eo
525 490 677 529 minore
701 488 876 540 periculo
901 490 940 527 in
971 488 1161 528 iudicium
1181 497 1368 528 venturus
1400 498 1501 528 esset
1515 505 1526 539 3
1545 508 1561 540 5

189 556 256 607 qui
277 558 375 595 haec
396 568 498 606 quae
525 554 617 593 dico
641 554 718 592 iam
747 566 829 593 non
853 555 1017 601 occulte,
1045 567 1125 592 non
1146 567 1215 604 per
1237 555 1386 593 amicos
1407 563 1525 604 atque

188 622 429 670 interpretes,
453 619 524 658 sed
551 619 681 669 palam
708 619 759 657 de
786 619 876 657 loco
903 617 1100 668 superiore
1119 626 1249 668 ageret
1270 632 1340 669 pro
1360 619 1524 668 imperio

190 692 228 723 et
248 692 455 735 potestate.

116 730 169 821 Z}
243 749 427 789 Catinam
476 762 566 788 cum
614 749 795 795 venisset,
837 747 1029 798 oppidum
1073 749 1259 798 locuples,
1299 750 1524 797 honestum,

188 815 405 864 copiosum,
434 813 765 864 Dionysiarchum
791 814 843 851 ad
874 826 915 851 se
945 825 1190 863 proagorum,
1224 814 1300 852 hoc
1334 822 1392 852 est
1422 827 1524 853 sum·
1546 827 1585 850 10

189 891 298 916 mum
329 879 609 928 magistratum,
633 876 763 916 vocari
787 877 896 915 iubet
911 890 922 924 3
950 875 985 915 ei
1006 878 1135 927 palam
1156 876 1321 927 imperat
1342 886 1384 916 ut
1404 891 1524 918 omne

188 951 393 994 argentum
415 944 523 994 quod
543 943 651 993 apud
671 954 871 992 quemque
891 949 993 980 esset
1022 942 1186 981 Catinae
1207 942 1523 992 conquirendum

187 1016 338 1048 curaret
371 1015 409 1047 et
437 1009 489 1047 ad
519 1021 560 1046 se
589 1008 859 1046 adferendum.
920 1007 1183 1056 Phylarchum
1205 1007 1521 1058 Centuripinum,

189 1075 358 1123 primum
391 1072 594 1111 hominem
624 1085 775 1122 genere,
802 1072 954 1118 virtute,
986 1071 1165 1121 pecunia,
1197 1085 1277 1110 non
1310 1073 1386 1111 hoc
1417 1072 1523 1111 idem

188 1139 357 1176 iuratum
396 1137 526 1176 dicere
563 1135 740 1182 audistis,
781 1135 853 1174 sibi
889 1137 1005 1173 istum
1040 1137 1242 1186 negotium
1277 1137 1433 1175 dedisse
1471 1145 1524 1175 at-
1546 1150 1582 1182 15

187 1215 265 1252 que
303 1203 516 1253 imperasse
555 1208 598 1240 ut
638 1202 916 1251 Centuripinis,
949 1201 989 1239 in
1021 1201 1176 1240 civitate
1211 1201 1330 1240 totius
1370 1201 1523 1241 Siciliae

188 1268 313 1306 multo
344 1267 513 1305 maxima
546 1273 584 1305 et
615 1265 932 1316 locupletissima,
970 1279 1089 1305 omne
1122 1274 1328 1316 argentum
1363 1267 1524 1317 conqui-

187 1339 286 1370 reret
313 1339 350 1370 et
374 1332 425 1371 ad
451 1344 492 1370 se
519 1331 755 1380 comportari
786 1330 970 1369 iuberet?
1036 1332 1181 1381 Agyrio
1208 1331 1383 1370 similiter
1412 1332 1522 1370 istius

187 1395 352 1446 imperio
391 1408 481 1434 vasa
521 1394 726 1435 Corinthia
764 1407 833 1444 per
870 1396 1172 1445 Apollodorum,
1214 1409 1334 1445 quem
1382 1403 1522 1435 testem

127 1473 163 1505 51
185 1460 360 1508 audistis,
388 1462 598 1511 Syracusas
629 1460 835 1510 deportata
859 1466 961 1498 sunt.
1023 1461 1095 1498 Illa
1120 1473 1211 1498 vero
1236 1460 1386 1510 optima
1415 1459 1519 1514 [est],
1543 1476 1582 1498 20

186 1526 306 1575 quod,
329 1538 421 1563 cum
443 1524 681 1563 Haluntium
696 1523 866 1563 venisset
883 1532 1037 1574 praetor
1052 1525 1270 1564 laboriosus
1286 1532 1324 1564 et
1340 1525 1518 1576 diligens,

186 1589 269 1640 ipse
289 1589 329 1627 in
350 1589 543 1640 oppidum
570 1588 696 1628 noluit
722 1589 922 1636 accedere,
947 1590 1055 1639 quod
1077 1597 1156 1628 erat
1177 1589 1324 1629 difficili
1354 1603 1520 1629 ascensu

184 1662 303 1703 atque
349 1655 484 1701 arduo,
525 1655 821 1703 Archagathum
867 1654 1144 1702 Haluntinum,
1184 1656 1386 1694 hominem
1439 1670 1520 1695 non

185 1720 312 1757 solum
333 1718 454 1766 domi,
477 1720 547 1757 sed
568 1725 650 1757 tota
670 1717 801 1757 Sicilia
821 1719 860 1757 in
882 1718 1015 1769 primis
1036 1719 1223 1767 nobilem,
1245 1721 1375 1758 vocari
1396 1720 1516 1759 iussit.

186 1783 234 1821 Ei
264 1783 466 1833 negotium
496 1783 606 1823 dedit
626 1791 678 1830 ut,
703 1783 897 1834 quidquid
929 1784 1097 1822 Halunti
1127 1793 1229 1823 esset
1258 1786 1407 1835 argenti
1437 1800 1519 1826 cae·
1540 1799 1578 1831 ²5

184 1848 250 1886 lati
271 1856 338 1886 aut
359 1848 390 1887 si
411 1848 507 1899 quid
527 1848 644 1887 etiam
663 1848 971 1897 Corinthiorum,
988 1849 1028 1888 id
1049 1862 1168 1888 omne
1189 1849 1319 1888 statim
1340 1852 1391 1889 ad
1413 1865 1519 1890 mare
1572 1846 1576 1849 ’

184 1929 230 1954 ex
251 1915 400 1966 oppido
421 1917 702 1966 deportaretur.
752 1915 942 1954 Escendit
963 1915 1002 1953 in
1023 1915 1215 1966 oppidum
1231 1916 1515 1966 Archagathus.
1597 1950 1600 1969 ¹

185 1982 324 2018 Homo
340 1980 494 2028 nobilis,
518 1980 584 2030 qui
605 1994 628 2018 a
647 1979 726 2019 suis
752 1980 873 2018 amari
895 1987 932 2018 et
953 1980 1060 2030 diligi
1082 1981 1211 2027 vellet,
1231 1981 1378 2019 ferebat
1398 1981 1518 2031 gravi·
1597 1980 1600 1982 ’

183 2052 240 2084 ter
271 2045 376 2084 illam
408 2045 482 2084 sibi
512 2045 563 2084 ab
595 2045 670 2084 isto
695 2044 938 2096 provinciam
969 2046 1114 2091 datam,
1145 2057 1218 2083 nec
1248 2044 1344 2094 quid
1373 2046 1517 2084 faceret
1594 2029 1600 2101 ξ

184 2111 380 2159 habebat;
428 2111 654 2162 pronuntiat
694 2111 790 2161 quid
829 2110 903 2149 sibi
951 2110 1185 2161 imperatum
1233 2118 1360 2158 esset,-
1406 2111 1515 2149 iubet
1534 2104 1599 2181 303

184 2175 311 2213 omnis
341 2177 510 2226 proferre
536 2177 643 2226 quod
671 2176 871 2214 haberent.
934 2176 1068 2214 Metus
1093 2182 1174 2214 erat
1199 2188 1376 2213 summus
1391 2190 1401 2223 5
1431 2175 1513 2225 ipse
1591 2191 1595 2219 ,ι

184 2238 288 2276 enim
328 2248 513 2289 tyrannus
544 2254 624 2279 non
665 2240 894 2279 discedebat
925 2239 1079 2289 longius
1097 2253 1108 2287 3
1150 2240 1444 2290 Archagathum
1475 2248 1513 2278 et

231 2353 277 2373 10.
299 2353 332 2373 11
359 2345 422 2374 hoc
443 2370 446 2373 .
468 2368 475 2376 .
497 2370 504 2377 .
523 2346 754 2384 magistratum
772 2345 839 2376 secl.
859 2344 958 2382 Bake,
976 2345 1097 2385 jacoby
1232 2355 1274 2375 20
1299 2350 1349 2376 est
1366 2345 1433 2376 secl.
1454 2348 1514 2375 aut

185 2396 248 2416 (tm.
268 2386 336 2417 cdd.
351 2391 427 2426 pos!
447 2387 642 2419 Viclorsttm:
667 2390 791 2428 optima
819 2399 872 2419 res
901 2395 951 2419 est
979 2388 1069 2418 Koch
1236 2389 1278 2418 26
1302 2388 1334 2418 id
1351 2387 1509 2419 Holom.2

1590 2223 1594 2257 l

1585 2322 1591 2417 l

186 2435 219 2458 ut
237 2429 323 2460 codd.
460 2442 499 2469 27
525 2433 675 2462 escendit
694 2433 777 2471 R³pz
803 2433 953 2462 ascendit
971 2430 1088 2470 R²Sq5
1585 2423 1589 2451 ὸ

1582 2504 1586 2541 l
