1600 2704
110 133 166 172 39
186 139 230 173 90
556 124 612 161 M.
645 124 813 161 TVLLI
844 122 1149 162 CICERONIS

109 409 165 448 40

123 470 161 503 91

186 236 400 274 darentur?
456 237 511 274 At
558 247 772 285 permagno
820 235 1009 272 decumas
1048 232 1131 271 eius
1169 231 1248 282 agri
1287 231 1509 271 vendidisti.

184 299 380 339 Videlicet
409 298 594 349 gloriatur
624 312 704 337 non
734 297 927 348 Turpioni
958 299 1109 337 lucrum
1144 297 1281 336 datum
1316 309 1411 343 esse,
1443 298 1513 337 sed

186 364 351 404 Petrinis
372 363 582 415 pecuniam
603 370 789 414 ereptam.

240 429 381 478 Quid?
425 428 695 478 Halicyenses,
719 440 886 477 quorum
914 426 1067 466 incolae
1097 427 1284 465 decumas
1308 426 1414 472 dant,
1438 425 1511 476 ipsi

184 507 296 545 agros
326 492 513 531 immunis
541 493 699 539 habent,
730 505 864 531 nonne
898 491 990 530 huic
1023 491 1151 529 eidem
1187 490 1393 540 Turpioni,
1420 502 1512 528 cum
1532 502 1550 534 5

185 560 377 597 decumae
397 569 420 595 c
443 557 545 595 med.
567 556 777 602 venissent,
798 555 868 593 HS
890 557 946 593 ff
968 556 1060 594 dare
1087 554 1213 593 coacti
1235 555 1354 592 sunt?
1410 553 1450 593 Si
1471 553 1512 593 id

186 624 294 673 quod
316 621 484 660 maxime
504 620 561 659 vis
582 633 718 670 posses
739 621 914 670 probare,
939 621 1037 658 haec
1058 620 1109 658 ad
1131 620 1374 658 decumanos
1404 620 1512 657 lucra

184 687 349 734 venisse,
372 686 469 724 nihil
490 692 528 724 te
548 685 731 735 attigisse,
751 693 884 724 tamen
904 686 979 723 hae
996 684 1188 735 pecuniae
1209 697 1276 733 per
1292 683 1372 721 vim
1393 691 1511 733 atque

184 751 364 790 iniuriam
386 758 493 789 tuam
511 757 648 801 captae
669 757 707 789 et
724 750 955 789 conciliatae
971 749 1042 788 tibi
1061 748 1186 787 fraudi
1203 761 1249 786 ac
1266 747 1512 787 damnationi

183 830 268 856 esse
295 816 485 855 deberent
503 829 514 863 3
542 828 633 853 cum
655 827 747 853 vero
771 816 847 853 hoc
872 813 1019 852 nemini
1048 813 1282 864 persuadere
1307 811 1444 862 possis,
1472 819 1511 850 te
1534 827 1575 851 ro

183 890 262 921 tam
294 888 494 919 amentem
526 879 645 918 fuisse
677 886 719 917 ut
752 878 973 929 Apronium
1008 885 1047 916 et
1087 875 1342 927 Turpionem,
1380 889 1510 915 servos

184 946 380 994 homines,
393 953 461 984 tuo
482 944 729 994 liberumque
751 951 907 982 tuorum
929 942 1104 993 periculo
1122 942 1261 981 divites
1283 941 1364 980 fieri
1380 943 1509 989 velles,

183 1010 454 1050 dubitaturum
476 1022 716 1060 quemquam
739 1007 936 1048 existimas
959 1007 1054 1058 quin
1077 1006 1150 1045 illis
1185 1006 1392 1046 emissariis
1414 1008 1512 1046 haec

122 1088 162 1121 92
184 1075 254 1114 tibi
289 1074 418 1114 omnis
449 1073 617 1125 pecunia
651 1073 828 1123 quaesita
860 1072 941 1111 sit?
999 1074 1199 1122 Segestam
1236 1071 1329 1110 item
1360 1073 1412 1110 ad
1443 1071 1511 1109 im-

184 1153 345 1179 munem
366 1139 564 1178 civitatem
585 1137 779 1176 Venerius
809 1138 1068 1187 Symmachus
1102 1138 1346 1175 decumanus
1368 1135 1511 1175 immit-
1534 1151 1570 1183 15

181 1204 284 1243 titur.
344 1205 383 1243 Is
404 1204 454 1242 ab
475 1204 550 1242 isto
569 1202 715 1241 litteras
736 1202 872 1249 adfert,
897 1208 939 1239 ut
961 1200 1034 1239 sibi
1052 1208 1188 1240 contra
1205 1200 1339 1239 onmia
1353 1209 1509 1240 senatus

181 1270 372 1316 consulta,
406 1275 542 1307 contra
579 1266 713 1306 omnia
751 1265 843 1314 iura,
885 1272 1101 1315 contraque
1141 1266 1269 1315 legem
1309 1265 1510 1315 Rupiliam

181 1342 286 1372 extra
315 1334 443 1371 forum
473 1331 745 1370 vadimonium
776 1329 1005 1381 promittant
1036 1337 1216 1368 aratores.
1276 1328 1426 1368 Audite
1455 1329 1512 1368 lit-

179 1406 280 1437 teras
309 1410 407 1448 quas
441 1398 492 1436 ad
522 1398 755 1447 Segestanos
788 1395 946 1434 miserit.
1012 1397 1227 1435 LITTERAE
1256 1396 1301 1436 C.
1334 1397 1508 1436 VERRIS.

181 1463 261 1502 Hic
290 1462 484 1502 Venerius
514 1474 633 1512 quem
664 1462 716 1500 ad
752 1462 916 1500 modum
949 1468 1119 1500 aratores
1155 1460 1321 1509 eluserit,
1354 1475 1401 1501 ex
1432 1476 1511 1502 una
1533 1477 1573 1500 20

179 1527 363 1578 pactione
383 1526 556 1566 hominis
586 1524 741 1564 honesti
767 1524 1005 1576 gratiosique
1027 1525 1278 1577 cognoscite3
1307 1525 1347 1565 in
1368 1527 1510 1566 eodem

115 1606 159 1639 93
180 1592 287 1632 enirn
328 1605 471 1643 genere
518 1598 609 1630 sunt
652 1598 790 1630 cetera.
855 1591 1015 1630 Diocles
1064 1599 1122 1631 est
1167 1591 1508 1640 Panhormitanus,

180 1658 340 1697 Phimes
369 1656 617 1707 cognomine,
651 1658 773 1696 homo
804 1656 974 1697 inlustris
1004 1671 1050 1698 ac
1083 1659 1237 1698 nobilis.
1298 1660 1445 1698 Arabat
1480 1657 1512 1696 is

175 1735 312 1773 agrum
343 1722 587 1760 conductum
617 1720 657 1759 in
690 1723 906 1771 Segestano
922 1738 932 1771 3
964 1737 1055 1762 nam
1088 1724 1369 1763 commercium
1401 1723 1442 1762 in
1463 1736 1511 1762 eo

177 1800 270 1836 agro
291 1786 439 1825 nemini
460 1794 542 1834 est;
572 1789 816 1827 conductum
843 1789 1015 1829 habebat
1038 1790 1107 1829 HS
1131 1804 1197 1830 sex
1218 1790 1386 1830 milibus.
1434 1791 1511 1829 Pro
1533 1803 1570 1837 25

176 1853 357 1897 decuma,
390 1864 480 1890 cum
511 1854 687 1902 pulsatus
708 1867 731 1893 a
753 1855 924 1895 Venerio
958 1863 1073 1904 esset,
1103 1856 1251 1896 decidit
1281 1856 1351 1894 HS
1379 1856 1450 1894 x—v‘l
1473 1863 1511 1895 et
1565 1861 1568 1864 ’
1598 1857 1600 1875 ³

178 1916 376 1956 medimnis
396 1928 555 1956 DCL1111.
618 1920 667 1958 Id
688 1934 735 1959 ex
758 1922 900 1961 tabulis
923 1922 1043 1973 ipsius
1067 1922 1301 1974 cognoscite.
1350 1923 1512 1961 NOMEN
1595 1969 1596 1975 ἵ

180 1983 353 2020 Diocms
384 1984 733 2024 PANHORMITANI.
802 1987 910 2026 Huic
942 1987 1071 2026 eidem
1103 1989 1343 2038 Symmacho
1364 1987 1408 2028 C.
1433 1989 1512 2027 An·
1591 1983 1600 2048 i

178 2060 299 2086 naeus
321 2050 523 2089 Brocchus
550 2058 716 2098 senator,
741 2052 863 2091 homo
885 2065 933 2091 eo
956 2054 1176 2103 splendore,
1200 2066 1246 2092 ea
1265 2052 1415 2099 virtute,
1432 2063 1510 2102 qua
1590 2050 1600 2101 {j

175 2125 316 2151 omnes
338 2112 576 2163 existimatis,
608 2129 793 2155 nummos
823 2124 974 2167 praeter
1002 2118 1241 2156 frumentum
1270 2125 1430 2156 coactus
1451 2122 1509 2155 est
1528 2124 1570 2157 30
1588 2108 1600 2181 {i

1586 2173 1600 2232 Ji

222 2228 242 2257 9
267 2223 299 2248 et
317 2218 386 2250 secl.
410 2218 522 2251 Muell.
548 2219 579 2257 (ξ
603 2230 638 2258 71
660 2221 801 2259 supr-al
795 2245 800 2250 .
827 2225 918 2251 esset
938 2220 968 2252 Ο
1158 2231 1192 2251 ΙΙ
1220 2227 1254 2252 et
1274 2220 1327 2252 Ο
1323 2245 1327 2250 .
1351 2226 1425 2260 acp
1443 2220 1509 2251 rell.
1586 2225 1590 2257 1

182 2271 219 2299 17
245 2266 359 2292 contra
379 2263 489 2293 omnia
508 2263 580 2293 iura
596 2273 662 2294 om.
685 2263 736 2303 Op
755 2263 818 2297 (hic
833 2268 862 2294 et
876 2274 948 2295 sen.
970 2264 1080 2299 cons)
1213 2274 1253 2294 22
1278 2263 1365 2294 enim
1379 2269 1404 2303 p
1422 2264 1484 2295 rell.
1503 2275 1508 2293 :
1584 2258 1600 2283 '²-

179 2314 243 2335 om.
268 2304 298 2335 O
413 2314 453 2343 23
478 2306 598 2336 nobilis
617 2306 665 2336 cO
683 2318 688 2336 :
715 2306 834 2337 nobilis
852 2311 1001 2346 aratorp
1019 2306 1084 2338 rell.
1104 2309 1182 2339 (om.
1203 2307 1342 2343 Arabat)
1468 2317 1509 2346 25

179 2347 245 2378 Pro
265 2349 405 2379 decuma
422 2358 486 2380 om.
510 2348 557 2379 cO
634 2350 676 2379 26
700 2350 825 2380 decidit
842 2349 909 2381 cO:
935 2350 1027 2380 dedit
1045 2349 1110 2381 rell.
1186 2359 1225 2388 27
1251 2349 1425 2380 medimnis
1441 2360 1505 2381 om.

175 2389 264 2421 codd.
407 2390 511 2430 ipsius
528 2391 650 2422 tabulis
669 2391 699 2423 O
