<?xml version="1.0" encoding="UTF-8"?>
<!DOCTYPE html PUBLIC "-//W3C//DTD XHTML 1.0 Transitional//EN"
    "http://www.w3.org/TR/xhtml1/DTD/xhtml1-transitional.dtd">
<html xmlns="http://www.w3.org/1999/xhtml" xml:lang="en" lang="en">
 <head>
  <title>
</title>
<meta http-equiv="Content-Type" content="text/html;charset=utf-8" />
  <meta name='ocr-system' content='tesseract 3.04.00' />
  <meta name='ocr-capabilities' content='ocr_page ocr_carea ocr_par ocr_line ocrx_word'/>
</head>
<body>
  <div class='ocr_page' id='page_1' title='image "./orationesrecogno02ciceuoft/orationesrecogno02ciceuoft_0145.png"; bbox 0 0 1600 2704; ppageno 0'>
   <div class='ocr_carea' id='block_1_1' title="bbox 73 79 1529 164">
    <p class='ocr_par' dir='ltr' id='par_1_1' title="bbox 73 79 1529 164">
     <span class='ocr_line' id='line_1_1' title="bbox 73 79 1529 164; baseline -0.003 -7"><span class='ocrx_word' id='word_1_1' title='bbox 73 120 342 158; x_wconf 85' lang='lat' dir='ltr'>ACTIONIS</span> <span class='ocrx_word' id='word_1_2' title='bbox 373 120 435 157; x_wconf 88' lang='lat' dir='ltr'><strong>IN</strong></span> <span class='ocrx_word' id='word_1_3' title='bbox 466 119 510 159; x_wconf 86' lang='lat' dir='ltr'><strong>c.</strong></span> <span class='ocrx_word' id='word_1_4' title='bbox 536 120 779 157; x_wconf 80' lang='lat' dir='ltr'><strong>VERREM</strong></span> <span class='ocrx_word' id='word_1_5' title='bbox 810 119 1111 158; x_wconf 83' lang='lat' dir='ltr'><strong>SECVNDAE</strong></span> <span class='ocrx_word' id='word_1_6' title='bbox 1143 119 1246 156; x_wconf 84' lang='lat' dir='ltr'><strong>LIB.</strong></span> <span class='ocrx_word' id='word_1_7' title='bbox 1271 119 1290 156; x_wconf 92' lang='lat'>1</span> <span class='ocrx_word' id='word_1_8' title='bbox 1347 79 1487 164; x_wconf 53' lang='lat'>4812}</span> <span class='ocrx_word' id='word_1_9' title='bbox 1515 93 1529 110; x_wconf 69' lang='lat'><strong><em>⁵</em></strong></span> 
     </span>
    </p>
   </div>
   <div class='ocr_carea' id='block_1_2' title="bbox 4 229 1485 2086">
    <p class='ocr_par' dir='ltr' id='par_1_2' title="bbox 4 229 1485 2086">
     <span class='ocr_line' id='line_1_2' title="bbox 72 229 1402 280; baseline 0 -13"><span class='ocrx_word' id='word_1_10' title='bbox 72 229 306 268; x_wconf 82' lang='lat' dir='ltr'><strong>hereditates</strong></span> <span class='ocrx_word' id='word_1_11' title='bbox 337 232 463 269; x_wconf 89' lang='lat' dir='ltr'><strong>valere</strong></span> <span class='ocrx_word' id='word_1_12' title='bbox 494 243 594 280; x_wconf 90' lang='lat' dir='ltr'><strong>quae</strong></span> <span class='ocrx_word' id='word_1_13' title='bbox 623 238 714 269; x_wconf 90' lang='lat' dir='ltr'><strong>ante</strong></span> <span class='ocrx_word' id='word_1_14' title='bbox 743 243 833 269; x_wconf 91' lang='lat' dir='ltr'><strong>eum</strong></span> <span class='ocrx_word' id='word_1_15' title='bbox 864 237 1083 280; x_wconf 87' lang='lat' dir='ltr'><strong>praetorem</strong></span> <span class='ocrx_word' id='word_1_16' title='bbox 1114 229 1312 268; x_wconf 90' lang='lat' dir='ltr'><strong>venissent</strong></span> <span class='ocrx_word' id='word_1_17' title='bbox 1328 244 1338 277; x_wconf 75' lang='lat'><em>3</em></span> <span class='ocrx_word' id='word_1_18' title='bbox 1371 229 1402 267; x_wconf 88' lang='lat' dir='ltr'><strong>si</strong></span> 
     </span>
     <span class='ocr_line' id='line_1_3' title="bbox 72 293 1402 343; baseline 0 -12"><span class='ocrx_word' id='word_1_19' title='bbox 72 295 147 332; x_wconf 92' lang='lat' dir='ltr'><strong>hoc</strong></span> <span class='ocrx_word' id='word_1_20' title='bbox 185 302 269 332; x_wconf 89' lang='lat' dir='ltr'><strong>turn</strong></span> <span class='ocrx_word' id='word_1_21' title='bbox 308 294 444 332; x_wconf 88' lang='lat' dir='ltr'><strong>fuisset</strong></span> <span class='ocrx_word' id='word_1_22' title='bbox 483 294 668 342; x_wconf 80' lang='lat' dir='ltr'><strong>edictum,</strong></span> <span class='ocrx_word' id='word_1_23' title='bbox 711 295 874 333; x_wconf 80' lang='lat' dir='ltr'><strong>fortasse</strong></span> <span class='ocrx_word' id='word_1_24' title='bbox 914 293 1098 343; x_wconf 86' lang='lat' dir='ltr'><strong>Ligurem</strong></span> <span class='ocrx_word' id='word_1_25' title='bbox 1141 294 1402 332; x_wconf 87' lang='lat' dir='ltr'><strong>hereditatem</strong></span> 
     </span>
     <span class='ocr_line' id='line_1_4' title="bbox 70 357 1401 408; baseline 0 -13"><span class='ocrx_word' id='word_1_26' title='bbox 70 357 267 396; x_wconf 90' lang='lat' dir='ltr'><strong>aditurum</strong></span> <span class='ocrx_word' id='word_1_27' title='bbox 297 371 378 397; x_wconf 93' lang='lat' dir='ltr'><strong>non</strong></span> <span class='ocrx_word' id='word_1_28' title='bbox 405 358 534 397; x_wconf 87' lang='lat' dir='ltr'><strong>fuisse.</strong></span> <span class='ocrx_word' id='word_1_29' title='bbox 593 360 735 408; x_wconf 88' lang='lat' dir='ltr'><strong>Aequa</strong></span> <span class='ocrx_word' id='word_1_30' title='bbox 760 358 984 408; x_wconf 81' lang='lat' dir='ltr'><strong>postulatio,</strong></span> <span class='ocrx_word' id='word_1_31' title='bbox 1012 371 1167 396; x_wconf 88' lang='lat' dir='ltr'><strong>summa</strong></span> <span class='ocrx_word' id='word_1_32' title='bbox 1193 358 1401 396; x_wconf 88' lang='lat' dir='ltr'><strong>hominum</strong></span> 
     </span>
     <span class='ocr_line' id='line_1_5' title="bbox 70 422 1485 473; baseline 0.001 -14"><span class='ocrx_word' id='word_1_33' title='bbox 70 422 280 461; x_wconf 85' lang='lat' dir='ltr'><strong>auctoritas</strong></span> <span class='ocrx_word' id='word_1_34' title='bbox 307 423 431 473; x_wconf 91' lang='lat' dir='ltr'><strong>pretio</strong></span> <span class='ocrx_word' id='word_1_35' title='bbox 459 423 724 473; x_wconf 85' lang='lat' dir='ltr'><strong>superabatur.</strong></span> <span class='ocrx_word' id='word_1_36' title='bbox 784 423 905 461; x_wconf 85' lang='lat' dir='ltr'><strong>Venit</strong></span> <span class='ocrx_word' id='word_1_37' title='bbox 938 425 1110 461; x_wconf 85' lang='lat' dir='ltr'><strong>Romam</strong></span> <span class='ocrx_word' id='word_1_38' title='bbox 1142 423 1286 473; x_wconf 81' lang='lat' dir='ltr'><strong>Ligus3</strong></span> <span class='ocrx_word' id='word_1_39' title='bbox 1320 436 1401 461; x_wconf 89' lang='lat' dir='ltr'><strong>non</strong></span> <span class='ocrx_word' id='word_1_40' title='bbox 1425 429 1485 461; x_wconf 86' lang='lat'><strong>126</strong></span> 
     </span>
     <span class='ocr_line' id='line_1_6' title="bbox 31 487 1399 538; baseline 0.001 -14"><span class='ocrx_word' id='word_1_41' title='bbox 31 501 49 532; x_wconf 83' lang='lat'><strong>5</strong></span> <span class='ocrx_word' id='word_1_42' title='bbox 70 487 277 525; x_wconf 85' lang='lat' dir='ltr'><strong>dubitabat</strong></span> <span class='ocrx_word' id='word_1_43' title='bbox 293 487 400 537; x_wconf 91' lang='lat' dir='ltr'><strong>quin,</strong></span> <span class='ocrx_word' id='word_1_44' title='bbox 419 487 449 525; x_wconf 89' lang='lat' dir='ltr'><strong>si</strong></span> <span class='ocrx_word' id='word_1_45' title='bbox 470 487 554 537; x_wconf 88' lang='lat' dir='ltr'><strong>ipse</strong></span> <span class='ocrx_word' id='word_1_46' title='bbox 567 489 730 526; x_wconf 88' lang='lat' dir='ltr'><strong>Verrem</strong></span> <span class='ocrx_word' id='word_1_47' title='bbox 753 488 1014 536; x_wconf 88' lang='lat' dir='ltr'><strong>convenisset,</strong></span> <span class='ocrx_word' id='word_1_48' title='bbox 1033 488 1231 538; x_wconf 86' lang='lat' dir='ltr'><strong>aequitate</strong></span> <span class='ocrx_word' id='word_1_49' title='bbox 1247 501 1399 535; x_wconf 86' lang='lat' dir='ltr'><strong>causae,</strong></span> 
     </span>
     <span class='ocr_line' id='line_1_7' title="bbox 68 550 1401 602; baseline 0.002 -13"><span class='ocrx_word' id='word_1_50' title='bbox 68 550 300 590; x_wconf 86' lang='lat' dir='ltr'><strong>auctoritate</strong></span> <span class='ocrx_word' id='word_1_51' title='bbox 324 564 394 590; x_wconf 86' lang='lat' dir='ltr'><strong>sua</strong></span> <span class='ocrx_word' id='word_1_52' title='bbox 421 564 671 590; x_wconf 90' lang='lat' dir='ltr'><strong>commovere</strong></span> <span class='ocrx_word' id='word_1_53' title='bbox 703 551 907 590; x_wconf 92' lang='lat' dir='ltr'><strong>hominem</strong></span> <span class='ocrx_word' id='word_1_54' title='bbox 938 560 1081 602; x_wconf 85' lang='lat' dir='ltr'><strong>posset.</strong></span> <span class='ocrx_word' id='word_1_55' title='bbox 1145 554 1323 591; x_wconf 87' lang='lat' dir='ltr'><strong>Domum</strong></span> <span class='ocrx_word' id='word_1_56' title='bbox 1349 553 1401 591; x_wconf 91' lang='lat' dir='ltr'><strong>ad</strong></span> 
     </span>
     <span class='ocr_line' id='line_1_8' title="bbox 68 615 1399 667; baseline 0.002 -14"><span class='ocrx_word' id='word_1_57' title='bbox 68 628 160 653; x_wconf 89' lang='lat' dir='ltr'><strong>eum</strong></span> <span class='ocrx_word' id='word_1_58' title='bbox 193 615 310 663; x_wconf 88' lang='lat' dir='ltr'><strong>venit,</strong></span> <span class='ocrx_word' id='word_1_59' title='bbox 346 629 427 654; x_wconf 92' lang='lat' dir='ltr'><strong>rem</strong></span> <span class='ocrx_word' id='word_1_60' title='bbox 462 617 717 663; x_wconf 91' lang='lat' dir='ltr'><strong>demonstrat,</strong></span> <span class='ocrx_word' id='word_1_61' title='bbox 752 629 872 666; x_wconf 89' lang='lat' dir='ltr'><strong>quam</strong></span> <span class='ocrx_word' id='word_1_62' title='bbox 907 617 1059 667; x_wconf 89' lang='lat' dir='ltr'><strong>pridem</strong></span> <span class='ocrx_word' id='word_1_63' title='bbox 1095 616 1169 656; x_wconf 84' lang='lat' dir='ltr'><strong>sibi</strong></span> <span class='ocrx_word' id='word_1_64' title='bbox 1203 616 1399 656; x_wconf 88' lang='lat' dir='ltr'><strong>hereditas</strong></span> 
     </span>
     <span class='ocr_line' id='line_1_9' title="bbox 68 679 1400 732; baseline 0.002 -15"><span class='ocrx_word' id='word_1_65' title='bbox 68 679 238 718; x_wconf 87' lang='lat' dir='ltr'><strong>venisset</strong></span> <span class='ocrx_word' id='word_1_66' title='bbox 276 681 418 728; x_wconf 76' lang='lat' dir='ltr'><strong>docet3</strong></span> <span class='ocrx_word' id='word_1_67' title='bbox 461 681 570 730; x_wconf 87' lang='lat' dir='ltr'><strong>quod</strong></span> <span class='ocrx_word' id='word_1_68' title='bbox 608 680 722 719; x_wconf 90' lang='lat' dir='ltr'><strong>facile</strong></span> <span class='ocrx_word' id='word_1_69' title='bbox 760 681 913 720; x_wconf 91' lang='lat' dir='ltr'><strong>homini</strong></span> <span class='ocrx_word' id='word_1_70' title='bbox 958 682 1163 732; x_wconf 87' lang='lat' dir='ltr'><strong>ingenioso</strong></span> <span class='ocrx_word' id='word_1_71' title='bbox 1202 682 1242 720; x_wconf 92' lang='lat' dir='ltr'><strong>in</strong></span> <span class='ocrx_word' id='word_1_72' title='bbox 1281 694 1400 719; x_wconf 86' lang='lat' dir='ltr'><strong>causa</strong></span> 
     </span>
     <span class='ocr_line' id='line_1_10' title="bbox 67 743 1398 795; baseline 0.003 -14"><span class='ocrx_word' id='word_1_73' title='bbox 67 743 305 793; x_wconf 87' lang='lat' dir='ltr'><strong>aequissima</strong></span> <span class='ocrx_word' id='word_1_74' title='bbox 338 745 421 792; x_wconf 88' lang='lat' dir='ltr'><strong>fuit,</strong></span> <span class='ocrx_word' id='word_1_75' title='bbox 458 746 581 783; x_wconf 90' lang='lat' dir='ltr'><strong>multa</strong></span> <span class='ocrx_word' id='word_1_76' title='bbox 607 758 709 795; x_wconf 87' lang='lat' dir='ltr'><strong>quae</strong></span> <span class='ocrx_word' id='word_1_77' title='bbox 743 746 922 795; x_wconf 88' lang='lat' dir='ltr'><strong>quemvis</strong></span> <span class='ocrx_word' id='word_1_78' title='bbox 954 759 1205 785; x_wconf 85' lang='lat' dir='ltr'><strong>commovere</strong></span> <span class='ocrx_word' id='word_1_79' title='bbox 1237 753 1398 795; x_wconf 87' lang='lat' dir='ltr'><strong>possent</strong></span> 
     </span>
     <span class='ocr_line' id='line_1_11' title="bbox 12 807 1397 860; baseline 0.003 -15"><span class='ocrx_word' id='word_1_80' title='bbox 12 818 50 842; x_wconf 90' lang='grc' dir='ltr'><strong>ιο</strong></span> <span class='ocrx_word' id='word_1_81' title='bbox 68 807 188 855; x_wconf 80' lang='lat' dir='ltr'><strong>dixit3</strong></span> <span class='ocrx_word' id='word_1_82' title='bbox 234 810 285 847; x_wconf 91' lang='lat' dir='ltr'><strong>ad</strong></span> <span class='ocrx_word' id='word_1_83' title='bbox 328 817 546 848; x_wconf 88' lang='lat' dir='ltr'><strong>extremum</strong></span> <span class='ocrx_word' id='word_1_84' title='bbox 593 817 726 859; x_wconf 87' lang='lat' dir='ltr'><strong>petere</strong></span> <span class='ocrx_word' id='word_1_85' title='bbox 774 810 905 860; x_wconf 89' lang='lat' dir='ltr'><strong>coepit</strong></span> <span class='ocrx_word' id='word_1_86' title='bbox 944 824 995 849; x_wconf 91' lang='lat' dir='ltr'><strong>ne</strong></span> <span class='ocrx_word' id='word_1_87' title='bbox 1034 824 1160 860; x_wconf 87' lang='lat' dir='ltr'><strong>usque</strong></span> <span class='ocrx_word' id='word_1_88' title='bbox 1199 823 1247 849; x_wconf 94' lang='lat' dir='ltr'><strong>eo</strong></span> <span class='ocrx_word' id='word_1_89' title='bbox 1286 824 1397 849; x_wconf 87' lang='lat' dir='ltr'><strong>suam</strong></span> 
     </span>
     <span class='ocr_line' id='line_1_12' title="bbox 66 872 1398 923; baseline 0.002 -14"><span class='ocrx_word' id='word_1_90' title='bbox 66 872 340 911; x_wconf 91' lang='lat' dir='ltr'><strong>auctoritatem</strong></span> <span class='ocrx_word' id='word_1_91' title='bbox 361 873 581 923; x_wconf 89' lang='lat' dir='ltr'><strong>despiceret</strong></span> <span class='ocrx_word' id='word_1_92' title='bbox 601 873 846 923; x_wconf 85' lang='lat' dir='ltr'><strong>gratiamque</strong></span> <span class='ocrx_word' id='word_1_93' title='bbox 868 882 1139 913; x_wconf 89' lang='lat' dir='ltr'><strong>contemneret</strong></span> <span class='ocrx_word' id='word_1_94' title='bbox 1159 882 1201 912; x_wconf 92' lang='lat' dir='ltr'><strong>ut</strong></span> <span class='ocrx_word' id='word_1_95' title='bbox 1223 887 1264 913; x_wconf 88' lang='lat' dir='ltr'><strong>se</strong></span> <span class='ocrx_word' id='word_1_96' title='bbox 1289 883 1398 913; x_wconf 86' lang='lat' dir='ltr'><strong>tanta</strong></span> 
     </span>
     <span class='ocr_line' id='line_1_13' title="bbox 65 935 1397 988; baseline 0.002 -14"><span class='ocrx_word' id='word_1_97' title='bbox 65 935 206 975; x_wconf 90' lang='lat' dir='ltr'><strong>iniuria</strong></span> <span class='ocrx_word' id='word_1_98' title='bbox 235 938 432 976; x_wconf 90' lang='lat' dir='ltr'><strong>adficeret.</strong></span> <span class='ocrx_word' id='word_1_99' title='bbox 493 939 631 975; x_wconf 91' lang='lat' dir='ltr'><strong>Homo</strong></span> <span class='ocrx_word' id='word_1_100' title='bbox 658 937 842 987; x_wconf 88' lang='lat' dir='ltr'><strong>Ligurem</strong></span> <span class='ocrx_word' id='word_1_101' title='bbox 871 951 1055 976; x_wconf 85' lang='lat' dir='ltr'><strong>accusare</strong></span> <span class='ocrx_word' id='word_1_102' title='bbox 1085 938 1227 988; x_wconf 91' lang='lat' dir='ltr'><strong>coepit,</strong></span> <span class='ocrx_word' id='word_1_103' title='bbox 1259 939 1327 988; x_wconf 86' lang='lat' dir='ltr'><strong>qui</strong></span> <span class='ocrx_word' id='word_1_104' title='bbox 1356 938 1397 976; x_wconf 88' lang='lat' dir='ltr'><strong>in</strong></span> 
     </span>
     <span class='ocr_line' id='line_1_14' title="bbox 65 1001 1397 1052; baseline 0.002 -13"><span class='ocrx_word' id='word_1_105' title='bbox 65 1014 106 1039; x_wconf 90' lang='lat' dir='ltr'><strong>re</strong></span> <span class='ocrx_word' id='word_1_106' title='bbox 134 1001 357 1040; x_wconf 89' lang='lat' dir='ltr'><strong>adventicia</strong></span> <span class='ocrx_word' id='word_1_107' title='bbox 384 1009 503 1051; x_wconf 88' lang='lat' dir='ltr'><strong>atque</strong></span> <span class='ocrx_word' id='word_1_108' title='bbox 533 1002 766 1041; x_wconf 89' lang='lat' dir='ltr'><strong>hereditaria</strong></span> <span class='ocrx_word' id='word_1_109' title='bbox 795 1010 873 1040; x_wconf 89' lang='lat' dir='ltr'><strong>tam</strong></span> <span class='ocrx_word' id='word_1_110' title='bbox 905 1002 1081 1052; x_wconf 89' lang='lat' dir='ltr'><strong>diligens,</strong></span> <span class='ocrx_word' id='word_1_111' title='bbox 1114 1010 1193 1040; x_wconf 88' lang='lat' dir='ltr'><strong>tam</strong></span> <span class='ocrx_word' id='word_1_112' title='bbox 1223 1010 1397 1041; x_wconf 86' lang='lat' dir='ltr'><strong>attentus</strong></span> 
     </span>
     <span class='ocr_line' id='line_1_15' title="bbox 66 1065 1396 1116; baseline 0 -12"><span class='ocrx_word' id='word_1_113' title='bbox 66 1074 169 1104; x_wconf 86' lang='lat' dir='ltr'><strong>esset</strong></span> <span class='ocrx_word' id='word_1_114' title='bbox 184 1080 194 1113; x_wconf 90' lang='lat'><strong>,·</strong></span> <span class='ocrx_word' id='word_1_115' title='bbox 223 1067 369 1105; x_wconf 90' lang='lat' dir='ltr'><strong>debere</strong></span> <span class='ocrx_word' id='word_1_116' title='bbox 395 1080 486 1105; x_wconf 92' lang='lat' dir='ltr'><strong>eum</strong></span> <span class='ocrx_word' id='word_1_117' title='bbox 513 1065 644 1105; x_wconf 89' lang='lat' dir='ltr'><strong>aiebat</strong></span> <span class='ocrx_word' id='word_1_118' title='bbox 669 1079 779 1104; x_wconf 86' lang='lat' dir='ltr'><strong>suam</strong></span> <span class='ocrx_word' id='word_1_119' title='bbox 811 1079 971 1116; x_wconf 86' lang='lat' dir='ltr'><strong>quoque</strong></span> <span class='ocrx_word' id='word_1_120' title='bbox 1002 1066 1194 1105; x_wconf 90' lang='lat' dir='ltr'><strong>rationem</strong></span> <span class='ocrx_word' id='word_1_121' title='bbox 1227 1068 1396 1114; x_wconf 84' lang='lat' dir='ltr'><strong>ducere3</strong></span> 
     </span>
     <span class='ocr_line' id='line_1_16' title="bbox 9 1130 1396 1180; baseline 0.001 -13"><span class='ocrx_word' id='word_1_122' title='bbox 9 1144 48 1177; x_wconf 85' lang='lat'><strong>15</strong></span> <span class='ocrx_word' id='word_1_123' title='bbox 67 1132 190 1169; x_wconf 89' lang='lat' dir='ltr'><strong>multa</strong></span> <span class='ocrx_word' id='word_1_124' title='bbox 224 1130 298 1169; x_wconf 91' lang='lat' dir='ltr'><strong>sibi</strong></span> <span class='ocrx_word' id='word_1_125' title='bbox 332 1143 431 1180; x_wconf 88' lang='lat' dir='ltr'><strong>opus</strong></span> <span class='ocrx_word' id='word_1_126' title='bbox 465 1143 561 1177; x_wconf 88' lang='lat' dir='ltr'><strong>esse,</strong></span> <span class='ocrx_word' id='word_1_127' title='bbox 598 1132 722 1168; x_wconf 91' lang='lat' dir='ltr'><strong>multa</strong></span> <span class='ocrx_word' id='word_1_128' title='bbox 755 1130 919 1169; x_wconf 89' lang='lat' dir='ltr'><strong>canibus</strong></span> <span class='ocrx_word' id='word_1_129' title='bbox 955 1130 1044 1177; x_wconf 88' lang='lat' dir='ltr'><strong>suis,</strong></span> <span class='ocrx_word' id='word_1_130' title='bbox 1087 1143 1186 1180; x_wconf 86' lang='lat' dir='ltr'><strong>quos</strong></span> <span class='ocrx_word' id='word_1_131' title='bbox 1219 1130 1321 1169; x_wconf 89' lang='lat' dir='ltr'><strong>circa</strong></span> <span class='ocrx_word' id='word_1_132' title='bbox 1355 1144 1396 1169; x_wconf 84' lang='lat' dir='ltr'><strong>se</strong></span> 
     </span>
     <span class='ocr_line' id='line_1_17' title="bbox 65 1195 1394 1245; baseline -0.001 -12"><span class='ocrx_word' id='word_1_133' title='bbox 65 1197 237 1234; x_wconf 89' lang='lat' dir='ltr'><strong>haberet.</strong></span> <span class='ocrx_word' id='word_1_134' title='bbox 297 1196 390 1234; x_wconf 93' lang='lat' dir='ltr'><strong>Non</strong></span> <span class='ocrx_word' id='word_1_135' title='bbox 429 1208 592 1245; x_wconf 87' lang='lat' dir='ltr'><strong>possum</strong></span> <span class='ocrx_word' id='word_1_136' title='bbox 630 1195 695 1233; x_wconf 90' lang='lat' dir='ltr'><strong>illa</strong></span> <span class='ocrx_word' id='word_1_137' title='bbox 734 1195 888 1245; x_wconf 91' lang='lat' dir='ltr'><strong>planius</strong></span> <span class='ocrx_word' id='word_1_138' title='bbox 926 1208 1237 1234; x_wconf 87' lang='lat' dir='ltr'><strong>commemorare</strong></span> <span class='ocrx_word' id='word_1_139' title='bbox 1276 1208 1394 1245; x_wconf 85' lang='lat' dir='ltr'><strong>quam</strong></span> 
     </span>
     <span class='ocr_line' id='line_1_18' title="bbox 63 1258 1480 1310; baseline -0.001 -13"><span class='ocrx_word' id='word_1_140' title='bbox 63 1259 195 1310; x_wconf 89' lang='lat' dir='ltr'><strong>ipsum</strong></span> <span class='ocrx_word' id='word_1_141' title='bbox 244 1258 430 1310; x_wconf 85' lang='lat' dir='ltr'><strong>Ligurem</strong></span> <span class='ocrx_word' id='word_1_142' title='bbox 470 1272 542 1310; x_wconf 92' lang='lat' dir='ltr'><strong>pro</strong></span> <span class='ocrx_word' id='word_1_143' title='bbox 590 1258 818 1298; x_wconf 85' lang='lat' dir='ltr'><strong>testimonio</strong></span> <span class='ocrx_word' id='word_1_144' title='bbox 866 1259 997 1298; x_wconf 89' lang='lat' dir='ltr'><strong>dicere</strong></span> <span class='ocrx_word' id='word_1_145' title='bbox 1037 1259 1213 1298; x_wconf 88' lang='lat' dir='ltr'><strong>audistis.</strong></span> <span class='ocrx_word' id='word_1_146' title='bbox 1286 1259 1394 1307; x_wconf 84' lang='lat' dir='ltr'><strong>Quid</strong></span> <span class='ocrx_word' id='word_1_147' title='bbox 1419 1273 1480 1305; x_wconf 76' lang='lat'><strong>1²7</strong></span> 
     </span>
     <span class='ocr_line' id='line_1_19' title="bbox 63 1324 1391 1375; baseline -0.001 -13"><span class='ocrx_word' id='word_1_148' title='bbox 63 1332 132 1372; x_wconf 91' lang='lat' dir='ltr'><strong>est,</strong></span> <span class='ocrx_word' id='word_1_149' title='bbox 177 1325 349 1363; x_wconf 87' lang='lat' dir='ltr'><strong>Verres?</strong></span> <span class='ocrx_word' id='word_1_150' title='bbox 400 1332 531 1363; x_wconf 90' lang='lat' dir='ltr'><strong>utrum</strong></span> <span class='ocrx_word' id='word_1_151' title='bbox 573 1338 624 1363; x_wconf 90' lang='lat' dir='ltr'><strong>ne</strong></span> <span class='ocrx_word' id='word_1_152' title='bbox 671 1324 731 1363; x_wconf 87' lang='lat' dir='ltr'><strong>his</strong></span> <span class='ocrx_word' id='word_1_153' title='bbox 775 1325 937 1375; x_wconf 88' lang='lat' dir='ltr'><strong>quidem</strong></span> <span class='ocrx_word' id='word_1_154' title='bbox 986 1324 1151 1363; x_wconf 87' lang='lat' dir='ltr'><strong>testibus</strong></span> <span class='ocrx_word' id='word_1_155' title='bbox 1200 1325 1391 1371; x_wconf 87' lang='lat' dir='ltr'><strong>credetur,</strong></span> 
     </span>
     <span class='ocr_line' id='line_1_20' title="bbox 63 1389 1392 1440; baseline 0 -13"><span class='ocrx_word' id='word_1_156' title='bbox 63 1403 112 1427; x_wconf 88' lang='lat' dir='ltr'><strong>an</strong></span> <span class='ocrx_word' id='word_1_157' title='bbox 161 1391 259 1429; x_wconf 90' lang='lat' dir='ltr'><strong>haec</strong></span> <span class='ocrx_word' id='word_1_158' title='bbox 305 1391 356 1429; x_wconf 91' lang='lat' dir='ltr'><strong>ad</strong></span> <span class='ocrx_word' id='word_1_159' title='bbox 404 1403 485 1429; x_wconf 91' lang='lat' dir='ltr'><strong>rern</strong></span> <span class='ocrx_word' id='word_1_160' title='bbox 534 1403 615 1428; x_wconf 91' lang='lat' dir='ltr'><strong>non</strong></span> <span class='ocrx_word' id='word_1_161' title='bbox 663 1389 890 1440; x_wconf 85' lang='lat' dir='ltr'><strong>pertinent?</strong></span> <span class='ocrx_word' id='word_1_162' title='bbox 951 1403 1031 1429; x_wconf 92' lang='lat' dir='ltr'><strong>non</strong></span> <span class='ocrx_word' id='word_1_163' title='bbox 1079 1390 1285 1428; x_wconf 85' lang='lat' dir='ltr'><strong>credemus</strong></span> <span class='ocrx_word' id='word_1_164' title='bbox 1336 1391 1392 1427; x_wconf 83' lang='lat' dir='ltr'><strong>M.</strong></span> 
     </span>
     <span class='ocr_line' id='line_1_21' title="bbox 6 1454 1395 1505; baseline 0 -13"><span class='ocrx_word' id='word_1_165' title='bbox 6 1469 46 1492; x_wconf 84' lang='lat'><strong>20</strong></span> <span class='ocrx_word' id='word_1_166' title='bbox 65 1454 242 1501; x_wconf 84' lang='lat' dir='ltr'><strong>Octavio,</strong></span> <span class='ocrx_word' id='word_1_167' title='bbox 287 1467 369 1493; x_wconf 89' lang='lat' dir='ltr'><strong>non</strong></span> <span class='ocrx_word' id='word_1_168' title='bbox 413 1456 456 1492; x_wconf 93' lang='lat' dir='ltr'><strong>L.</strong></span> <span class='ocrx_word' id='word_1_169' title='bbox 499 1454 661 1505; x_wconf 86' lang='lat' dir='ltr'><strong>Liguri?</strong></span> <span class='ocrx_word' id='word_1_170' title='bbox 713 1454 799 1505; x_wconf 85' lang='lat' dir='ltr'><strong>quis</strong></span> <span class='ocrx_word' id='word_1_171' title='bbox 848 1454 963 1493; x_wconf 87' lang='lat' dir='ltr'><strong>nobis</strong></span> <span class='ocrx_word' id='word_1_172' title='bbox 1004 1455 1148 1501; x_wconf 91' lang='lat' dir='ltr'><strong>credet,</strong></span> <span class='ocrx_word' id='word_1_173' title='bbox 1190 1454 1252 1492; x_wconf 89' lang='lat' dir='ltr'><strong>cui</strong></span> <span class='ocrx_word' id='word_1_174' title='bbox 1293 1456 1395 1492; x_wconf 86' lang='lat' dir='ltr'><strong>nos?</strong></span> 
     </span>
     <span class='ocr_line' id='line_1_22' title="bbox 63 1519 1393 1569; baseline 0 -12"><span class='ocrx_word' id='word_1_175' title='bbox 63 1519 160 1569; x_wconf 89' lang='lat' dir='ltr'><strong>quid</strong></span> <span class='ocrx_word' id='word_1_176' title='bbox 198 1526 256 1558; x_wconf 89' lang='lat' dir='ltr'><strong>est</strong></span> <span class='ocrx_word' id='word_1_177' title='bbox 295 1520 403 1569; x_wconf 90' lang='lat' dir='ltr'><strong>quod</strong></span> <span class='ocrx_word' id='word_1_178' title='bbox 442 1520 605 1569; x_wconf 89' lang='lat' dir='ltr'><strong>planum</strong></span> <span class='ocrx_word' id='word_1_179' title='bbox 645 1519 726 1557; x_wconf 88' lang='lat' dir='ltr'><strong>fieri</strong></span> <span class='ocrx_word' id='word_1_180' title='bbox 759 1519 924 1558; x_wconf 88' lang='lat' dir='ltr'><strong>testibus</strong></span> <span class='ocrx_word' id='word_1_181' title='bbox 964 1519 1098 1569; x_wconf 88' lang='lat' dir='ltr'><strong>possit,</strong></span> <span class='ocrx_word' id='word_1_182' title='bbox 1133 1519 1164 1557; x_wconf 86' lang='lat' dir='ltr'><strong>si</strong></span> <span class='ocrx_word' id='word_1_183' title='bbox 1204 1520 1280 1558; x_wconf 89' lang='lat' dir='ltr'><strong>hoc</strong></span> <span class='ocrx_word' id='word_1_184' title='bbox 1312 1532 1393 1558; x_wconf 88' lang='lat' dir='ltr'><strong>non</strong></span> 
     </span>
     <span class='ocr_line' id='line_1_23' title="bbox 62 1583 1393 1634; baseline 0.001 -13"><span class='ocrx_word' id='word_1_185' title='bbox 62 1584 134 1622; x_wconf 87' lang='lat' dir='ltr'><strong>fit?</strong></span> <span class='ocrx_word' id='word_1_186' title='bbox 190 1585 254 1622; x_wconf 89' lang='lat' dir='ltr'><strong>An</strong></span> <span class='ocrx_word' id='word_1_187' title='bbox 292 1583 334 1623; x_wconf 91' lang='lat' dir='ltr'><strong>id</strong></span> <span class='ocrx_word' id='word_1_188' title='bbox 372 1585 481 1634; x_wconf 88' lang='lat' dir='ltr'><strong>quod</strong></span> <span class='ocrx_word' id='word_1_189' title='bbox 518 1583 656 1623; x_wconf 90' lang='lat' dir='ltr'><strong>dicunt</strong></span> <span class='ocrx_word' id='word_1_190' title='bbox 695 1585 780 1623; x_wconf 91' lang='lat' dir='ltr'><strong>leve</strong></span> <span class='ocrx_word' id='word_1_191' title='bbox 814 1585 902 1623; x_wconf 86' lang='lat' dir='ltr'><strong>est?</strong></span> <span class='ocrx_word' id='word_1_192' title='bbox 958 1583 1068 1622; x_wconf 84' lang='lat' dir='ltr'><strong>Nihil</strong></span> <span class='ocrx_word' id='word_1_193' title='bbox 1111 1583 1234 1622; x_wconf 91' lang='lat' dir='ltr'><strong>levius</strong></span> <span class='ocrx_word' id='word_1_194' title='bbox 1273 1597 1393 1634; x_wconf 88' lang='lat' dir='ltr'><strong>quarn</strong></span> 
     </span>
     <span class='ocr_line' id='line_1_24' title="bbox 60 1648 1395 1698; baseline 0 -12"><span class='ocrx_word' id='word_1_195' title='bbox 60 1656 281 1698; x_wconf 87' lang='lat' dir='ltr'><strong>praetorem</strong></span> <span class='ocrx_word' id='word_1_196' title='bbox 324 1648 519 1687; x_wconf 89' lang='lat' dir='ltr'><strong>urbanum</strong></span> <span class='ocrx_word' id='word_1_197' title='bbox 568 1650 645 1687; x_wconf 92' lang='lat' dir='ltr'><strong>hoc</strong></span> <span class='ocrx_word' id='word_1_198' title='bbox 692 1648 784 1687; x_wconf 90' lang='lat' dir='ltr'><strong>iuris</strong></span> <span class='ocrx_word' id='word_1_199' title='bbox 825 1648 865 1686; x_wconf 90' lang='lat' dir='ltr'><strong>in</strong></span> <span class='ocrx_word' id='word_1_200' title='bbox 913 1661 984 1687; x_wconf 90' lang='lat' dir='ltr'><strong>suo</strong></span> <span class='ocrx_word' id='word_1_201' title='bbox 1028 1648 1254 1698; x_wconf 86' lang='lat' dir='ltr'><strong>magistratu</strong></span> <span class='ocrx_word' id='word_1_202' title='bbox 1303 1661 1395 1687; x_wconf 89' lang='lat' dir='ltr'><strong>con-</strong></span> 
     </span>
     <span class='ocr_line' id='line_1_25' title="bbox 62 1712 1392 1762; baseline 0.001 -12"><span class='ocrx_word' id='word_1_203' title='bbox 62 1712 233 1760; x_wconf 85' lang='lat' dir='ltr'><strong>stituere,</strong></span> <span class='ocrx_word' id='word_1_204' title='bbox 281 1712 468 1751; x_wconf 90' lang='lat' dir='ltr'><strong>omnibus</strong></span> <span class='ocrx_word' id='word_1_205' title='bbox 517 1712 661 1762; x_wconf 87' lang='lat' dir='ltr'><strong>quibus</strong></span> <span class='ocrx_word' id='word_1_206' title='bbox 714 1712 911 1752; x_wconf 89' lang='lat' dir='ltr'><strong>hereditas</strong></span> <span class='ocrx_word' id='word_1_207' title='bbox 958 1712 1106 1751; x_wconf 85' lang='lat' dir='ltr'><strong>venerit</strong></span> <span class='ocrx_word' id='word_1_208' title='bbox 1153 1714 1392 1752; x_wconf 89' lang='lat' dir='ltr'><strong>coheredem</strong></span> 
     </span>
     <span class='ocr_line' id='line_1_26' title="bbox 4 1777 1392 1828; baseline 0.001 -14"><span class='ocrx_word' id='word_1_209' title='bbox 4 1791 43 1824; x_wconf 82' lang='lat'><strong>25</strong></span> <span class='ocrx_word' id='word_1_210' title='bbox 62 1784 281 1827; x_wconf 89' lang='lat' dir='ltr'><strong>praetorem</strong></span> <span class='ocrx_word' id='word_1_211' title='bbox 302 1790 388 1816; x_wconf 90' lang='lat' dir='ltr'><strong>esse</strong></span> <span class='ocrx_word' id='word_1_212' title='bbox 415 1785 606 1828; x_wconf 92' lang='lat' dir='ltr'><strong>oportere.</strong></span> <span class='ocrx_word' id='word_1_213' title='bbox 667 1779 731 1815; x_wconf 93' lang='lat' dir='ltr'><strong>An</strong></span> <span class='ocrx_word' id='word_1_214' title='bbox 752 1791 844 1816; x_wconf 92' lang='lat' dir='ltr'><strong>vero</strong></span> <span class='ocrx_word' id='word_1_215' title='bbox 869 1777 1099 1816; x_wconf 87' lang='lat' dir='ltr'><strong>dubitamus</strong></span> <span class='ocrx_word' id='word_1_216' title='bbox 1121 1790 1201 1827; x_wconf 88' lang='lat' dir='ltr'><strong>quo</strong></span> <span class='ocrx_word' id='word_1_217' title='bbox 1228 1790 1295 1816; x_wconf 89' lang='lat' dir='ltr'><strong>ore</strong></span> <span class='ocrx_word' id='word_1_218' title='bbox 1319 1777 1392 1817; x_wconf 87' lang='lat' dir='ltr'><strong>iste</strong></span> 
     </span>
     <span class='ocr_line' id='line_1_27' title="bbox 61 1841 1391 1892; baseline 0.002 -13"><span class='ocrx_word' id='word_1_219' title='bbox 61 1848 211 1880; x_wconf 89' lang='lat' dir='ltr'><strong>ceteros</strong></span> <span class='ocrx_word' id='word_1_220' title='bbox 232 1841 413 1880; x_wconf 89' lang='lat' dir='ltr'><strong>homines</strong></span> <span class='ocrx_word' id='word_1_221' title='bbox 434 1841 636 1881; x_wconf 87' lang='lat' dir='ltr'><strong>inferiores</strong></span> <span class='ocrx_word' id='word_1_222' title='bbox 656 1843 756 1889; x_wconf 86' lang='lat' dir='ltr'><strong>loco,</strong></span> <span class='ocrx_word' id='word_1_223' title='bbox 778 1842 1023 1890; x_wconf 87' lang='lat' dir='ltr'><strong>auctoritate,</strong></span> <span class='ocrx_word' id='word_1_224' title='bbox 1044 1841 1193 1888; x_wconf 90' lang='lat' dir='ltr'><strong>ordine,</strong></span> <span class='ocrx_word' id='word_1_225' title='bbox 1217 1855 1297 1892; x_wconf 91' lang='lat' dir='ltr'><strong>quo</strong></span> <span class='ocrx_word' id='word_1_226' title='bbox 1325 1855 1391 1882; x_wconf 90' lang='lat' dir='ltr'><strong>ore</strong></span> 
     </span>
     <span class='ocr_line' id='line_1_28' title="bbox 59 1905 1390 1956; baseline 0.002 -13"><span class='ocrx_word' id='word_1_227' title='bbox 59 1905 242 1944; x_wconf 86' lang='lat' dir='ltr'><strong>homines</strong></span> <span class='ocrx_word' id='word_1_228' title='bbox 269 1905 487 1945; x_wconf 88' lang='lat' dir='ltr'><strong>rusticanos</strong></span> <span class='ocrx_word' id='word_1_229' title='bbox 515 1920 562 1945; x_wconf 83' lang='lat' dir='ltr'><strong>ex</strong></span> <span class='ocrx_word' id='word_1_230' title='bbox 592 1906 828 1956; x_wconf 86' lang='lat' dir='ltr'><strong>municipiis,</strong></span> <span class='ocrx_word' id='word_1_231' title='bbox 858 1919 938 1956; x_wconf 90' lang='lat' dir='ltr'><strong>quo</strong></span> <span class='ocrx_word' id='word_1_232' title='bbox 973 1906 1146 1956; x_wconf 90' lang='lat' dir='ltr'><strong>denique</strong></span> <span class='ocrx_word' id='word_1_233' title='bbox 1175 1919 1253 1953; x_wconf 92' lang='lat' dir='ltr'><strong>ore,</strong></span> <span class='ocrx_word' id='word_1_234' title='bbox 1289 1919 1390 1956; x_wconf 84' lang='lat' dir='ltr'><strong>quos</strong></span> 
     </span>
     <span class='ocr_line' id='line_1_29' title="bbox 59 1970 1390 2021; baseline 0.001 -13"><span class='ocrx_word' id='word_1_235' title='bbox 59 1983 276 2020; x_wconf 90' lang='lat' dir='ltr'><strong>numquam</strong></span> <span class='ocrx_word' id='word_1_236' title='bbox 317 1970 461 2009; x_wconf 89' lang='lat' dir='ltr'><strong>liberos</strong></span> <span class='ocrx_word' id='word_1_237' title='bbox 499 1971 662 2021; x_wconf 87' lang='lat' dir='ltr'><strong>putavit,</strong></span> <span class='ocrx_word' id='word_1_238' title='bbox 700 1971 904 2010; x_wconf 86' lang='lat' dir='ltr'><strong>libertinos</strong></span> <span class='ocrx_word' id='word_1_239' title='bbox 943 1971 1125 2008; x_wconf 90' lang='lat' dir='ltr'><strong>homines</strong></span> <span class='ocrx_word' id='word_1_240' title='bbox 1165 1970 1302 2008; x_wconf 90' lang='lat' dir='ltr'><strong>solitus</strong></span> <span class='ocrx_word' id='word_1_241' title='bbox 1341 1971 1390 2009; x_wconf 91' lang='lat' dir='ltr'><strong>sit</strong></span> 
     </span>
     <span class='ocr_line' id='line_1_30' title="bbox 56 2034 1389 2086; baseline 0.001 -14"><span class='ocrx_word' id='word_1_242' title='bbox 56 2036 266 2085; x_wconf 86' lang='lat' dir='ltr'><strong>appellare,</strong></span> <span class='ocrx_word' id='word_1_243' title='bbox 303 2034 371 2084; x_wconf 85' lang='lat' dir='ltr'><strong>qui</strong></span> <span class='ocrx_word' id='word_1_244' title='bbox 409 2035 461 2074; x_wconf 91' lang='lat' dir='ltr'><strong>ob</strong></span> <span class='ocrx_word' id='word_1_245' title='bbox 500 2035 560 2074; x_wconf 87' lang='lat' dir='ltr'><strong>ius</strong></span> <span class='ocrx_word' id='word_1_246' title='bbox 599 2035 815 2074; x_wconf 90' lang='lat' dir='ltr'><strong>dicendum</strong></span> <span class='ocrx_word' id='word_1_247' title='bbox 852 2037 907 2073; x_wconf 84' lang='lat' dir='ltr'><strong>M.</strong></span> <span class='ocrx_word' id='word_1_248' title='bbox 944 2035 1154 2075; x_wconf 88' lang='lat' dir='ltr'><strong>Octavium</strong></span> <span class='ocrx_word' id='word_1_249' title='bbox 1191 2035 1389 2086; x_wconf 86' lang='lat' dir='ltr'><strong>Ligurem,</strong></span> 
     </span>
    </p>
   </div>
   <div class='ocr_carea' id='block_1_3' title="bbox 57 2139 1389 2397">
    <p class='ocr_par' dir='ltr' id='par_1_3' title="bbox 57 2139 1389 2397">
     <span class='ocr_line' id='line_1_31' title="bbox 105 2139 1388 2180; baseline 0.004 -13"><span class='ocrx_word' id='word_1_250' title='bbox 105 2148 118 2167; x_wconf 92' lang='lat'>1</span> <span class='ocrx_word' id='word_1_251' title='bbox 145 2139 336 2180; x_wconf 85' lang='lat' dir='ltr'><strong>venissent]</strong></span> <span class='ocrx_word' id='word_1_252' title='bbox 363 2139 503 2171; x_wconf 86' lang='lat' dir='ltr'><strong>fuissent</strong></span> <span class='ocrx_word' id='word_1_253' title='bbox 520 2139 550 2170; x_wconf 91' lang='lat' dir='ltr'><strong>V</strong></span> <span class='ocrx_word' id='word_1_254' title='bbox 562 2144 674 2171; x_wconf 81' lang='lat' dir='ltr'><strong>contra</strong></span> <span class='ocrx_word' id='word_1_255' title='bbox 690 2140 780 2172; x_wconf 87' lang='lat' dir='ltr'><strong>codd.</strong></span> <span class='ocrx_word' id='word_1_256' title='bbox 802 2144 831 2170; x_wconf 81' lang='lat' dir='ltr'><strong>et</strong></span> <span class='ocrx_word' id='word_1_257' title='bbox 850 2140 952 2172; x_wconf 81' lang='lat' dir='ltr'><strong>Prisc.</strong></span> <span class='ocrx_word' id='word_1_258' title='bbox 1046 2151 1065 2180; x_wconf 90' lang='lat'>5</span> <span class='ocrx_word' id='word_1_259' title='bbox 1089 2150 1211 2171; x_wconf 84' lang='lat' dir='ltr'><strong>causae</strong></span> <span class='ocrx_word' id='word_1_260' title='bbox 1233 2139 1264 2169; x_wconf 92' lang='lat' dir='ltr'><strong>V</strong></span> <span class='ocrx_word' id='word_1_261' title='bbox 1274 2139 1361 2172; x_wconf 81' lang='lat' dir='ltr'><strong>Non.</strong></span> <span class='ocrx_word' id='word_1_262' title='bbox 1381 2152 1388 2172; x_wconf 77' lang='grc' dir='ltr'>ε</span> 
     </span>
     <span class='ocr_line' id='line_1_32' title="bbox 58 2183 1389 2224; baseline 0.002 -12"><span class='ocrx_word' id='word_1_263' title='bbox 58 2191 179 2212; x_wconf 86' lang='lat' dir='ltr'><strong>causae</strong></span> <span class='ocrx_word' id='word_1_264' title='bbox 196 2187 230 2212; x_wconf 88' lang='lat' dir='ltr'><strong>et</strong></span> <span class='ocrx_word' id='word_1_265' title='bbox 242 2187 288 2222; x_wconf 83' lang='lat' dir='ltr'><strong>pr</strong></span> <span class='ocrx_word' id='word_1_266' title='bbox 302 2183 367 2214; x_wconf 77' lang='lat' dir='ltr'><strong>rell.</strong></span> <span class='ocrx_word' id='word_1_267' title='bbox 384 2184 419 2224; x_wconf 83' lang='lat' dir='ltr'><strong>(i,</strong></span> <span class='ocrx_word' id='word_1_268' title='bbox 437 2186 451 2221; x_wconf 65' lang='grc' dir='ltr'>ξ</span> <span class='ocrx_word' id='word_1_269' title='bbox 471 2193 529 2222; x_wconf 87' lang='lat'><strong>137</strong></span> <span class='ocrx_word' id='word_1_270' title='bbox 547 2195 554 2219; x_wconf 86' lang='grc'><strong>;</strong></span> <span class='ocrx_word' id='word_1_271' title='bbox 576 2184 661 2214; x_wconf 82' lang='lat' dir='ltr'><strong>Am.</strong></span> <span class='ocrx_word' id='word_1_272' title='bbox 672 2184 707 2222; x_wconf 89' lang='lat' dir='ltr'><strong>J.</strong></span> <span class='ocrx_word' id='word_1_273' title='bbox 721 2183 782 2214; x_wconf 82' lang='lat' dir='ltr'><strong>Plz.</strong></span> <span class='ocrx_word' id='word_1_274' title='bbox 797 2184 886 2214; x_wconf 82' lang='lat' dir='ltr'><strong>xxvi.</strong></span> <span class='ocrx_word' id='word_1_275' title='bbox 901 2184 980 2223; x_wconf 77' lang='lat'>414)</span> <span class='ocrx_word' id='word_1_276' title='bbox 1121 2184 1142 2214; x_wconf 92' lang='lat'><em>8</em></span> <span class='ocrx_word' id='word_1_277' title='bbox 1166 2183 1228 2214; x_wconf 86' lang='lat' dir='ltr'><strong>suit</strong></span> <span class='ocrx_word' id='word_1_278' title='bbox 1240 2184 1272 2213; x_wconf 89' lang='lat' dir='ltr'><strong>in</strong></span> <span class='ocrx_word' id='word_1_279' title='bbox 1286 2194 1389 2216; x_wconf 84' lang='lat' dir='ltr'><strong>causa</strong></span> 
     </span>
     <span class='ocr_line' id='line_1_33' title="bbox 58 2225 1388 2268; baseline 0.004 -14"><span class='ocrx_word' id='word_1_280' title='bbox 58 2225 313 2266; x_wconf 83' lang='lat' dir='ltr'><strong>aequissimapr</strong></span> <span class='ocrx_word' id='word_1_281' title='bbox 402 2237 439 2257; x_wconf 92' lang='lat'><strong>11</strong></span> <span class='ocrx_word' id='word_1_282' title='bbox 466 2228 764 2267; x_wconf 84' lang='lat' dir='ltr'><strong>gratiamqueprb:</strong></span> <span class='ocrx_word' id='word_1_283' title='bbox 781 2228 921 2266; x_wconf 85' lang='lat' dir='ltr'><strong>gratiam</strong></span> <span class='ocrx_word' id='word_1_284' title='bbox 942 2227 971 2257; x_wconf 89' lang='lat' dir='ltr'><strong>V</strong></span> <span class='ocrx_word' id='word_1_285' title='bbox 988 2227 1054 2268; x_wconf 51' lang='grc' dir='ltr'><strong>(ᾗῇ</strong></span> <span class='ocrx_word' id='word_1_286' title='bbox 1073 2227 1150 2267; x_wconf 79' lang='lat'>145)</span> <span class='ocrx_word' id='word_1_287' title='bbox 1232 2236 1271 2265; x_wconf 89' lang='lat'><strong>17</strong></span> <span class='ocrx_word' id='word_1_288' title='bbox 1297 2227 1388 2266; x_wconf 84' lang='lat' dir='ltr'><strong>Quid</strong></span> 
     </span>
     <span class='ocr_line' id='line_1_34' title="bbox 57 2268 1387 2311; baseline 0.004 -14"><span class='ocrx_word' id='word_1_289' title='bbox 57 2272 110 2298; x_wconf 87' lang='lat' dir='ltr'><strong>est</strong></span> <span class='ocrx_word' id='word_1_290' title='bbox 127 2268 178 2298; x_wconf 92' lang='lat' dir='ltr'><strong>V:</strong></span> <span class='ocrx_word' id='word_1_291' title='bbox 201 2269 281 2308; x_wconf 89' lang='lat' dir='ltr'><strong>quid</strong></span> <span class='ocrx_word' id='word_1_292' title='bbox 297 2275 316 2300; x_wconf 74' lang='grc' dir='ltr'><strong>ἒ</strong></span> <span class='ocrx_word' id='word_1_293' title='bbox 328 2275 353 2310; x_wconf 86' lang='lat' dir='ltr'><strong>p</strong></span> <span class='ocrx_word' id='word_1_294' title='bbox 369 2281 375 2300; x_wconf 77' lang='grc' dir='ltr'><em>τ</em></span> <span class='ocrx_word' id='word_1_295' title='bbox 400 2271 481 2310; x_wconf 90' lang='lat' dir='ltr'><strong>quid</strong></span> <span class='ocrx_word' id='word_1_296' title='bbox 496 2271 587 2301; x_wconf 90' lang='lat' dir='ltr'><strong>enim</strong></span> <span class='ocrx_word' id='word_1_297' title='bbox 598 2271 636 2300; x_wconf 77' lang='grc' dir='ltr'><strong>ὂδ</strong></span> <span class='ocrx_word' id='word_1_298' title='bbox 736 2271 775 2301; x_wconf 87' lang='lat'><strong>18</strong></span> <span class='ocrx_word' id='word_1_299' title='bbox 799 2271 998 2301; x_wconf 86' lang='lat' dir='ltr'><strong>crederetur</strong></span> <span class='ocrx_word' id='word_1_300' title='bbox 1010 2272 1053 2311; x_wconf 59' lang='lat' dir='ltr'><strong>p&amp;</strong></span> <span class='ocrx_word' id='word_1_301' title='bbox 1146 2281 1185 2310; x_wconf 85' lang='lat'><strong>19</strong></span> <span class='ocrx_word' id='word_1_302' title='bbox 1210 2272 1387 2302; x_wconf 86' lang='lat' dir='ltr'><strong>credemus</strong></span> 
     </span>
     <span class='ocr_line' id='line_1_35' title="bbox 61 2309 1385 2354; baseline 0.004 -14"><span class='ocrx_word' id='word_1_303' title='bbox 61 2309 108 2341; x_wconf 87' lang='lat' dir='ltr'><strong>V:</strong></span> <span class='ocrx_word' id='word_1_304' title='bbox 133 2312 303 2343; x_wconf 84' lang='lat' dir='ltr'><strong>credimus</strong></span> <span class='ocrx_word' id='word_1_305' title='bbox 320 2323 362 2343; x_wconf 76' lang='grc' dir='ltr'><strong>πε</strong></span> <span class='ocrx_word' id='word_1_306' title='bbox 385 2323 451 2344; x_wconf 84' lang='lat' dir='ltr'><strong>om.</strong></span> <span class='ocrx_word' id='word_1_307' title='bbox 472 2314 508 2344; x_wconf 76' lang='grc' dir='ltr'><strong>ὸδ</strong></span> <span class='ocrx_word' id='word_1_308' title='bbox 597 2323 635 2344; x_wconf 86' lang='lat'><strong>21</strong></span> <span class='ocrx_word' id='word_1_309' title='bbox 663 2318 714 2345; x_wconf 89' lang='lat' dir='ltr'><strong>est</strong></span> <span class='ocrx_word' id='word_1_310' title='bbox 738 2314 781 2344; x_wconf 87' lang='lat' dir='ltr'><strong>V:</strong></span> <span class='ocrx_word' id='word_1_311' title='bbox 807 2319 858 2346; x_wconf 87' lang='lat' dir='ltr'><strong>est</strong></span> <span class='ocrx_word' id='word_1_312' title='bbox 875 2314 1000 2344; x_wconf 83' lang='lat' dir='ltr'><strong>Verres</strong></span> <span class='ocrx_word' id='word_1_313' title='bbox 1012 2320 1058 2354; x_wconf 80' lang='lat' dir='ltr'><strong>pr</strong></span> <span class='ocrx_word' id='word_1_314' title='bbox 1155 2324 1196 2353; x_wconf 85' lang='lat'><strong>23</strong></span> <span class='ocrx_word' id='word_1_315' title='bbox 1221 2315 1385 2345; x_wconf 88' lang='lat' dir='ltr'><strong>urbanum</strong></span> 
     </span>
     <span class='ocr_line' id='line_1_36' title="bbox 64 2353 1365 2397; baseline 0.004 -14"><span class='ocrx_word' id='word_1_316' title='bbox 64 2353 108 2384; x_wconf 88' lang='lat' dir='ltr'><strong>V:</strong></span> <span class='ocrx_word' id='word_1_317' title='bbox 133 2355 203 2385; x_wconf 74' lang='lat' dir='ltr'><strong>urb.</strong></span> <span class='ocrx_word' id='word_1_318' title='bbox 219 2360 268 2396; x_wconf 81' lang='lat' dir='ltr'><strong>p:</strong></span> <span class='ocrx_word' id='word_1_319' title='bbox 292 2356 385 2387; x_wconf 88' lang='lat' dir='ltr'><strong>urbis</strong></span> <span class='ocrx_word' id='word_1_320' title='bbox 402 2357 439 2387; x_wconf 78' lang='grc' dir='ltr'><strong>ὸδ</strong></span> <span class='ocrx_word' id='word_1_321' title='bbox 457 2358 492 2397; x_wconf 81' lang='lat' dir='ltr'><strong>(i,</strong></span> <span class='ocrx_word' id='word_1_322' title='bbox 513 2360 526 2394; x_wconf 71' lang='grc' dir='ltr'><strong>ξ</strong></span> <span class='ocrx_word' id='word_1_323' title='bbox 552 2359 628 2397; x_wconf 84' lang='lat'>143)</span> <span class='ocrx_word' id='word_1_324' title='bbox 760 2367 802 2396; x_wconf 86' lang='lat'><strong>29</strong></span> <span class='ocrx_word' id='word_1_325' title='bbox 827 2358 1004 2388; x_wconf 89' lang='lat' dir='ltr'><strong>dicendum</strong></span> <span class='ocrx_word' id='word_1_326' title='bbox 1031 2358 1122 2389; x_wconf 75' lang='lat' dir='ltr'><strong>Vrrb:</strong></span> <span class='ocrx_word' id='word_1_327' title='bbox 1147 2358 1330 2388; x_wconf 90' lang='lat' dir='ltr'><strong>dicundum</strong></span> <span class='ocrx_word' id='word_1_328' title='bbox 1348 2359 1365 2388; x_wconf 86' lang='grc' dir='ltr'>δ</span> 
     </span>
    </p>
   </div>
   <div class='ocr_carea' id='block_1_4' title="bbox 1260 2402 1298 2431">
    <p class='ocr_par' dir='ltr' id='par_1_4' title="bbox 1260 2402 1298 2431">
     <span class='ocr_line' id='line_1_37' title="bbox 1260 2402 1298 2431; baseline 0 -12"><span class='ocrx_word' id='word_1_329' title='bbox 1260 2402 1298 2431; x_wconf 74' lang='lat'><strong>7*</strong></span> 
     </span>
    </p>
   </div>
  </div>
 </body>
</html>
