1600 2704
57 132 111 171 44
135 135 195 166 ιω,
489 104 546 142 M.
577 96 747 138 TVLLI
779 82 1086 131 ciCERonis

132 232 262 281 potest
282 221 353 262 tibi
374 218 483 259 dicto
504 210 668 251 audiens
697 215 782 243 esse
809 198 1029 250 quisquam.
1089 186 1242 238 Eripias
1263 190 1306 222 tu
1325 181 1460 219 volun-

134 301 254 333 tatem
295 282 468 328 mortuis,
504 279 611 316 bona
641 269 750 315 vivis,
782 265 842 304 ius
880 256 1094 300 omnibus?
1169 252 1263 290 Hoc
1292 244 1462 298 populus

139 361 346 397 Romanus
374 360 455 387 non
486 353 605 381 manu
626 333 875 375 vindicasset,
893 323 968 364 nisi
987 330 1026 360 te
1045 318 1137 358 huic
1158 311 1326 365 tempori
1346 316 1464 358 atque

83 860 135 900 45
155 880 266 912 vetus
287 867 462 907 edictum
491 851 854 898 translaticiumque
882 854 978 882 esse.
1038 829 1277 885 Cognoscite
1310 820 1483 864 hominis

76 921 135 953 ¹¹5
156 936 264 977 aliud
294 933 335 971 in
367 942 408 968 re
432 933 561 965 vetere
588 918 763 959 edictum
791 920 951 955 novum,
968 910 1006 943 et
1027 900 1153 944 simul,
1182 896 1278 936 dum
1299 896 1359 930 est
1378 886 1485 926 unde

159 1003 220 1041 ius
251 996 364 1037 civile
393 992 576 1033 discatur,
608 974 872 1022 adulescentis
905 972 946 1010 in
977 963 1226 1015 disciplinam
1253 956 1289 996 ei
1319 951 1486 993 tradite:

162 1066 303 1105 mirum
343 1065 401 1098 est
434 1050 606 1094 hominis
631 1043 844 1096 ingenium,
881 1035 978 1075 mira
1008 1025 1226 1082 prudentia.
1285 1015 1488 1059 Minucius

165 1130 327 1182 quidam
348 1128 526 1162 mortuus
560 1121 618 1155 est
647 1118 738 1151 ante
762 1107 880 1146 istum
906 1106 1152 1152 praetorem,
1182 1089 1265 1130 eius
1281 1091 1490 1125 testamen·
1513 1092 1550 1125 15

167 1204 250 1234 tum
289 1196 370 1230 erat
408 1185 586 1228 nullum3
622 1180 707 1226 lege
743 1168 940 1210 hereditas
981 1163 1032 1201 ad
1072 1164 1230 1209 gentem
1271 1145 1493 1190 Minuciam

169 1257 361 1297 veniebat.
421 1248 461 1288 Si
486 1242 688 1285 habuisset
715 1237 787 1276 iste
815 1231 1001 1274 edictum,
1034 1222 1142 1274 quod
1177 1224 1268 1258 ante
1299 1214 1418 1252 istum
1457 1215 1496 1247 et

171 1328 309 1373 postea
346 1325 485 1355 omnes
522 1308 755 1348 habuerunt,
789 1292 986 1349 possessio
1021 1283 1224 1327 Minuciae
1258 1276 1365 1330 genti
1395 1279 1498 1313 esset

173 1389 288 1427 data:
318 1383 348 1421 si
371 1378 458 1430 quis
478 1375 715 1414 testamento
745 1378 786 1404 se
805 1359 993 1401 heredem
1015 1365 1100 1393 esse
1121 1347 1369 1389 arbitraretur
1391 1337 1500 1389 quod

174 1462 258 1491 tum
278 1459 360 1487 non
380 1445 558 1486 exstaret,
571 1438 657 1485 lege
676 1436 807 1482 ageret
822 1426 862 1464 in
887 1419 1158 1462 hereditatem,
1173 1418 1250 1458 aut,
1266 1420 1337 1460 pro
1357 1402 1502 1456 praede
1524 1413 1562 1437 20

176 1516 253 1555 litis
274 1508 532 1553 vindiciarum
549 1513 640 1541 cum
661 1496 753 1536 satis
773 1489 1000 1540 accepisset,
1025 1478 1280 1533 sponsionem
1300 1473 1444 1511 faceret
1466 1473 1504 1504 et

177 1582 231 1620 ita
264 1580 314 1617 de
347 1570 564 1613 hereditate
593 1568 767 1604 certaret.
828 1557 932 1600 Hoc,
966 1548 1119 1600 opinor,
1150 1543 1232 1581 iure
1263 1545 1302 1577 et
1339 1533 1506 1574 maiores

179 1642 301 1684 nostri
330 1647 368 1679 et
394 1649 467 1675 nos
498 1642 651 1680 semper
682 1625 742 1664 usi
776 1632 922 1660 sumus.
980 1613 1125 1651 Videte
1144 1614 1187 1646 ut
1217 1606 1295 1642 hoc
1326 1600 1399 1638 iste
1428 1608 1509 1635 cor-

102 1719 160 1753 116
181 1707 328 1749 rexerit.
389 1695 606 1749 Componit
626 1691 800 1732 edictum
824 1685 885 1724 his
905 1679 1033 1721 verbis
1060 1683 1103 1715 ut
1130 1669 1256 1723 quivis
1286 1665 1510 1712 intellegere

183 1772 307 1826 possit
327 1767 442 1807 unius
462 1759 634 1802 hominis
654 1767 772 1795 causa
800 1746 1067 1796 conscriptum
1093 1750 1190 1785 esse,
1218 1738 1372 1773 tantum
1402 1724 1511 1777 quod
1533 1738 1570 1770 ²5

186 1836 389 1877 hominem
427 1841 508 1867 non
533 1822 711 1863 nominat
727 1831 735 1863 ;
767 1825 926 1855 causam
951 1807 1113 1860 quidem
1139 1807 1264 1840 totam
1295 1788 1511 1846 perscribit,

188 1905 259 1949 ius,
295 1891 636 1938 consuetudinem,
672 1881 923 1933 aequitatem,
956 1871 1086 1912 edicta
1124 1862 1302 1905 omnium
1331 1853 1512 1906 neglegit.

192 1971 256 2007 Ex
277 1971 430 2003 EDiCTo
450 1964 630 1995 VRBANO.
691 1951 732 1988 S1
766 1957 820 1984 DE
849 1944 1120 1981 HEREDITATE
1140 1934 1374 1969 AMBiGITVR
1394 1943 1446 1948 —n
1465 1939 1517 1946 —-

193 2044 227 2070 Sl
250 2035 474 2069 POSSESSOR
497 2024 761 2059 SPONsioNEM
784 2019 871 2047 NON
894 2012 1052 2043 FACIET.
1093 1998 1180 2036 Iam
1201 1990 1268 2042 qui
1288 1989 1329 2028 id
1342 1987 1392 2026 ad
1413 1995 1519 2035 prae-

195 2106 330 2139 torem,
362 2098 447 2128 uter
468 2093 670 2137 possessor
691 2077 771 2116 sit?
800 2083 933 2112 nonne
960 2067 1001 2105 id
1031 2059 1165 2114 quaeri
1191 2059 1356 2107 oportet,
1389 2056 1520 2088 utrum
1540 2057 1580 2091 30

246 2206 259 2225 1
285 2194 462 2233 quisquam
481 2196 547 2218 om.
572 2182 602 2213 V
694 2181 715 2209 8
738 2177 916 2208 intestatus
936 2166 1052 2199 VAsc.
1070 2175 1076 2194 :
1101 2162 1262 2193 intestato
1276 2161 1300 2196 p
1317 2152 1382 2186 rell.
1487 2156 1521 2178 11

200 2237 346 2270 hominis
366 2233 458 2265 aliud
480 2241 523 2260 π;
549 2226 639 2258 aliud
662 2224 752 2254 hom.
779 2220 816 2249 126
926 2222 964 2244 21
987 2210 1138 2251 glossam
1160 2206 1238 2244 post
1260 2199 1330 2230 litis
1356 2193 1474 2227 habent
1504 2201 1526 2220 π

204 2283 271 2313 fide
288 2281 438 2310 iussores
455 2274 622 2304 fructuum
755 2268 789 2294 et
805 2259 870 2292 cod.
885 2258 926 2298 (ἓ)
947 2255 978 2286 V
977 2264 1019 2285 rs.
1037 2251 1116 2282 Asc.
1134 2259 1140 2278 :
1165 2255 1230 2277 om.
1248 2248 1270 2283 p
1287 2240 1350 2272 rell.
1484 2243 1527 2272 24

205 2326 258 2356 his
271 2329 294 2364 p
311 2334 318 2353 z
343 2321 383 2351 iis
395 2320 413 2349 b
425 2317 466 2349 al.
566 2323 607 2351 25
630 2309 739 2350 possit
751 2312 774 2346 p
792 2304 854 2335 rell.
872 2314 878 2332 z
904 2301 1022 2340 posset
1039 2305 1078 2335 qr
1172 2299 1214 2328 29
1236 2286 1293 2326 qui
1311 2284 1345 2315 id
1362 2282 1404 2313 ad
1419 2276 1532 2318 scripsi

208 2369 259 2409 (cf.
281 2367 312 2403 ii,
332 2368 347 2402 ξ
370 2361 446 2403 127)
464 2371 470 2390 z
495 2357 575 2397 quid
587 2355 628 2386 ad
645 2352 711 2384 cod.
725 2348 824 2380 Mein.
839 2345 940 2377 Prisc.
958 2353 965 2373 z
982 2339 1061 2380 quid
1078 2336 1110 2367 id
1123 2334 1164 2366 ad
1181 2332 1220 2362 br
1233 2339 1307 2361 cum
1321 2326 1403 2368 pler.
1419 2334 1425 2354 :
1450 2318 1529 2361 quid
