1600 2704
111 104 169 142 29
192 101 232 142 67
562 97 618 135 M.
651 97 820 136 TVLLI
851 97 1157 137 CICERONIS

108 736 164 773 30

122 1183 162 1216 68

190 214 369 245 mentum
396 219 489 246 suae
519 206 714 246 societatis
740 206 1015 257 amicitiaeque
1044 218 1129 245 esse
1155 205 1351 253 voluisset,
1375 206 1415 246 id
1444 207 1518 247 sibi

190 271 235 311 C.
254 272 417 310 Verrem
438 271 646 310 abstulisse
665 286 674 317 ;
702 271 752 310 de
769 270 905 310 ceteris
931 270 1115 321 operibus
1131 283 1178 309 ex
1193 283 1288 309 auro
1301 278 1339 309 et
1351 272 1517 321 gemmis

189 348 290 386 quae
311 349 381 374 sua
401 349 523 387 penes
543 335 653 374 illum
674 343 804 374 essent
825 349 867 374 se
899 349 978 374 non
1010 335 1195 382 laborare,
1218 336 1294 374 hoc
1326 335 1401 375 sibi
1421 336 1518 387 eripi

189 400 375 439 miserum
408 413 492 440 esse
527 408 565 439 et
598 400 816 451 indignum.
877 401 925 439 Id
959 400 1031 439 etsi
1063 407 1180 438 antea
1211 399 1289 438 iarn
1320 390 1453 439 mente
1479 408 1518 439 et

189 465 428 516 cogitatione
472 479 542 504 sua
586 465 790 516 fratrisque
829 465 888 504 sui
932 472 1205 504 consecratum
1245 472 1358 513 esset,
1385 472 1516 504 tamen
1537 481 1554 512 5

188 537 272 568 tum
303 543 343 569 se
373 530 413 568 in
443 530 510 569 illo
539 538 737 569 conventu
767 529 911 568 civium
943 531 1215 569 Romanorum
1245 530 1339 568 dare
1370 530 1517 569 donare

187 594 318 633 dicare
352 607 580 633 consecrare
614 593 698 633 Iovi
730 593 896 644 Optimo
920 593 1107 641 Maximo,
1139 601 1359 644 testemque
1387 593 1517 644 ipsum

188 659 326 697 Iovem
355 671 448 697 suae
472 657 684 697 voluntatis
708 670 754 695 ac
778 657 975 707 religionis
1002 657 1200 696 adhibere.

242 724 356 771 Quae
386 736 472 770 vox,
501 735 603 773 quae
632 723 761 768 latera,
794 735 896 772 quae
924 722 1023 761 vires
1052 722 1167 761 huius
1198 722 1314 761 unius
1344 722 1516 762 criminis

187 786 475 837 querimoniam
530 795 697 837 possunt
746 787 967 826 sustinere?
1042 788 1129 825 Rex
1175 787 1407 834 Antiochus,
1449 788 1517 838 qui
1540 801 1578 825 10

186 853 341 890 Rornae
365 860 456 891 ante
483 853 619 890 oculos
646 851 826 890 omnium
851 858 1028 890 nostrum
1056 851 1259 890 biennium
1290 852 1369 890 fere
1399 852 1518 890 comi-

185 925 268 955 tatu
303 917 409 968 regio
440 923 559 968 atque
594 924 733 955 ornatu
768 915 914 962 fuisset,
949 915 980 954 is
1015 928 1106 954 cum
1137 915 1287 954 amicus
1316 923 1355 955 et
1386 916 1516 955 socius

184 982 323 1032 populi
358 983 530 1020 Romani
570 988 682 1028 esset,
723 980 964 1020 amicissimo
1006 988 1124 1031 patre,
1163 994 1248 1028 avo,
1290 981 1515 1029 maioribus,

183 1046 466 1096 antiquissimis
497 1052 535 1084 et
563 1045 786 1084 clarissimis
816 1044 982 1095 regibus,
1011 1044 1311 1094 opulentissimo
1335 1053 1374 1085 et
1400 1046 1517 1084 maxi-

184 1122 251 1148 mo
282 1123 412 1160 regno,
450 1122 637 1160 praeceps
673 1109 873 1159 provincia
911 1109 1049 1159 populi
1083 1109 1257 1149 Romani
1289 1110 1515 1150 exturbatus
1538 1125 1575 1158 15

183 1182 253 1212 est.
314 1175 446 1223 Quem
478 1175 528 1213 ad
561 1174 725 1212 modum
760 1174 836 1212 hoc
868 1180 1096 1224 accepturas
1135 1173 1315 1213 nationes
1354 1182 1517 1224 exteras,

184 1250 303 1287 quern
338 1239 389 1276 ad
422 1239 585 1277 modum
621 1237 735 1276 huius
761 1237 817 1276 tui
841 1238 933 1277 facti
961 1239 1107 1277 famam
1136 1238 1177 1277 in
1207 1252 1325 1289 regna
1350 1240 1517 1280 aliorum

183 1309 302 1351 atque
333 1302 372 1340 in
402 1302 559 1341 ultimas
588 1309 707 1342 terras
734 1310 1009 1353 perventuram
1038 1302 1195 1353 putasti,
1219 1316 1310 1342 cum
1337 1304 1518 1344 audirent

183 1380 205 1404 a
225 1374 404 1416 praetore
435 1366 572 1417 populi
613 1366 785 1405 Romani
825 1366 864 1405 in
903 1366 1104 1417 provincia
1145 1367 1333 1407 violatum
1373 1382 1515 1419 regem,

184 1430 395 1480 spoliatum
427 1430 636 1481 hospitem,
659 1431 829 1470 eiectum
850 1425 1001 1470 sociu'm
1028 1432 1165 1483 populi
1195 1432 1369 1472 Romani
1397 1441 1517 1484 atque
1539 1450 1576 1472 20

182 1495 386 1534 amicum?
444 1497 602 1535 Nomen
631 1503 802 1534 vestrum
833 1496 1048 1547 populique
1075 1498 1248 1537 Romani
1275 1498 1370 1538 odio
1398 1506 1518 1550 atque

183 1560 387 1599 acerbitati
430 1561 569 1600 scitote
607 1561 834 1600 nationibus
873 1562 1022 1609 exteris,
1065 1562 1225 1611 iudices,
1266 1565 1451 1612 futurum,
1485 1564 1518 1604 si

184 1625 294 1664 istius
327 1627 424 1665 haec
457 1634 564 1664 tanta
596 1626 734 1664 iniuria
766 1626 958 1677 impunita
991 1627 1222 1667 discesserit.
1283 1629 1347 1668 Sic
1377 1642 1517 1669 omnes

183 1690 486 1737 arbitrabuntur,
527 1690 753 1740 praesertim
793 1704 884 1729 curn
924 1693 1021 1731 haec
1060 1693 1164 1731 fama
1202 1694 1252 1732 de
1291 1701 1515 1732 nostrorum

183 1755 392 1794 hominum
423 1755 582 1794 avaritia
624 1763 661 1794 et
701 1756 916 1806 cupiditate
950 1757 1243 1807 percrebruerit,
1284 1770 1365 1797 non
1405 1758 1514 1797 istius
1535 1771 1571 1803 2„

183 1821 303 1859 solius
329 1821 405 1859 hoc
437 1834 522 1859 esse
551 1820 713 1868 facinus,
736 1822 806 1860 sed
837 1834 972 1860 eorum
1003 1821 1121 1861 etiam
1151 1822 1218 1872 qui
1246 1823 1512 1873 adprobarint.

185 1885 304 1923 Multi
334 1898 452 1936 reges,
476 1886 621 1924 multae
650 1885 796 1925 liberae
823 1886 1009 1933 civitates,
1035 1886 1146 1925 multi
1174 1887 1311 1937 privati
1338 1887 1516 1938 opulenti

182 1963 228 1988 ac
250 1957 430 2000 potentes
451 1950 599 1989 habent
619 1952 796 2002 profecto
817 1950 856 1989 in
886 1951 1019 1991 animo
1040 1951 1281 2003 Capitolium
1301 1952 1356 1991 sic
1377 1965 1516 1992 ornare

183 2022 224 2052 ut
246 2015 382 2065 templi
403 2015 571 2066 dignitas
593 2015 812 2067 imperique
832 2016 954 2055 nostri
975 2029 1121 2056 nomen
1141 2017 1338 2057 desiderat
1354 2032 1365 2066 3
1394 2018 1463 2069 qui
1482 2017 1514 2057 si

183 2078 442 2118 intellexerint
472 2081 685 2120 interverso
714 2082 790 2119 hoc
817 2081 935 2131 regali
962 2081 1070 2120 dono
1093 2081 1258 2131 graviter
1278 2095 1346 2121 vos
1366 2082 1512 2129 tulisse,
1533 2099 1551 2132 3

182 2152 288 2192 grata
321 2146 401 2184 fore
435 2145 547 2184 vobis
582 2147 810 2196 populoque
845 2147 1030 2185 Romano
1061 2159 1130 2185 sua
1161 2147 1290 2186 studia
1328 2161 1373 2186 ac
1407 2149 1512 2187 dona

231 2256 243 2275 1
272 2247 303 2278 id
333 2248 394 2278 sibi
424 2247 563 2288 RSHp:
589 2249 621 2279 id
645 2249 686 2279 ad
711 2258 749 2279 se
774 2247 856 2290 G2L,
879 2248 964 2280 unde
979 2248 1048 2280 edd.
1065 2249 1096 2279 id
1116 2249 1157 2280 ab
1174 2260 1210 2280 se
1236 2249 1299 2291 (Cl.
1318 2249 1397 2282 Rev.
1417 2251 1507 2287 xviii,

177 2294 212 2328 p.
234 2293 304 2320 210'
460 2302 498 2322 10
523 2298 663 2331 possunt
681 2291 802 2323 RSH:
828 2293 958 2332 possint
975 2294 991 2322 δ
1007 2305 1012 2323 :
1037 2302 1137 2332 posse
1155 2294 1196 2322 rrk
1337 2303 1374 2332 15
1400 2303 1418 2324 e
1435 2303 1510 2332 pro-

183 2333 292 2363 vincia
305 2339 328 2372 p
345 2334 387 2364 al.
521 2344 560 2374 25
586 2336 816 2374 percrebuerit
833 2335 928 2375 RSp¹
948 2335 999 2375 (cf.
1021 2335 1052 2367 ii.
1075 2340 1089 2373 ξ
1110 2338 1136 2374 7x
