1600 2704
127 133 168 172 17
191 141 232 173 37
560 125 616 163 M.
648 125 816 163 TVLLI
847 123 1152 164 CICERONIS

191 233 468 285 Drepanitanis
489 234 595 274 bona
611 233 734 285 patria
756 240 888 284 erepta
901 245 992 272 cum
1006 232 1074 271 illo
1094 231 1257 282 partitus
1271 245 1311 271 es
1326 246 1336 280 ;
1364 233 1518 282 gaudeo

188 299 306 338 etiarn
328 299 358 338 si
379 299 475 350 quid
495 299 546 337 ab
566 312 614 338 eo
643 298 847 345 abstulisti,
872 305 910 337 et
936 298 1007 336 abs
1028 304 1066 335 te
1086 296 1183 335 nihil
1209 296 1351 335 rectius
1372 297 1519 335 factum

188 377 272 403 esse
293 364 394 403 dico.
456 366 493 402 A
514 365 669 413 Lysone
690 376 781 402 vero
806 361 1045 413 Lilybitano,
1064 361 1192 412 primo
1218 361 1390 408 homine,
1413 362 1520 411 apud

188 442 307 479 quem
337 430 562 468 deversatus
594 441 646 475 es,
677 426 873 478 Apollinis
905 426 1060 477 signum
1093 427 1269 464 ablatum
1301 433 1405 464 certe
1439 438 1520 463 non

188 493 370 544 oportuit.
428 493 549 532 Dices
569 501 608 531 te
629 492 780 532 emisse.
845 491 945 539 Scio,
970 491 1041 530 HS
1063 490 1178 530 mille.
1241 491 1328 529 ‘Ita
1356 489 1520 541 opinor.'
1542 503 1559 534 5

188 558 288 604 Scio,
312 557 484 608 inquam.
547 558 768 595 ‘Proferam
797 556 966 595 litteras.’
1026 555 1182 594 Tamen
1201 554 1242 594 id
1262 556 1409 593 factum
1440 567 1520 593 non

188 621 369 671 oportuit.
420 624 456 660 A
477 621 627 672 pupillo
651 621 768 668 Heio,
794 620 858 659 cui
881 621 925 660 C.
950 621 1161 659 Marcellus
1182 626 1287 659 tutor
1307 628 1376 666 est,
1398 632 1420 657 a
1442 631 1521 668 quo

187 686 396 735 pecuniam
443 687 632 736 grandem
681 685 890 735 eripueras,
939 684 1099 735 scaphia
1138 697 1229 722 cum
1273 683 1520 722 emblematis

190 750 365 800 Lilybaei
393 757 523 788 utrum
555 758 688 800 empta
721 763 806 789 esse
835 749 933 789 dicis
960 763 1011 788 an
1045 749 1241 787 confiteris
1272 751 1435 798 erepta?

129 825 170 863 38
243 816 321 854 Sed
342 815 438 865 quid
458 828 531 865 ego
551 814 661 854 istius
682 814 722 853 in
743 815 825 853 eius
847 815 956 853 modi
981 815 1097 854 rebus
1124 813 1333 852 mediocris
1363 813 1520 851 iniurias
1544 826 1582 849 10

189 879 342 930 colligo,
365 893 466 930 quae
494 888 647 919 tanturn
678 881 799 919 modo
819 879 860 918 in
880 879 989 918 furtis
1009 879 1119 918 istius
1140 887 1178 917 et
1199 878 1354 917 damnis
1384 890 1521 916 eorum

188 957 211 982 a
241 944 384 994 quibus
415 945 616 984 auferebat
646 952 820 983 versatae
856 957 941 983 esse
971 943 1209 983 videantur?
1266 942 1457 993 Accipite,
1490 942 1521 981 si

189 1009 315 1056 vultis,
344 1008 505 1057 iudices,
538 1022 619 1048 rem
647 1008 729 1047 eius
761 1008 870 1048 modi
898 1016 940 1047 ut
973 1008 1187 1047 amentiam
1218 1008 1453 1058 singularem
1484 1015 1522 1045 et

191 1074 361 1112 furorem
382 1073 472 1120 iam,
494 1086 576 1112 non
597 1073 853 1123 cupiditatem
876 1073 957 1112 eius
978 1073 1196 1124 perspicere
1216 1073 1383 1123 possitis.

129 1137 173 1176 18
249 1138 468 1178 Melitensis
491 1138 691 1177 Diodorus
711 1147 779 1185 est,
803 1138 870 1189 qui
893 1139 1000 1189 apud
1020 1151 1089 1177 vos
1115 1146 1230 1177 antea
1250 1138 1521 1177 testimonium
1543 1153 1581 1185 15

192 1203 299 1242 dixit.
370 1206 409 1242 Is
450 1203 624 1253 Lilybaei
663 1205 808 1242 multos
847 1203 924 1242 iam
962 1216 1087 1241 annos
1125 1203 1287 1251 habitat,
1324 1205 1445 1242 homo
1485 1211 1523 1242 et

191 1268 300 1307 domi
328 1268 470 1307 nobilis
496 1277 534 1307 et
563 1269 669 1318 apud
697 1281 764 1307 eos
796 1281 876 1318 quo
906 1281 947 1307 se
974 1267 1139 1307 contulit
1160 1277 1318 1319 propter
1339 1269 1522 1307 virtutem

190 1333 422 1383 splendidus
449 1341 487 1372 et
512 1333 713 1384 gratiosus.
776 1334 837 1371 De
864 1334 940 1372 hoc
965 1333 1075 1372 Verri
1104 1332 1245 1372 dicitur
1265 1334 1409 1372 habere
1431 1347 1522 1372 eum

190 1399 367 1448 perbona
395 1406 624 1445 toreumata,
647 1397 687 1436 in
708 1397 767 1436 his
792 1400 935 1448 pocula
963 1400 1170 1448 quaedam,
1193 1411 1295 1449 quae
1325 1398 1522 1437 Thericlia

191 1463 455 1510 nominantur,
479 1462 672 1501 Mentoris
703 1475 823 1501 manu
852 1475 1009 1501 summo
1037 1463 1201 1502 artificio
1228 1465 1338 1502 facta.
1400 1465 1522 1512 Quod
1544 1476 1584 1499 20

191 1528 263 1567 iste
292 1527 361 1567 ubi
389 1527 550 1575 audivit,
574 1527 628 1566 sic
655 1527 872 1577 cupiditate
902 1527 1167 1567 inflammatus
1195 1536 1253 1567 est
1282 1542 1363 1567 non
1394 1529 1522 1567 solum

191 1592 427 1642 inspiciendi
452 1605 588 1632 verum
617 1591 734 1631 etiam
761 1592 965 1631 auferendi
994 1600 1037 1631 ut
1068 1593 1290 1632 Diodorum
1314 1595 1365 1633 ad
1395 1606 1436 1632 se
1460 1605 1524 1631 vo-

191 1665 295 1696 caret
325 1670 370 1696 ac
400 1664 588 1707 posceret.
663 1658 747 1704 Ille,
783 1658 850 1707 qui
880 1656 945 1695 illa
978 1670 1059 1696 non
1089 1658 1232 1697 invitus
1262 1658 1435 1705 haberet,
1471 1670 1525 1696 re-

192 1721 351 1772 spondit
374 1721 549 1771 Lilybaei
570 1734 611 1760 se
633 1734 713 1759 non
734 1721 889 1768 habere,
907 1722 1069 1762 Melitae
1089 1724 1196 1773 apud
1217 1725 1417 1773 quendam
1438 1736 1524 1774 pro-

132 1804 172 1837 39
192 1787 385 1837 pinquum
420 1799 535 1824 suum
566 1785 782 1835 reliquisse.
839 1787 944 1824 Tum
977 1787 1049 1826 iste
1083 1787 1273 1826 continuo
1307 1788 1425 1826 mittit
1457 1789 1522 1826 ho·
1545 1800 1584 1833 ²5

193 1851 318 1889 mines
342 1858 469 1889 certos
498 1850 688 1897 Melitam,
713 1848 846 1889 scribit
872 1853 924 1891 ad
951 1854 1145 1902 quosdam
1174 1853 1394 1892 Melitensis
1416 1862 1457 1892 ut
1480 1866 1525 1892 ea

191 1928 282 1953 vasa
311 1915 547 1966 perquirant,
571 1922 680 1964 rogat
714 1914 937 1954 Diodorum
967 1924 1009 1955 ut
1037 1918 1089 1956 ad
1118 1917 1228 1956 illum
1258 1918 1524 1968 propinquum

191 1993 305 2019 suum
337 1981 404 2019 det
437 1980 608 2027 litteras3
644 1979 741 2018 nihil
773 1980 808 2019 ei
843 1980 997 2031 longius
1030 1982 1236 2022 videbatur
1274 1996 1392 2033 quam
1429 1985 1523 2022 dum

191 2044 286 2083 illud
308 2045 456 2084 videret
485 2052 700 2095 argentum.
762 2045 972 2092 Diodorus,
995 2048 1117 2086 homo
1147 2047 1245 2097 frugi
1268 2060 1314 2086 ac
1345 2048 1521 2099 diligenS,

192 2109 257 2159 qui
289 2123 357 2148 sua
388 2123 539 2149 servare
571 2112 698 2159 vellet,
720 2112 771 2149 ad
803 2111 1069 2162 propinquum
1099 2126 1213 2151 suum
1244 2113 1377 2153 scribit
1407 2122 1449 2152 ut
1478 2114 1523 2152 iis
1544 2125 1583 2158 30

193 2176 258 2223 qui
280 2188 302 2212 a
323 2175 444 2214 Verre
465 2174 663 2214 venissent
692 2177 946 2226 responderet
967 2176 1063 2216 illud
1089 2185 1293 2227 argentum
1322 2191 1363 2217 se
1390 2178 1524 2228 paucis

237 2285 256 2314 3
281 2287 299 2307 a
317 2276 402 2316 Sp5:
427 2278 468 2308 ab
486 2277 520 2308 R
656 2288 693 2308 12
717 2283 869 2309 versatae
885 2277 1004 2311 Lamb.
1023 2291 1029 2310 :
1053 2286 1185 2312 versata
1201 2280 1291 2312 codd.
1429 2291 1466 2320 13
1491 2286 1524 2311 et

195 2319 341 2350 furorem
367 2319 447 2351 RS:
474 2326 509 2351 ut
534 2320 596 2351 fur.
615 2333 635 2351 π
770 2331 807 2360 14
832 2322 897 2352 iam
925 2333 993 2354 non
1024 2322 1115 2364 RHp
1142 2325 1186 2364 (v,
1208 2327 1222 2362 ᾗ
1245 2325 1341 2364 177ζε
1369 2334 1434 2355 non
1461 2325 1524 2354 iam

195 2361 288 2393 SDq!
426 2373 463 2403 19
489 2364 540 2394 his
558 2363 715 2404 SR²Hp2
741 2365 769 2395 is
786 2364 832 2394 R1
