1600 2704
1478 61 1513 79 7„

129 62 396 105 ACTIONIS
428 69 489 107 IN
520 71 564 109 C.
588 73 829 117 VERREM
861 81 1159 129 SECVNDAE
1190 94 1292 133 LIB.
1320 99 1337 135 I
1384 109 1428 148 15
1448 115 1468 147 4

98 169 162 208 cui
176 183 248 220 pro
262 183 469 222 quaestore
481 179 615 228 fuerat,
631 182 944 230 inimicissimum
958 202 1077 245 atque
1092 198 1426 251 improbissimum

97 233 364 276 testimonium
385 240 491 280 dixit.
553 245 625 284 Ille
654 248 771 288 miser
798 265 889 292 cum
917 267 1018 297 esset
1051 262 1122 301 Cn.
1148 266 1424 319 Dolabella,—

94 311 183 336 cum
203 302 427 349 proditione
447 306 557 347 istius
577 313 732 361 nefaria,
753 323 837 355 tum
857 319 1040 370 improbo
1059 340 1106 365 ac
1125 330 1224 369 falso
1244 334 1421 378 eiusdem

92 363 470 414 testimonio‚—tum
491 376 616 414 multo
645 391 692 416 ex
721 381 890 422 maxima
904 396 1013 435 parte
1034 390 1143 431 istius
1164 396 1353 439 furtorum
1374 417 1420 442 ac

52 439 69 470 5
89 427 322 477 flagitiorum
352 432 498 475 invidia
518 441 780 492 conflagravit.
841 449 950 497 Quid
979 454 1056 493 hoc
1081 457 1242 499 homine
1269 465 1417 506 faciatis
1438 450 1476 530 ¹2

86 499 153 530 aut
171 494 223 532 ad
244 508 362 545 quam
376 512 487 550 spem
503 510 583 542 tam
603 509 870 560 perfidiosum,
889 523 968 554 tam
985 518 1254 570 importunum
1271 529 1415 570 animal
1436 512 1455 540 4

85 559 315 599 reservetis?
357 565 424 614 qui
454 566 493 605 in
524 569 597 608 Cn.
630 573 814 615 Carbone
845 588 1000 629 sortem,
1035 584 1075 623 in
1108 588 1179 627 Cn.
1206 592 1414 636 Dolabella

83 624 324 666 voluntatem
358 633 569 682 neglexerit
591 650 638 676 ac
664 639 824 690 violarit,
858 659 1005 697 eosque
1023 651 1144 691 ambo
1174 668 1256 694 non
1290 663 1412 702 modo

80 687 293 730 deseruerit
324 697 393 734 sed
426 698 543 739 etiam
570 704 787 752 prodiderit
812 717 931 760 atque
957 719 1202 766 oppugnarit.
1263 724 1408 774 Nolite,

23 766 61 789 10
78 764 236 802 quaeso,
259 756 418 807 iudiceS,
443 762 631 806 brevitate
651 770 836 811 orationis
857 788 968 816 meae
988 780 1119 829 potius
1141 797 1259 834 quam
1280 802 1407 829 rerum

76 816 247 867 ipsarum
280 826 551 875 magnitudine
585 832 749 874 crimina
778 842 1021 892 ponderare3
1061 847 1157 886 mihi
1187 852 1293 891 enim
1322 868 1408 905 pro-

74 886 292 930 perandum
314 893 535 932 necessario
556 904 625 943 est,
649 906 690 938 ut
711 903 845 941 omnia
875 906 986 945 vobis
1014 922 1115 960 quae
1136 914 1233 953 mihi
1262 920 1404 958 consti-

72 953 156 985 tuta
184 959 275 990 sunt
300 955 448 1002 possim
475 972 679 1009 exponere.
734 966 865 1014 Quam
887 970 940 1008 ob
960 985 1041 1011 rem
1063 987 1272 1024 quaestura
1292 982 1403 1024 istius
1422 1001 1463 1034 43

71 1012 338 1055 demonstrata
384 1020 579 1073 primique
636 1028 882 1079 magistratus
925 1043 963 1073 et
1020 1039 1121 1078 furto
1169 1050 1207 1081 et
1254 1048 1400 1088 scelere

12 1089 50 1122 15
68 1088 284 1129 perspecto,
304 1084 453 1135 reliqua
477 1091 679 1132 attendite.
741 1097 788 1133 In
813 1098 957 1147 quibus
984 1101 1080 1143 illud
1102 1113 1258 1159 tempus
1280 1113 1400 1152 Sulla-

66 1154 204 1182 narum
231 1149 559 1199 proscriptionum
588 1170 634 1195 ac
662 1160 885 1210 rapinarum
906 1170 1239 1222 praetermittam3
1268 1190 1398 1228 neque

65 1218 138 1255 ego
166 1207 283 1248 istum
313 1212 388 1252 sibi
417 1230 463 1254 ex
492 1224 695 1261 communi
722 1227 944 1269 calamitate
974 1233 1246 1278 defensionem
1277 1244 1395 1282 ullam

63 1269 188 1310 sinam
208 1286 373 1325 sumere,
402 1281 482 1320 suis
506 1296 597 1323 eum
622 1288 736 1327 certis
766 1294 1011 1346 propriisque
1032 1299 1260 1342 criminibus
1282 1320 1394 1346 accu-

61 1335 168 1374 sabo.
229 1340 361 1388 Quam
381 1344 434 1383 ob
455 1359 536 1385 rem
558 1350 634 1389 hoc
654 1355 762 1393 omni
785 1364 961 1408 tempore
988 1364 1149 1405 Sullano
1170 1381 1216 1406 ex
1237 1383 1390 1411 accusa-

3 1413 44 1436 20
60 1398 168 1439 tione
183 1402 478 1459 circumscripto
499 1413 734 1463 legationem
751 1420 833 1459 eius
847 1428 1085 1473 praeclaram
1107 1435 1347 1482 cognoscite.

112 1467 375 1519 Posteaquam
411 1475 483 1514 Cn.
515 1479 746 1523 Dolabellae
774 1488 973 1535 provincia
1003 1493 1141 1534 Cilicia
1174 1500 1387 1541 constituta
1404 1485 1449 1579 Z

55 1537 122 1577 est,
141 1544 166 1569 o
186 1532 227 1571 di
247 1533 498 1588 immortales,
522 1554 669 1593 quanta
697 1548 768 1588 iste
801 1553 1026 1604 cupiditate,
1056 1560 1199 1609 quibus
1233 1566 1385 1616 adlega-

54 1594 226 1636 tionibus
265 1599 370 1640 illam
406 1604 479 1644 sibi
520 1609 755 1659 legationem
787 1622 1046 1669 expugnavit!
1087 1624 1127 1665 id
1167 1631 1276 1677 quod
1308 1632 1380 1670 Cn.

54 1660 285 1703 Dolabellae
314 1667 550 1720 principium
582 1677 774 1718 maximae
807 1684 1037 1726 calamitatis
1070 1690 1150 1729 fuit.
1202 1695 1306 1733 Nam
1338 1706 1380 1735 ut

0 1737 32 1769 25
52 1732 109 1762 est
128 1729 336 1778 profectus,
364 1746 615 1789 quacumque
647 1742 717 1782 iter
749 1746 849 1793 fecit,
869 1749 952 1788 eius
977 1754 1085 1792 modi
1115 1756 1197 1804 fuit,
1227 1772 1306 1798 non
1338 1771 1380 1801 ut

48 1788 197 1838 legatus
226 1798 362 1845 populi
402 1801 585 1851 Romani,
609 1808 679 1846 sed
713 1818 754 1848 ut
789 1815 983 1861 quaedam
1014 1819 1213 1860 calamitas
1247 1837 1378 1873 perva-

46 1854 138 1893 dere
164 1856 369 1900 videretur.
423 1865 469 1903 In
502 1869 1015 1923 Achaia—praetermittam
1049 1883 1201 1924 minora
1230 1890 1371 1938 omnia,

85 1967 105 1987 2
129 1959 192 1991 Cn.
219 1961 393 1996 Dolabella
419 1967 477 2000 del.
502 1971 702 2015 Naugerius,
731 1978 830 2021 Iord.‚
860 1982 989 2022 Kays.:
1031 1989 1149 2019 malim
1181 1990 1241 2022 Ille
1271 1994 1375 2026 miser

44 2000 81 2039 (i,
101 2004 116 2039 ξ
136 2004 190 2042 74)
210 2015 285 2036 cum
308 2014 399 2040 esset
419 2013 631 2055 conflictatus,
650 2029 725 2050 cum
739 2026 790 2053 etc.
885 2037 904 2064 3
930 2038 1003 2059 cum
1026 2032 1140 2068 prodit
1157 2032 1213 2073 Dp
1227 2038 1343 2076 elpler.
1365 2050 1371 2068 :

41 2047 109 2075 tum
127 2048 238 2085 prodit
257 2050 354 2089 G2K6
421 2060 489 2086 tum
508 2057 605 2098 impr.
623 2060 660 2091 K
678 2063 720 2094 al.
739 2076 745 2094 ε
771 2075 845 2097 cum
860 2068 955 2108 impr.
969 2072 1025 2112 Dp
1041 2077 1071 2104 et
1081 2076 1159 2114 pler.
1252 2091 1271 2118 4
1296 2091 1369 2112 cum

40 2087 144 2119 multo
164 2090 218 2129 G2.
326 2095 374 2135 Cf,
392 2097 466 2130 Act.
486 2099 543 2132 Pr.
565 2105 580 2139 §
602 2114 668 2143 34;
693 2107 712 2139 i.
734 2111 770 2145 §§
790 2111 841 2148 65,
866 2122 948 2151 119;
974 2115 1018 2154 iii,
1040 2118 1057 2153 ξ
1079 2119 1139 2149 188
1283 2133 1303 2162 5
1327 2125 1369 2155 de

38 2129 101 2161 hoc
117 2143 157 2171 qr
300 2148 316 2176 7
343 2139 498 2173 Carbone
516 2170 523 2176 .
541 2168 548 2175 .
568 2169 575 2175 .
598 2147 773 2182 Dolabella
790 2152 968 2187 Manutius
984 2169 991 2188 :
1018 2170 1085 2190 -em
1103 2185 1110 2192 .
1132 2187 1139 2193 .
1157 2187 1164 2193 .
1182 2175 1250 2195 —am
1277 2167 1367 2199 codd.

37 2173 57 2202 8
79 2176 175 2207 ambo
187 2178 272 2210 Dal.
286 2192 307 2210 π
322 2193 329 2212 :
353 2184 470 2216 ambos
483 2186 647 2226 bG2LKZ
748 2205 790 2225 22
814 2197 859 2227 dii
877 2197 934 2239 Dp
1067 2214 1108 2243 25
1133 2211 1185 2237 est
1202 2207 1258 2248 Dp
1278 2210 1341 2241 rell.
1358 2221 1365 2241 :

37 2215 99 2247 iste
123 2219 206 2258 616:
231 2228 282 2254 est
305 2224 369 2257 iste
392 2227 509 2269 Kays.‚
536 2231 646 2265 Muell.
696 2237 729 2266 A
755 2240 847 2270 verbo
872 2245 1091 2286 quacun[que
1121 2260 1226 2289 usque
1256 2253 1304 2283 ad
1326 2254 1365 2286 C.

34 2258 172 2293 Verrem
197 2264 216 2303 i,
245 2268 260 2302 §
286 2277 326 2307 45
350 2280 633 2307 commemoratur
645 2279 883 2320 fragmentum
900 2284 1116 2329 Palimpsesti
1136 2292 1166 2323 T
1163 2296 1363 2337 attritzensts,

35 2305 191 2337 mutilum
210 2309 322 2348 ipsum
351 2313 425 2355 (T.)
549 2320 591 2349 26
615 2325 821 2360 persuadere
844 2327 888 2358 Tb
1000 2343 1039 2371 27
1063 2333 1226 2367 Achaiam
1250 2339 1280 2369 T
