1600 2704
98 182 142 220 14
163 183 204 218 35
532 153 589 191 M.
619 143 789 187 TVLLI
819 130 1126 180 c1CER0N1s

165 277 300 332 primis
343 270 451 312 domi
492 277 586 305 suae
628 255 772 298 nobilis
815 259 854 291 et
890 254 982 288 ante
1023 245 1131 282 hunc
1173 242 1394 288 praetorem
1430 227 1492 266 vel

168 335 516 396 pecuniosissimus
543 328 887 378 Syracusanorum,
909 323 1016 350 nunc
1042 306 1151 346 nulla
1172 301 1249 341 alia
1274 293 1495 337 calamitate

171 408 245 448 nisi
276 403 386 444 istius
412 394 572 438 avaritia
600 398 719 438 atque
745 380 885 422 iniuria
914 371 1196 428 pauperrimus.
1255 361 1364 402 Huic
1392 361 1500 397 here-

173 474 275 514 ditas
305 469 356 508 ad
388 465 459 503 Hs
486 458 599 499 facile
626 451 783 492 triciens
806 443 913 484 venit
939 441 1176 479 testamento
1201 423 1413 481 propinqui
1442 420 1503 460 sui

151 532 364 579 1Heraclii‚
397 529 515 580 plena
553 523 696 561 domus
735 509 875 552 caelati
912 503 1060 556 argenti
1099 495 1239 549 optimi
1278 492 1505 537 multaeque
1525 497 1542 530 5

177 600 368 650 stragulae
402 590 520 631 vestis
559 583 901 637 pretiosorumque
932 564 1245 616 mancipiorum3
1288 555 1433 607 quibus
1466 551 1507 588 in

179 667 295 706 rebus
333 659 444 699 istius
487 649 723 703 cupiditates
762 649 800 681 et
838 635 1009 677 insanias
1051 629 1139 681 quis
1177 623 1359 676 ignorat?
1416 619 1510 656 Erat

180 733 220 770 in
241 736 421 768 sermone
445 732 517 765 res,
540 723 725 764 magnam
750 701 939 746 Heraclio
960 694 1171 749 pecuniam
1199 688 1402 731 relictam,
1430 693 1511 720 non

184 796 311 835 solum
340 783 573 828 Heraclium
598 775 773 819 divitem,
801 769 873 808 sed
900 765 1018 804 etiam
1045 764 1227 799 ornatum
1257 745 1514 802 supellectile,

127 872 167 912 36
185 863 358 910 argento,
408 856 530 894 veste,
576 837 783 889 mancipiis
830 835 1015 872 futurum.
1088 820 1212 862 Audit
1258 819 1357 855 haec
1397 809 1515 850 etiam
1538 821 1577 845 10

188 928 340 967 Verres,
364 925 401 958 et
421 914 549 967 primo
568 909 636 947 illo
657 917 729 944 suo
749 899 897 940 leniore
917 890 1082 933 artificio
1104 882 1337 925 Heraclium
1357 872 1519 925 adgredi

192 994 367 1030 conatur,
384 989 427 1020 ut
447 990 538 1018 eum
555 978 663 1023 roget
678 962 937 1017 inspicienda,
953 968 1054 1008 quae
1075 965 1156 991 non
1169 948 1319 988 reddat.
1364 938 1521 980 Deinde

193 1068 217 1093 a
247 1047 486 1102 quibusdam
525 1031 779 1089 Syracusanis
817 1015 1165 1067 admonetur,-hi
1201 1018 1335 1051 autem
1359 1004 1522 1057 quidam

197 1123 306 1158 erant
329 1112 480 1152 adfines
506 1103 628 1148 istius,
662 1107 831 1149 quorum
860 1091 933 1129 iste
962 1097 1102 1126 uxores
1130 1087 1349 1127 numquam
1378 1069 1525 1109 alienas

199 1175 443 1222 existimavit,
484 1172 722 1210 Cleomenes
761 1166 800 1198 et
837 1151 1040 1196 Aeschrio,
1081 1146 1149 1197 qui
1187 1147 1381 1193 quantum
1419 1131 1527 1184 apud
1550 1143 1586 1175 15

199 1248 318 1285 istum
345 1248 384 1281 et
404 1249 523 1289 quam
551 1230 654 1281 turpi
675 1229 725 1267 de
752 1235 870 1264 causa
893 1214 1092 1270 potuerint
1112 1224 1159 1250 ex
1178 1203 1338 1255 reliquis
1363 1194 1530 1240 crimini·

202 1313 277 1350 bus
303 1299 560 1351 intellegetis:
589 1294 644 1342 hi,
668 1298 711 1331 ut
735 1290 840 1334 dico,
866 1281 1071 1323 hominem
1097 1275 1315 1314 admonent
1335 1277 1418 1304 rem
1447 1272 1533 1301 esse

205 1373 456 1426 praeclaram,
468 1365 649 1403 refertam
665 1354 850 1396 omnibus
866 1348 996 1393 rebus,
1008 1344 1138 1394 ipsum
1154 1343 1287 1376 autem
1304 1326 1535 1370 Heraclium

206 1437 410 1479 hominem
442 1442 527 1469 esse
560 1424 748 1464 maiorem
782 1423 888 1461 natu,
921 1423 1004 1450 non
1042 1398 1406 1458 promptissimum3
1446 1401 1536 1430 eum

208 1509 361 1556 praeter
403 1493 615 1536 Marcellos
658 1493 880 1537 patronum,
921 1487 1041 1527 quem
1084 1482 1157 1509 suo
1194 1466 1278 1505 iure
1320 1459 1428 1500 adire
1470 1459 1539 1493 aut
1560 1469 1600 1492 ιο

211 1567 406 1619 appellare
430 1564 578 1611 posset,
605 1553 752 1592 habere
782 1543 983 1585 neminem
999 1554 1009 1587 3
1041 1548 1127 1576 esse
1156 1532 1197 1570 in
1231 1541 1280 1569 eo
1304 1526 1541 1565 testamento

214 1645 293 1684 quo
314 1630 377 1667 ille
397 1628 510 1664 heres
538 1625 640 1660 esset
664 1613 842 1663 scriptus,
864 1615 907 1646 ut
931 1611 1078 1644 statuas
1105 1599 1145 1637 in
1166 1596 1358 1647 palaestra
1382 1586 1544 1626 deberet

216 1707 377 1749 ponere.
436 1685 665 1727 ‘Faciemus
696 1686 740 1717 ut
769 1670 1015 1726 palaestritae
1052 1668 1197 1713 negent
1230 1670 1278 1697 ex
1310 1654 1547 1694 testamento

219 1774 305 1802 esse
346 1755 505 1808 positas,
550 1753 686 1800 petant
732 1738 1003 1781 hereditatem,
1049 1728 1159 1780 quod
1205 1735 1294 1763 eam
1333 1719 1549 1770 palaestrae

162 1843 201 1878 37
222 1822 476 1866 commissam
511 1827 597 1854 esse
628 1807 786 1850 dieant.'
843 1798 995 1841 Placuit
1034 1793 1133 1833 ratio
1168 1786 1303 1833 Verri3
1343 1794 1436 1820 nam
1474 1779 1551 1816 hoc
1573 1791 1600 1822 23

225 1889 359 1930 animo
392 1879 637 1935 providebat,
674 1885 765 1912 cum
797 1873 906 1907 tanta
936 1859 1132 1902 hereditas
1169 1854 1210 1893 in
1245 1842 1551 1890 controversiam

226 1953 397 1994 venisset
417 1944 645 1993 iudicioque
665 1941 874 1990 peteretur,
894 1927 976 1968 fieri
1000 1937 1082 1964 non
1103 1931 1219 1973 posse
1239 1922 1281 1955 ut
1306 1913 1390 1952 sine
1410 1907 1555 1960 praeda

274 2066 293 2096 5
319 2055 437 2086 domus
453 2059 518 2081 om.
539 2046 591 2078 O:
615 2044 648 2083 ii,
671 2045 686 2079 ξ
705 2041 746 2079 36
835 2033 939 2074 plena
956 2027 1076 2062 celatia
1092 2022 1212 2065 optimi
1228 2015 1361 2058 argenti
1381 2013 1411 2045 Ο
1537 2008 1559 2037 6

232 2099 523 2141 pretiosorumque
541 2089 608 2121 cO:
636 2079 1029 2127 pretiosissimorumque
1049 2070 1113 2102 rell.
1270 2073 1287 2101 7
1314 2056 1462 2090 insanias
1480 2051 1558 2084 cO¹t

233 2153 299 2174 —am
318 2140 382 2172 rell.
547 2135 567 2164 8
592 2127 770 2172 pecuniam
790 2120 951 2153 Heraclio
971 2117 1001 2148 O
1125 2110 1276 2142 relictam
1292 2102 1402 2143 cOpk:
1427 2094 1564 2129 inseruit

235 2198 261 2217 s.
279 2187 299 2215 I.
319 2183 454 2214 venisse
468 2177 507 2220 p2
527 2189 534 2208 z
558 2174 693 2206 venisse
712 2168 862 2200 relictam
879 2173 936 2203 qr:
962 2159 1097 2191 venisse
1112 2156 1149 2186 ὺδ
1306 2156 1343 2177 11
1370 2143 1515 2184 primum
1533 2136 1564 2167 Ο

237 2229 365 2259 leniore
386 2223 470 2255 O‘b:
495 2221 621 2251 leviore
639 2214 704 2246 rell.
862 2217 901 2237 12
926 2200 1140 2242 inspiciunda
1159 2195 1201 2228 Οι
1303 2190 1364 2220 An
1381 2195 1467 2226 quae
1487 2189 1567 2213 mox

241 2271 378 2303 reddat?
400 2266 450 2308 (C.
469 2264 511 2294 R.
531 2261 622 2292 xviii.
641 2258 696 2296 24)
821 2261 860 2290 13
885 2248 1021 2288 quidam
1037 2248 1134 2275 erant
1145 2239 1190 2282 pb
1203 2235 1269 2269 rell.
1285 2246 1292 2266 :
1316 2234 1415 2263 erant
1430 2226 1565 2268 quidam

244 2315 315 2353 qu
475 2308 513 2337 18
538 2308 612 2335 ante
636 2301 793 2332 refertam
818 2293 893 2326 add.
922 2289 1040 2321 Lamb.
1065 2288 1200 2317 domum
1225 2280 1345 2320 (supra
1370 2277 1386 2312 5
1405 2274 1460 2312 35)
1479 2268 1566 2300 Fort.

247 2359 333 2400 (post
347 2352 479 2385 -laram3
498 2350 602 2379 larem
621 2345 781 2375 refertum
802 2340 812 2370 2
925 2344 967 2365 20
990 2333 1061 2363 iure
1079 2338 1140 2361 suo
1157 2328 1173 2357 δ
1275 2331 1316 2351 22
1341 2317 1486 2356 scriptus
1505 2309 1567 2341 0¹:

246 2400 408 2438 scriptum
427 2393 491 2424 rell.
628 2398 670 2426 23
694 2395 738 2416 ex
754 2386 833 2414 test.
855 2389 931 2417 neg.
954 2376 983 2407 O
1114 2381 1155 2410 25
1181 2365 1392 2400 commissam
1408 2367 1484 2390 esse
1501 2353 1570 2386 coe

248 2440 456 2474 commisisse
476 2435 539 2466 rell.
