1600 2704
122 244 144 269 a
183 220 455 278 quaestoribus
503 208 671 254 urbanis,
713 201 821 254 quod
868 195 994 247 priore
1042 186 1197 227 actione
1242 173 1444 219 didicistis,

125 289 334 346 pecuniam
361 279 593 323 abstulisse;
622 276 734 311 erunt
760 263 827 315 qui
855 268 892 299 et
918 259 958 296 in
986 267 1034 294 eo
1057 260 1217 302 quoque
1242 238 1449 282 audaciam

952 316 1181 360 nominibus
1228 310 1279 349 de
1325 303 1452 354 capite

128 359 211 398 eius
258 347 558 402 reprehendant,
600 336 708 388 quod
756 329 904 378 aliquot

569 418 606 443 m
636 398 750 440 fuerit
778 387 962 433 frumenti
989 376 1198 424 decumani
1225 367 1456 413 detraxerit3

728 475 780 507 eS‚
804 457 871 509 qui
900 454 1010 492 illum
1040 446 1123 486 eius
1151 440 1377 493 peculatum
1397 431 1458 469 vel
1478 444 1495 476 5

891 518 971 557 uod
1006 514 1078 552 iste
1118 509 1174 547 M.
1212 497 1390 543 Marcelli
1423 503 1462 534 et

131 428 322 475 quantum
350 409 564 453 commodu

134 493 247 528 erunt
276 482 393 522 etiam
423 478 596 517 fortasse,
619 464 725 505 iudic

136 550 322 592 acerrime
356 537 639 581 vindicandum
677 532 827 580 putent,
863 535 890 570 q

140 620 181 656 P.
200 609 374 653 Africani
395 604 663 645 monumenta,
682 604 783 643 quae
802 584 963 626 nomine
983 580 1151 620 illorum,
1169 584 1209 609 re
1224 580 1314 606 vera
1329 560 1465 614 populi

1593 230 1600 291 l

1592 302 1600 420 l

1593 466 1600 503 l

1594 510 1600 587 Ε

144 676 315 720 Romani
346 681 383 712 et
413 674 522 709 erant
551 672 589 703 et
617 657 875 699 habebantur,
898 662 945 687 ex
973 643 1072 684 fanis
1102 628 1400 687 religiosissimis
1429 633 1467 664 et
1594 591 1600 688 Ξ

823 718 971 755 'corum
1000 721 1079 747 non
1101 697 1287 743 dubitarit
1307 695 1466 734 auferre.
1594 690 1600 814 1

1597 1325 1600 1404 l

1598 1422 1600 1448 ι

155 999 373 1045 reservavit,
415 996 575 1044 quaerat
614 1000 638 1024 n

157 1065 321 1112 crimini,
356 1071 491 1100 verum
530 1052 648 1092 etiam
683 1058 763 1097 quo
801 1047 916 1093 pacto
955 1046 1047 1073 suae
1086 1019 1325 1068 confessioni
1361 1012 1484 1068 possit

161 1129 319 1176 mederi,
338 1119 559 1165 meminerit
579 1129 620 1154 se
641 1112 767 1163 priore
782 1105 948 1149 actione,
967 1100 1136 1137 clamore
1156 1085 1293 1140 populi
1313 1076 1486 1122 Romani
1507 1085 1543 1119 15

164 1200 306 1238 infesto
326 1200 443 1241 atque
464 1182 626 1224 inimico
646 1175 868 1217 excitatum,
892 1165 1116 1205 confessum
1138 1167 1222 1195 esse
1243 1152 1364 1191 duces
1384 1155 1489 1196 prae-

167 1267 316 1304 donum
351 1270 374 1295 a
406 1267 447 1292 se
479 1246 603 1289 securi
634 1256 715 1282 non
748 1250 832 1278 esse
863 1244 954 1283 perc

168 1327 333 1367 veritum
354 1334 404 1359 ne
428 1315 503 1356 sibi
527 1307 678 1352 crimini
701 1307 856 1344 daretur
877 1309 945 1336 eos
966 1293 1017 1331 ab
1038 1303 1078 1328 se
1099 1281 1267 1338 pecunia
1286 1277 1470 1317 liberatos
1486 1285 1496 1318 3

171 1396 345 1434 fateatur,
368 1385 409 1423 id
430 1380 539 1432 quod
568 1371 699 1424 negari
729 1381 809 1407 non
839 1366 977 1414 potest,
1002 1369 1043 1394 se
1072 1350 1266 1402 privatum
1292 1338 1497 1381 hominem

174 1455 418 1509 praedonum
439 1447 560 1485 duces
579 1439 688 1478 vivos
713 1440 830 1481 atque
858 1419 1066 1465 incolumis
1087 1412 1197 1456 domi
1224 1421 1326 1454 suae,
1349 1410 1500 1456 postea·
1522 1410 1561 1434 20

176 1533 295 1573 quam
335 1518 507 1554 Romam
545 1501 712 1547 redierit,
754 1507 878 1545 usque
915 1491 1011 1528 dum
1054 1495 1122 1534 per
1160 1491 1224 1517 me
1260 1469 1413 1512 licuerit
1450 1479 1504 1505 re-

179 1585 355 1627 tinuisse.
415 1579 509 1616 Hoc
547 1572 587 1610 in
626 1569 694 1606 illo
730 1555 944 1601 maiestatis
984 1546 1132 1589 iudicio
1170 1542 1201 1581 si
1238 1536 1395 1579 licuisse
1433 1531 1508 1571 sibi

711 1629 716 1634 '
850 1619 1055 1661 oncedam.
1134 1611 1194 1648 Ex
1235 1607 1311 1643 hoc
1350 1609 1510 1651 quoque
1598 1606 1600 1636 ι

957 1239 1080 1271 ussos,
1112 1235 1153 1260 se
1186 1218 1264 1256 iam
1293 1221 1378 1252 tum
1407 1219 1492 1247 esse

775 1704 799 1728 o
824 1701 886 1726 me
914 1685 990 1722 iam
1021 1678 1173 1730 pridem
1200 1675 1314 1709 vocat
1342 1664 1513 1716 populus

779 1748 966 1793 libertatis
997 1752 1035 1784 et
1064 1736 1230 1781 civitatis
1260 1744 1376 1772 suum
1405 1733 1516 1778 putat
1538 1719 1600 1767 25³

911 1809 1142 1856 Confringat
1171 1803 1243 1841 iste
1271 1809 1365 1836 sane
1384 1793 1422 1831 vi
1449 1803 1519 1829 sua

184 1712 370 1757 evaserit:
406 1702 628 1758 proficiscar
652 1709 699 1735 eo
720 1705 772 1743 qu

133 1801 170 1832 13
189 1784 420 1820 Romanus;
457 1771 508 1808 de
537 1767 619 1804 iure
645 1759 751 1800 enim

191 1857 275 1886 esse
304 1837 509 1881 iudicium,
529 1839 567 1870 et
596 1834 700 1867 recte
729 1826 849 1873 putat.

193 1907 355 1950 consilia
389 1896 594 1943 senatoria,
628 1896 879 1943 quaestiones
915 1875 1051 1918 omniu

195 1991 241 2016 ex
261 1980 387 2013 vestra
407 1965 610 2007 severitate
627 1976 634 1999 :
672 1955 767 1996 mihi
786 1948 947 1991 credite,
968 1939 1174 1983 artioribus
1198 1931 1305 1983 apud
1330 1925 1523 1978 populum

199 2045 426 2080 Romanum
446 2028 595 2081 laqueis
616 2020 823 2064 tenebitur.
870 2011 1015 2053 Credet
1035 2005 1095 2045 his
1112 1998 1309 2051 equitibus
1331 1985 1524 2030 Romanis

200 2105 369 2156 populus
404 2101 610 2137 Romanus
642 2087 709 2139 qui
743 2085 793 2123 ad
824 2093 893 2119 vos
927 2082 1018 2115 ante
1056 2062 1237 2120 producti
1276 2064 1394 2097 testes
1432 2049 1525 2102 ipsis
1546 2054 1600 2102 3⁰5

1598 2108 1600 2123 l

848 2179 1046 2217 Wesenberg,
1066 2171 1133 2204 secl.
1151 2164 1263 2199 Muell.
1390 2168 1413 2198 9
1436 2153 1529 2187 dubi-

886 2250 893 2257 .
910 2222 1054 2254 veritum
1071 2213 1176 2254 suppl.
1196 2213 1229 2240 in
1247 2215 1314 2245 mg.
1327 2202 1364 2243 p²
1490 2205 1529 2228 21

887 2268 928 2298 al.
944 2271 988 2306 p:
1013 2263 1078 2292 iam
1092 2268 1145 2288 me
1159 2253 1287 2295 pridem
1307 2247 1346 2285 G,
1365 2257 1372 2276 :
1396 2253 1450 2275 me
1467 2242 1533 2272 iam

1259 2303 1299 2332 29
1322 2290 1374 2320 his
1391 2287 1445 2328 Dp
1462 2297 1468 2316 :
1494 2283 1534 2314 iis

247 2218 265 2238 2
290 2211 324 2237 et
339 2201 428 2235 codd.
446 2200 479 2238 (ξ
498 2200 554 2237 47)
570 2208 577 2226 ι
601 2196 685 2224 auct.
704 2188 823 2225 Halm,

204 2250 326 2284 taverit
343 2249 358 2277 δ
493 2240 597 2272 16——18
621 2234 814 2267 confessum
832 2253 838 2259 .
858 2251 864 2257 .

208 2294 357 2326 tenuisse
374 2289 411 2319 ὁδ
479 2295 520 2322 24
546 2292 598 2312 me
616 2281 680 2310 iam
699 2275 828 2316 pridem
843 2270 877 2301 D

210 2349 276 2370 non
293 2334 422 2376 pridem
443 2329 485 2368 G2
608 2324 649 2353 26
676 2323 766 2351 recte
784 2317 839 2357 Dp
854 2312 916 2343 rell.
935 2321 941 2339 :
967 2306 1096 2337 ratione
1114 2301 1151 2337 (ἦ

210 2381 278 2414 cdd.
371 2385 412 2414 30
436 2376 535 2403 antea
548 2368 609 2409 pb&
1598 2337 1600 2370 ἰ

1598 2373 1600 2404 l
