1600 2704
510 107 674 146 SIGLA
714 107 823 144 PER
863 106 1065 146 LIBROS
1107 107 1248 145 11-111

213 244 220 250 .
242 244 248 250 .
270 243 276 250 .
296 217 384 251 velle
407 220 471 250 de:
502 221 539 256 ἐξ
559 218 666 257 59-68
688 216 868 248 maximum
887 241 894 248 .
914 243 920 249 .
942 242 948 248 .
968 217 1157 248 innocens:
1188 220 1223 256 ἐξ
1242 218 1348 257 83-87
1367 218 1435 249 dixi
1458 228 1548 250 com-

214 276 308 310 parat
327 296 334 303 .
355 295 362 302 .
384 295 391 302 .
414 276 449 301 ut
474 274 614 310 putant:
657 272 694 308 §§
723 269 871 299 loo—502
895 269 1004 308 ipsum
1030 270 1119 308 apud
1138 293 1145 300 .
1166 294 1173 300 .
1193 293 1200 300 .
1219 280 1295 300 cum
1321 270 1405 301 haec
1433 271 1546 313 ac[ta:

214 328 251 363 ἐξ
274 326 422 367 113-116
440 326 481 356 de
498 324 632 364 publico
653 347 659 354 .
679 347 687 355 .
707 347 715 354 .
735 323 863 354 Veneri
887 333 952 353 non
971 324 1013 353 de
1035 323 1201 364 Sthe[ni:
1228 327 1264 362 ξς
1287 325 1547 356 120—121testi-

211 381 325 412 monia
348 379 452 420 legati
471 404 477 410 .
497 403 504 410 .
525 403 532 410 .
552 379 760 409 dandarum:
793 380 831 415 ἐξ
860 387 1007 416 124-127
1031 382 1067 408 ut
1091 378 1120 409 is
1143 378 1309 418 amplior.
1331 403 1337 409 .
1357 402 1364 409 .
1385 379 1546 419 scriptum

211 440 284 467 erat
302 440 359 467 ut:
391 437 429 473 ἓξ
451 434 601 474 138-140
616 432 732 472 adepti
749 436 827 462 sunt
846 455 853 462 .
875 455 882 462 .
901 455 909 463 .
929 431 965 462 hi
992 432 1161 463 iudicent:
1188 435 1224 470 ἐξ
1247 442 1395 472 142—143
1411 433 1547 464 nomine

211 494 361 522 accersat
380 513 386 519 .
406 512 413 519 .
434 512 441 520 .
461 487 718 527 magistratibus
752 486 877 518 nostris
895 497 902 517 ε
949 487 989 525 ἐξ
1028 487 1179 526 152—156
1213 487 1308 518 voles
1346 496 1463 518 eorum
1482 511 1489 517 .
1510 511 1517 517 .
1536 512 1543 518 .

210 544 422 584 apertissime
453 542 571 573 vobis:
618 543 656 580 ἐξ
692 542 840 581 166-169
871 551 972 572 causa
1003 541 1108 573 multa
1130 565 1137 572 .
1158 565 1165 572 .
1186 565 1192 572 .
1217 542 1380 583 prodesse
1413 546 1545 582 potest:

213 601 250 636 ἐξ
272 599 417 637 188-191
445 596 625 636 pecuarius
642 619 650 628 .
670 620 677 627 .
698 620 705 627 .
726 596 874 627 dilucide
898 597 998 636 quod.

255 652 286 683 ii.
304 661 334 690 3.
357 655 393 690 ἕξ
416 661 476 681 1—2
501 650 634 682 Omnes
657 650 713 691 qui
731 675 739 682 .
759 674 767 682 .
787 674 794 682 .
813 650 912 682 officii
935 651 996 682 sed
1021 651 1144 684 etiam:
1182 654 1219 690 §5
1238 661 1346 691 20—23
1370 656 1406 683 ut
1434 661 1546 692 neque

209 730 217 737 .
238 731 245 736 .
265 730 272 737 .
293 716 360 737 non
378 706 487 737 solum
506 716 513 736 :
539 707 577 744 §§
596 715 705 746 24—29
722 705 995 746 diripiendasque
1010 731 1017 737 .
1038 731 1045 737 .
1066 731 1072 737 .
1092 717 1203 746 neque
1220 712 1331 738 tamen
1348 718 1355 737 ε
1383 709 1419 745 ἐξ
1437 717 1545 747 40-47

208 760 400 794 vendidisti.
463 760 514 791 Tu
533 784 540 791 .
561 784 568 791 .
588 783 596 791 .
614 770 772 791 annonae
804 759 1002 791 caritatem:
1042 764 1081 799 ἐξ
1100 764 1208 801 52-62
1241 761 1400 792 Profecto
1431 772 1546 801 quam-

208 825 307 855 quam
327 839 334 845 .
356 839 361 845 .
383 838 390 845 .
409 813 540 854 Aproni
566 814 719 845 convivio
737 825 744 844 :
771 815 809 852 ἐξ
826 815 935 853 66-70
953 813 1136 846 insolentia
1159 820 1342 846 consecuta
1360 839 1367 845 .
1387 840 1393 846 .
1415 839 1422 846 .
1441 815 1545 856 virgis

207 877 264 901 te:
308 873 344 907 ἐξ
366 870 471 909 74—78
506 874 620 901 tantus
656 869 753 900 dolor
770 892 777 899 .
797 891 804 899 .
825 892 832 899 .
852 874 1071 910 posteaquam
1102 874 1264 900 ventum:
1302 872 1339 907 ἐξ
1366 870 1478 909 83-86
1503 871 1545 902 de

208 925 324 965 populi
345 925 387 956 R.
406 924 499 956 victu
517 947 524 955 .
544 947 552 955 .
572 948 579 955 .
597 923 777 956 Tissenses
795 934 802 954 τ
837 925 875 962 ἐξ
898 933 1048 964 129-130
1063 923 1251 964 periculum
1268 924 1464 964 pertinebat
1480 948 1488 955 .
1508 949 1515 955 .
1534 949 1541 956 .

209 979 388 1010 decumani
405 989 411 1009 ε
462 981 500 1016 ἐξ
543 988 690 1018 137—144
729 983 836 1010 totam
878 979 1027 1018 iniquam
1053 1001 1060 1009 .
1081 1002 1088 1009 .
1109 1001 1116 1009 .
1142 978 1171 1010 si
1209 989 1311 1018 quem
1349 984 1519 1009 aratorum
1538 990 1545 1009 ι

209 1036 247 1071 ἐξ
270 1043 417 1074 152-157
442 1032 595 1064 Tenetur
619 1033 745 1072 igitur.
767 1056 774 1063 .
795 1056 802 1064 .
820 1031 942 1064 videtis
968 1038 1025 1064 ut:
1064 1036 1101 1071 ἐξ
1124 1033 1273 1073 168—173
1296 1033 1374 1073 quis
1397 1033 1544 1073 denique

235 1111 242 1118 .
262 1110 269 1118 .
291 1097 403 1118 emere
431 1087 551 1118 iussit:
594 1090 630 1124 ἐξ
660 1096 807 1127 175—177
839 1087 1036 1125 cognoscite
1066 1097 1110 1118 ex
1140 1087 1264 1119 litteris
1289 1113 1296 1118 .
1317 1112 1323 1119 .
1342 1112 1349 1118 .
1368 1087 1544 1119 Vidimus:

210 1145 247 1180 ἐξ
273 1143 423 1173 182-186
452 1141 642 1182 oppugnari
661 1165 668 1172 .
691 1166 697 1173 .
716 1165 723 1172 .
744 1142 974 1181 praedonum:
1013 1145 1050 1180 ἐξ
1072 1152 1224 1182 190-193
1248 1142 1462 1173 meminimus
1479 1166 1486 1173 .
1505 1166 1513 1173 .
1532 1167 1539 1174 .

208 1203 283 1225 mea
302 1194 459 1224 civitate:
488 1197 524 1231 ἐξ
543 1195 691 1233 195-196
702 1193 785 1224 Cum
803 1193 861 1223 tibi
881 1217 887 1223 .
908 1217 914 1224 .
936 1217 942 1223 .
965 1193 1040 1224 Hoc
1054 1194 1135 1232 quid
1154 1205 1160 1224 :
1186 1197 1386 1234 §§199-204
1401 1198 1436 1224 ut
1447 1193 1542 1224 daret

206 1254 344 1280 arator.
366 1272 371 1278 .
393 1272 399 1278 .
420 1248 477 1288 qui
493 1249 655 1279 aderant:
681 1251 717 1285 ἐξ
737 1257 890 1287 205-209
907 1257 975 1279 non
1000 1258 1045 1278 ex
1066 1258 1106 1279 eo
1125 1271 1132 1278 .
1153 1272 1160 1278 .
1181 1272 1188 1278 .
1209 1248 1381 1280 hominum
1397 1248 1542 1279 auctori-

206 1309 279 1333 tas:
319 1305 356 1340 ξς
380 1312 532 1341 212-214
557 1302 724 1333 adflictam
743 1326 749 1332 .
771 1325 802 1333 ..
823 1302 854 1332 in
882 1301 936 1333 illo
955 1313 961 1332 τ
1003 1305 1039 1340 ἐξ
1065 1312 1217 1342 220-225
1245 1308 1369 1341 quotus
1395 1302 1460 1333 erit
1477 1325 1484 1332 .
1505 1325 1512 1332 .
1531 1325 1538 1333 .

205 1357 395 1389 aestimavit
413 1357 518 1388 tanti:
546 1359 561 1394 ξ
579 1357 643 1387 228
662 1356 752 1387 nullo
770 1357 870 1388 modo
889 1379 895 1386 .
917 1379 923 1386 .
945 1379 951 1387 .
972 1361 1195 1388 revertantur.

338 1468 467 1501 Anecd.
494 1484 523 1496 =
546 1468 725 1501 Anecdota
743 1467 969 1509 Oxoniensia,
989 1468 1151 1500 Classical
1171 1468 1296 1509 Series,
1320 1469 1397 1501 Part
1414 1470 1460 1500 ix.

352 1525 387 1563 J.
407 1525 467 1556 Ph.
493 1540 520 1550 =
543 1523 684 1562 Journal
701 1523 739 1555 of
754 1523 943 1563 Philology.

263 1578 338 1609 Am.
355 1579 386 1617 J.
408 1578 467 1610 Ph.
493 1594 520 1605 =
543 1578 724 1609 American
741 1577 883 1616 Journal
901 1578 938 1609 of
953 1577 1141 1618 Philology.

311 1631 360 1662 Cl.
381 1632 466 1663 Rev.
493 1645 520 1657 z
543 1630 705 1662 Classical
726 1631 882 1661 Review.

1584 2454 1596 2641 ‘W-2,
