1600 2704
158 47 427 88 ACT10N1s
458 52 520 90 IN
551 52 594 92 C.
619 54 862 94 VERREM
893 58 1194 100 SECVNDAE
1225 64 1328 101 LIB.
1354 66 1372 102 1
1435 73 1458 112 7
1481 32 1562 103 18⁷⁷*

129 156 169 195 in
206 157 422 199 iudicando
455 161 623 202 nimium
657 164 717 203 sui
755 165 847 205 iuris
882 170 1180 221 sententiaeque
1215 184 1422 223 cognosset
1437 177 1454 214 ².

129 222 269 273 Itaque
297 223 495 265 iudicibus
522 228 674 268 reiectis
701 232 908 280 sperabam
938 233 1016 272 iam
1043 248 1143 274 onus
1171 250 1303 276 meum
1331 240 1458 278 vobis·
1479 257 1516 290 19

126 300 216 325 cum
244 301 330 328 esse
356 303 594 341 commune3
626 295 816 344 putabam
850 311 932 336 non
960 300 1087 338 solum
1116 301 1219 339 notis
1244 304 1314 341 sed
1338 304 1455 342 etiam

124 351 267 401 ignotis
296 356 503 404 probatam
533 370 663 397 meam
692 360 812 399 fidem
840 375 926 401 esse
953 371 991 401 et
1019 364 1273 415 diligentiam.
1333 368 1455 415 Quod

85 427 187 460 51ne
229 431 310 457 non
352 420 488 459 fefellit
501 436 512 470 3
568 436 661 462 nam
700 425 869 465 comitiis
909 427 1017 475 meis,
1059 442 1149 467 cum
1188 430 1261 469 iste
1303 431 1453 471 infinita

121 482 324 532 largitione
354 493 491 526 contra
520 500 584 526 me
613 496 798 538 uteretur,
826 494 998 542 populus
1030 495 1236 533 Romanus
1267 495 1452 535 iudicavit

119 546 230 585 istius
258 549 480 599 pecuniam,
512 564 615 602 quae
643 556 749 604 apud
780 569 844 595 me
873 565 1010 596 contra
1039 559 1159 598 fidem
1192 574 1319 599 meam
1354 562 1450 600 nihil

118 612 320 662 potuisset,
364 617 472 666 apud
516 631 558 657 se
600 628 737 659 contra
779 622 972 662 honorem
1019 637 1151 663 meum
1194 626 1290 664 nihil
1333 640 1449 677 posse

116 677 272 717 debere.
333 681 427 729 Quo
447 682 610 732 quidem
640 685 705 723 die
735 686 916 736 primum,
945 688 1106 737 iudices,
1135 690 1242 729 citati
1272 691 1312 730 in
1341 693 1447 731 hunc

58 757 97 780 10
116 755 224 780 reum
255 745 500 795 consedistis,
533 748 620 798 quis
655 757 735 788 tam
770 751 928 802 iniquus
964 754 1055 792 huic
1085 755 1213 794 ordini
1245 756 1331 804 fuit,
1359 757 1446 807 quis

114 813 194 846 tarn
229 821 420 848 novarum
455 825 582 851 rerum
618 812 854 856 iudiciorum
887 817 1144 870 iudicumque
1175 821 1343 872 cupidus
1377 822 1444 872 qui

114 885 194 911 non
223 883 385 924 aspectu
415 890 684 930 consessuque
711 888 840 920 vestro
870 888 1213 924 commoveretur?
1270 887 1373 926 Cum
1403 886 1443 925 in
1465 900 1505 923 20

112 950 160 976 eo
180 946 306 978 vestra
332 939 501 990 dignitas
528 942 624 981 mihi
651 945 820 984 fructum
844 947 1071 998 diligentiae
1098 951 1264 997 referret,
1288 951 1329 990 id
1356 965 1441 990 sum

109 1003 331 1051 adsecutus,
369 1013 411 1043 ut
443 1019 522 1045 una
555 1008 651 1046 hora
680 1022 758 1059 qua
789 1011 903 1061 coepi
938 1012 1068 1052 dicere
1100 1028 1167 1053 reo
1195 1016 1348 1063 audaci,
1380 1031 1442 1067 pe-

51 1082 88 1114 15
109 1067 285 1116 cunioso,
321 1072 493 1120 profuso,
528 1073 682 1122 perdito
720 1088 829 1124 spem
865 1076 986 1115 iudici
1017 1080 1296 1129 corrumpendi
1335 1095 1439 1131 prae-

108 1132 304 1180 ciderem;
336 1142 378 1173 ut
399 1135 526 1185 primo
547 1137 611 1176 die
632 1138 790 1177 testium
812 1147 922 1180 tanto
943 1155 1109 1182 numero
1130 1144 1249 1183 citato
1270 1148 1439 1195 populus

107 1198 314 1237 Romanus
344 1198 534 1240 iudicaret
565 1201 640 1241 isto
669 1203 853 1243 absoluto
883 1219 964 1244 rem
998 1207 1197 1257 publicam
1227 1217 1327 1249 stare
1358 1225 1437 1249 non

104 1274 245 1311 posse,
274 1270 317 1301 ut
339 1265 436 1303 alter
456 1264 540 1304 dies
563 1266 700 1306 amicis
721 1267 830 1308 istius
851 1283 897 1308 ae
918 1272 1192 1311 defensoribus
1213 1288 1294 1313 non
1316 1277 1438 1314 modo

104 1339 214 1377 spem
244 1327 429 1367 victoriae
461 1332 531 1369 sed
561 1331 679 1370 etiam
709 1336 953 1375 voluntatem
985 1338 1226 1377 defensionis
1255 1341 1434 1387 auferret,

44 1407 84 1429 20
102 1399 144 1430 ut
164 1393 299 1431 tertius
320 1392 403 1432 dies
425 1393 479 1433 sic
500 1396 704 1435 hominem
729 1408 991 1449 prosterneret
1015 1410 1058 1441 ut
1082 1403 1222 1442 morbo
1251 1404 1435 1444 simulato

101 1469 181 1495 non
213 1457 309 1507 quid
339 1461 608 1509 responderet,
638 1463 708 1501 sed
738 1477 857 1514 quem
888 1467 939 1505 ad
972 1468 1134 1505 modum
1166 1481 1247 1506 non
1277 1483 1433 1520 respon-

99 1522 223 1569 deret,
243 1521 487 1562 deliberaret.
551 1526 708 1566 Deinde
739 1529 896 1579 reliquis
928 1531 1069 1570 diebus
1099 1532 1158 1571 his
1188 1532 1428 1582 criminibus,

98 1585 157 1624 his
182 1587 358 1635 testibus,
381 1597 419 1628 et
447 1591 606 1630 urbanis
634 1601 671 1631 et
699 1594 1014 1644 provincialibus,
1039 1597 1094 1636 sic
1121 1599 1286 1638 obrutus
1312 1609 1430 1650 atque

96 1663 306 1701 oppressus
327 1661 385 1692 est
405 1662 448 1693 ut
468 1655 528 1694 his
550 1658 733 1696 ludorum
750 1659 890 1698 diebus
911 1660 1150 1711 interpositis
1171 1676 1290 1703 nemo
1311 1664 1428 1703 istum

37 1729 76 1762 ²5
95 1719 501 1769 comperendinatum,
526 1724 597 1761 sed
619 1725 929 1764 condemnatum
952 1725 1152 1766 iudicaret.
1447 1766 1470 1803 8

148 1783 399 1835 Quapropter
426 1801 499 1837 ego
529 1791 638 1838 quod
668 1791 719 1829 ad
749 1804 813 1830 me
841 1791 991 1838 attinet,
1022 1792 1183 1841 iudices,
1210 1794 1310 1841 vici3
1344 1809 1422 1834 non
1445 1835 1480 1857 21

93 1845 198 1884 enim
229 1850 354 1899 spolia
384 1852 429 1891 C.
452 1853 595 1901 Verris,
623 1856 693 1894 sed
723 1856 1051 1895 existimationem
1082 1858 1220 1908 populi
1251 1860 1423 1898 Romani

91 1913 311 1963 concupivi.
363 1917 501 1955 Meum
522 1918 595 1957 fuit
611 1933 700 1958 cum
717 1934 835 1959 causa
850 1924 1039 1961 accedere
1059 1924 1110 1961 ad
1129 1926 1399 1963 accusandum
1417 1942 1423 1964 ;

90 1991 192 2028 quae
226 1993 344 2019 causa
377 1982 449 2021 fuit
483 1984 695 2033 honestior,
727 2000 846 2036 quam
876 2002 899 2027 a
930 1996 1010 2026 tam
1041 1988 1193 2027 inlustri
1222 1990 1423 2039 provincia

30 2055 70 2087 30
88 2044 337 2084 defensorem
377 2047 563 2087 constitui
602 2057 640 2088 et
678 2050 828 2101 deligi?
875 2052 928 2091 rei
968 2053 1150 2103 publicae
1188 2056 1420 2094 consulere:

134 2159 148 2179 1
174 2157 355 2190 cognosset
380 2164 423 2183 rr:
447 2159 629 2193 cognoscet
655 2154 690 2185 D
713 2156 756 2188 al.
783 2156 888 2189 Schol.
918 2158 1083 2190 Gronau:
1108 2167 1331 2200 cognosceret
1355 2161 1417 2191 rell.

90 2191 125 2229 (i.
145 2194 161 2229 ξ
179 2204 221 2233 97
238 2205 246 2233 ;
270 2195 302 2234 ii,
324 2197 340 2232 §
358 2195 415 2235 33)
565 2209 585 2237 4
609 2209 685 2229 esse
703 2210 809 2230 meam
825 2201 925 2231 fidem
945 2201 1102 2234 Zielinski
1114 2208 1146 2243 p.
1170 2215 1230 2243 193
1378 2214 1417 2235 10

86 2235 220 2275 iniquus
236 2236 302 2268 ΒΨ
318 2250 324 2269 :
351 2239 460 2271 inicus
472 2246 518 2280 p:
543 2241 698 2273 inimicus
715 2243 752 2273 bf>
769 2244 815 2283 (ii,
834 2246 941 2286 5167)
1014 2256 1052 2276 12
1077 2253 1262 2287 conspectu
1274 2249 1290 2278 δ
1337 2259 1415 2279 con-

85 2287 254 2319 sensuque
265 2282 349 2322 qu
372 2283 446 2323 (sed
458 2284 509 2315 hic
522 2295 604 2316 corr.
622 2288 867 2329 consessuque)
962 2299 1000 2328 13
1024 2290 1104 2321 mihi
1122 2291 1270 2331 dignitas
1287 2294 1304 2322 δ
1378 2302 1414 2331 17

85 2321 148 2353 isto
159 2324 287 2365 Zumpt
297 2326 366 2357 edd.
385 2337 391 2356 :
409 2327 481 2367 ipso
491 2327 580 2359 codd.
650 2340 693 2370 29
709 2330 886 2363 honestior
901 2331 989 2374 DWp
1004 2345 1011 2365 :
1028 2335 1148 2366 iustior
1159 2337 1175 2366 δ
1190 2346 1196 2366 :
1222 2336 1383 2368 illustrior
1396 2336 1414 2365 b
