1600 2704
138 107 410 151 ACTIONIS
442 115 504 153 IN
533 117 579 156 c.
603 118 846 162 VERREM
876 124 1178 170 SECVNDAE
1209 134 1312 174 ΜΒ.
1339 138 1356 174 1
1406 114 1560 189 5715'3'

114 217 303 265 praedam
332 220 591 264 arbitraretur.
653 229 772 269 Nunc
803 244 854 270 ne
891 245 1223 288 argumentemur,
1260 256 1340 293 quo
1380 248 1451 288 ista

112 280 282 328 pecunia
302 286 522 333 pervenerit
541 289 634 328 facit
654 291 740 341 ipse
756 293 960 336 indicium.
1022 301 1199 342 Primum
1224 319 1315 346 cum
1337 313 1449 351 vehe-

111 344 282 384 mentius
302 360 393 386 cum
415 363 463 388 eo
485 352 534 390 D.
558 354 702 394 Brutus
722 361 993 409 contenderet,
1016 365 1085 415 qui
1108 368 1159 406 de
1189 382 1260 409 sua
1278 376 1448 423 pecunia

109 407 182 446 HS
203 419 288 447 DLX
317 411 424 451 milia
452 418 681 467 numeravit,
705 423 915 471 quodiam
945 426 1018 467 iste
1048 431 1145 470 ferre
1174 447 1256 474 non
1279 446 1446 489 poterat,

67 483 86 517 5
107 482 226 520 opere
262 475 435 525 addicto,
477 482 690 530 praedibus
727 489 900 539 acceptis
939 492 990 532 de
1030 495 1102 535 HS
1152 509 1237 536 DLX
1285 502 1444 544 milibus

104 536 253 577 remisit
287 541 336 579 D.
369 543 493 583 Bruto
523 547 594 586 HS
624 560 679 588 cx
709 551 825 592 milia.
888 557 993 605 Hoc,
1016 559 1048 597 si
1077 561 1206 602 aliena
1236 578 1295 604 res
1327 578 1439 617 esset,

102 608 209 640 certe
233 604 361 645 facere
381 620 462 647 non
489 612 691 660 potuisset.
754 618 912 659 Deinde
942 625 1095 663 nummi
1126 631 1319 670 numerati
1349 643 1440 672 sunt

101 664 329 717 Cornificio,
353 684 473 721 quem
503 676 671 717 scribam
703 692 817 720 suum
848 684 968 725 fuisse
1001 702 1143 739 negare
1178 707 1260 732 non
1295 706 1433 746 potest.

99 730 306 773 Postremo
325 734 448 785 ipsius
472 740 637 780 Haboni
659 744 817 785 tabulae
845 751 1032 798 praedam
1056 753 1161 794 illam
1184 756 1295 798 istius
1317 762 1436 802 fuisse

39 805 78 830 ιο
96 794 279 836 clamant.
341 801 492 841 Recita.
552 806 733 847 NOMINA
757 812 941 852 HABONI.

150 860 231 900 Hic
252 862 371 902 etiam
393 866 521 916 priore
540 870 697 911 actione
719 874 767 922 Q.
793 876 1032 919 Hortensius
1054 884 1247 934 pupillum
1272 891 1430 930 Iunium
1454 875 1505 922 58

91 932 378 973 praetextatum
401 933 555 972 venisse
574 936 615 973 in
635 945 807 978 vestrum
825 953 1083 994 conspectum
1105 957 1143 987 et
1164 953 1316 992 stetisse
1337 968 1429 995 cum
1456 943 1512 976 ¹⁵¹

90 996 230 1038 patruo
260 993 530 1035 testimonium
560 999 718 1041 dicente
747 1013 907 1053 questus
938 1017 1007 1056 est,
1030 1019 1068 1049 et
1096 1027 1159 1052 me
1189 1020 1429 1067 populariter

88 1064 202 1102 agere
222 1063 341 1105 atque
355 1057 544 1100 invidiam
559 1076 821 1115 commovere,
841 1073 949 1119 quod
971 1087 1135 1123 puerum
1151 1082 1421 1131 producerem,

30 1126 69 1159 15
87 1117 311 1159 clamitavit.
372 1123 481 1171 Quid
519 1134 613 1175 erat,
654 1131 855 1181 Hortensi,
901 1138 1061 1177 tandem
1108 1141 1148 1179 in
1194 1143 1261 1183 illo
1300 1160 1423 1196 puero

84 1184 284 1231 populare,
316 1186 412 1236 quid
442 1187 711 1233 invidiosum?
759 1198 939 1247 Gracchi,
968 1205 1097 1251 credo,
1129 1216 1198 1246 aut
1223 1210 1421 1253 Saturnini

81 1253 149 1284 aut
161 1247 326 1288 alicuius
342 1252 515 1293 hominis
532 1256 614 1295 eius
637 1260 745 1298 modi
762 1264 1022 1311 produxeram
1046 1269 1180 1319 filium,
1201 1281 1242 1312 ut
1258 1278 1420 1318 nomine

79 1308 166 1360 ipso
193 1320 231 1351 et
254 1316 446 1356 memoria
469 1320 587 1368 patris
614 1323 767 1363 animos
797 1326 1000 1378 imperitae
1029 1336 1293 1378 multitudinis
1315 1355 1418 1381 com-

79 1387 289 1417 moverem.
351 1382 391 1420 P.
418 1383 508 1422 Iuni
539 1394 630 1433 erat,
654 1389 825 1429 hominis
855 1394 906 1432 de
936 1397 1053 1445 plebe
1084 1400 1278 1450 Romana,
1302 1407 1414 1454 filius,

17 1453 60 1476 20
77 1452 195 1489 quem
212 1450 322 1492 pater
335 1446 505 1487 moriens
521 1463 612 1488 cum
630 1454 824 1494 tutoribus
838 1465 876 1495 et
889 1460 1133 1512 propinquis,
1150 1472 1232 1505 tum
1251 1470 1401 1519 legibus

75 1510 158 1543 tum
179 1508 368 1557 aequitati
392 1512 699 1563 magistratuum,
727 1525 810 1558 tum
833 1521 987 1563 iudiciis
1003 1528 1139 1567 vestris
1161 1537 1414 1575 commenda-

73 1575 156 1608 tum
196 1573 355 1621 putavit.
418 1576 498 1615 Hic
538 1578 649 1619 istius
701 1585 891 1625 scelerato
937 1591 1166 1643 nefarioque
1206 1598 1411 1640 latrocinio
1434 1615 1492 1648 152

72 1631 185 1674 bonis
202 1637 334 1685 patriis
351 1640 596 1694 fortunisque
612 1647 797 1687 omnibus
818 1652 1008 1701 spoliatus
1025 1658 1131 1697 venit
1149 1659 1187 1698 in
1204 1661 1408 1714 iudicium,

69 1696 101 1735 si
122 1698 219 1738 nihil
239 1701 357 1751 aliud,
381 1707 519 1746 saltem
541 1717 583 1748 ut
611 1724 702 1750 eum
727 1714 839 1754 cuius
868 1730 986 1767 opera
1008 1721 1090 1772 ipse
1115 1727 1260 1765 multos
1280 1742 1406 1770 annos

10 1773 48 1806 25
69 1771 170 1802 esset
200 1764 240 1804 in
270 1768 452 1809 sordibus
481 1776 600 1822 paulo
622 1783 755 1817 tamen
790 1780 1007 1824 obsoletius
1028 1789 1212 1829 vestitum
1243 1793 1401 1835 videret.

67 1826 208 1878 Itaque
229 1831 310 1878 tibi,
335 1835 537 1884 Hortensi,
560 1853 642 1878 non
663 1841 764 1882 illius
798 1854 917 1895 aetas,
941 1852 1011 1889 sed
1039 1865 1167 1902 causa,
1191 1870 1271 1895 non
1292 1862 1403 1899 vesti-

64 1898 136 1938 tus,
169 1895 239 1932 sed
273 1897 429 1937 fortuna
457 1904 656 1951 popularis
693 1906 909 1958 videbatur,
947 1927 1076 1965 neque
1111 1925 1148 1957 te
1182 1928 1261 1958 tam
1297 1936 1402 1962 com-

109 2005 122 2024 1
151 1996 247 2028 Nune
272 2010 315 2030 ne
344 2013 365 2031 π
389 2002 432 2042 (p
445 2009 522 2043 post
538 2006 636 2038 levem
649 2014 845 2053 rasuram):
873 2026 988 2048 nonne
1008 2021 1313 2062 (argumentamur)
1339 2027 1398 2058 ὁδε

62 2048 124 2069 nos
137 2049 179 2070 ne
192 2040 305 2073 Muell.
396 2055 416 2083 4
441 2046 503 2078 HS
521 2058 599 2081 mtx
610 2051 658 2082 ed.
675 2052 780 2086 Venet.
798 2059 881 2098 1483
897 2071 904 2090 z
928 2060 990 2093 HS
1007 2064 1166 2105 δὸιοῗορ
1254 2079 1277 2108 9
1299 2068 1396 2101 istius

54 2085 80 2120 p
98 2081 162 2113 rell.
180 2094 186 2114 :
212 2084 313 2117 huius
332 2085 365 2115 V
477 2101 506 2130 9,
527 2102 567 2123 10
591 2093 726 2128 Haboni
747 2098 795 2130 V:
822 2101 899 2142 -iip
1021 2116 1058 2136 12
1083 2113 1251 2147 praetext.
1271 2121 1346 2144 ven.
1370 2112 1400 2142 V

62 2125 115 2163 (ut
130 2125 271 2168 videtur)
290 2140 298 2160 ε
321 2140 398 2161 ven.
419 2138 525 2172 praet.
547 2141 595 2176 pr
608 2138 672 2170 rell.
772 2143 909 2176 stetisse
929 2156 1003 2178 cum
1027 2148 1076 2181 V:
1103 2156 1170 2182 stet
1188 2163 1264 2184 esse
1281 2165 1353 2185 cum
1368 2162 1393 2196 p

60 2166 115 2206 (ut
129 2168 208 2200 Par.
227 2171 330 2212 Lall.)
351 2185 358 2204 ε
383 2179 432 2206 tet
459 2187 535 2208 esse
563 2189 637 2211 cum
660 2181 724 2221 βε
748 2189 800 2215 ter
823 2197 900 2219 esse
926 2200 999 2221 curn
1017 2203 1077 2232 qr:
1103 2198 1209 2227 testes
1225 2207 1339 2228 secum
1356 2199 1394 2229 ὸδ

60 2219 98 2248 17
123 2212 195 2243 eius
219 2215 308 2246 modi
331 2221 357 2256 p
374 2218 463 2250 rell.:
488 2221 586 2253 huius
612 2225 701 2255 modi
723 2226 808 2268 V(i,
830 2232 846 2266 5
867 2241 929 2270 17;
955 2234 997 2273 iv,
1021 2237 1088 2276 56)
1239 2241 1277 2271 18
1302 2251 1391 2272 com-

57 2262 228 2286 moverem
249 2257 320 2289 Vrr:
344 2262 547 2294 concitarem
565 2265 603 2296 ὸδ
694 2278 734 2308 19
758 2270 830 2303 Iuni
854 2273 896 2306 V:
924 2275 1049 2319 Iuniip
1150 2292 1189 2313 21
1218 2293 1389 2316 commen-

56 2296 170 2328 datum
187 2299 290 2332 fuisse
311 2301 344 2331 V
470 2316 511 2346 24
536 2319 611 2340 eum
630 2320 696 2342 om.
710 2311 771 2352 pq¹
883 2328 923 2357 25
947 2325 1039 2352 esset
1059 2321 1109 2355 V:
1133 2330 1185 2357 est
1196 2331 1237 2367 pr
1346 2339 1387 2368 27

55 2342 88 2370 te
104 2345 214 2373 tamen
234 2345 390 2378 monebat
411 2346 444 2376 V
