1600 2704
73 107 116 134 21
138 111 179 143 54
512 93 570 130 M.
592 91 761 130 TVLLI
791 91 1097 131 CICERONIS

136 219 276 245 remus.
336 207 396 244 Ac
431 205 506 244 ‘de
537 201 676 242 consili
715 200 957 243 sententia'!
1027 201 1274 239 Praeclarum
1313 199 1464 239 recitari

136 270 358 317 consilium,
380 269 540 316 iudices,
563 267 752 316 audistis3
777 274 910 307 utrum
930 264 1042 304 vobis
1069 264 1278 304 consilium
1302 265 1464 303 tandem

137 335 325 388 praetoris
365 334 516 374 recitari
554 334 770 379 videbatur,
813 345 904 371 cum
943 329 1163 370 audiebatis
1202 329 1374 375 nomina,
1415 342 1465 367 an

79 418 118 451 55
138 400 348 452 praedonis
396 398 675 449 improbissimi
729 399 894 436 societas
940 404 1058 446 atque
1108 395 1347 434 comitatus?
1404 395 1466 432 En

139 467 343 505 foederum
393 464 633 515 interpreteS‚
676 462 883 509 societatis,
926 461 1129 513 pactionis,
1169 459 1366 510 religionis
1403 472 1468 498 au·
1487 474 1508 506 5

139 538 266 569 ctores
287 532 293 567 !
324 530 554 578 Numquam
572 527 612 565 in
629 526 758 566 Sicilia
776 528 1014 564 frumentum
1031 525 1189 575 publice
1211 531 1269 563 est
1290 530 1467 574 emptum

140 593 236 644 quin
271 591 518 631 Mamertinis
550 604 620 641 pro
648 589 828 641 portione
859 590 1123 640 imperaretur,
1152 596 1366 639 antequam
1392 589 1469 627 hoc

140 659 338 697 delectum
379 657 700 707 praeclarumque
738 654 946 693 consilium
985 654 1057 693 iste
1094 654 1215 701 dedit,
1248 661 1290 692 ut
1321 654 1372 692 ab
1410 653 1470 691 his

140 734 325 760 nummos
364 720 558 771 acciperet
597 732 643 758 ac
682 718 742 757 sui
781 718 917 757 similis
956 726 1068 757 esset.
1143 719 1284 769 Itaque
1316 726 1471 756 tantum

140 786 260 825 valuit
281 785 391 825 istius
412 784 561 824 decreti
581 783 791 823 auctoritas
817 791 1008 833 quantum
1034 782 1172 823 debuit
1196 783 1279 822 eius
1299 783 1470 822 hominis
1494 796 1533 819 10

141 851 219 901 qui,
252 864 274 889 a
307 849 450 901 quibus
486 851 725 888 frumentum
765 862 894 887 emere
932 847 1144 894 debuisset,
1185 847 1231 886 iis
1269 849 1471 887 decretum

142 916 395 956 vendidisset.
456 916 560 953 Nam
590 913 721 952 statim
751 915 794 952 L.
828 914 1014 953 Metellus
1042 920 1085 952 ut
1111 913 1173 951 isti
1203 912 1400 959 successit,
1427 926 1474 951 ex

144 982 189 1020 C.
223 979 445 1019 Sacerdotis
470 987 508 1018 et
538 991 584 1017 ex
611 980 696 1018 Sex.
731 978 928 1018 Peducaei
957 977 1136 1016 instituto
1163 991 1210 1017 ac
1239 977 1374 1016 litteris
1402 979 1474 1016 fru-

146 1053 324 1084 mentum
357 1043 604 1083 Mamertinis
634 1042 847 1094 imperavit.
906 1044 1012 1081 Tum
1044 1041 1098 1080 illi
1132 1042 1405 1081 intellexerunt
1433 1055 1474 1081 se

86 1097 102 1127 5
146 1110 186 1149 id
222 1110 332 1160 quod
374 1123 398 1148 a
433 1110 536 1148 malo
571 1116 730 1147 auctore
765 1107 951 1147 emissent
986 1106 1133 1147 diutius
1172 1107 1351 1146 obtinere
1393 1120 1474 1146 non
1497 1123 1535 1156 15

146 1188 273 1226 posse.

41 1217 126 1308 (ἓξ)
203 1242 288 1290 Age
318 1251 445 1289 porro,
468 1246 522 1285 tu,
554 1237 621 1288 qui
651 1245 731 1276 tam
748 1272 750 1274 ,
767 1237 990 1288 religiosum
1016 1236 1225 1276 existimari
1252 1245 1291 1277 te
1320 1237 1477 1277 voluisti

52 1280 86 1322 §³
115 1270 400 1355 >interpretem
428 1304 643 1349 foederum,
667 1315 735 1340 cur
759 1302 1102 1341 Tauromenitanis
1129 1303 1381 1349 frumentum,
1411 1315 1478 1340 cur

150 1369 306 1407 Netinis
344 1367 576 1418 imperasti?
633 1380 798 1417 quarum
837 1367 1038 1406 civitatum
1077 1374 1241 1418 utraque
1279 1368 1478 1407 foederata

150 1442 218 1473 est.
277 1435 338 1472 Ac
368 1432 504 1472 Netini
533 1431 694 1482 quidem
723 1432 797 1470 sibi
826 1446 907 1471 non
936 1433 1144 1471 defuerunt
1168 1446 1225 1480 ac,
1252 1432 1367 1471 simul
1395 1446 1479 1483 pro·
1501 1447 1542 1469 20

150 1497 337 1537 nuntiasti
373 1496 539 1535 libenter
573 1504 610 1534 te
644 1496 889 1535 Mamertinis
921 1497 1128 1544 remittere,
1163 1504 1200 1535 te
1229 1496 1410 1536 adierunt
1441 1505 1480 1536 et
1594 1513 1600 1550 ς

151 1563 319 1601 eandem
350 1574 461 1600 suam
489 1574 648 1600 causam
675 1561 842 1600 foederis
870 1574 954 1600 esse
985 1562 1215 1601 docuerunt.
1275 1563 1338 1600 Tu
1371 1561 1483 1601 aliter
1594 1551 1600 1612 1

1596 1624 1600 1644 Ι

1596 1696 1600 1734 ²

1597 1745 1600 1776 l

75 1036 125 1064 22

151 1629 364 1667 decernere
384 1627 523 1666 eadem
545 1626 584 1664 in
606 1639 722 1665 causa
743 1639 824 1665 non
845 1625 1006 1677 potuisti
1022 1640 1033 1673 3
1060 1626 1291 1676 pronuntias
1313 1627 1480 1666 Netinos

152 1694 393 1731 frumentum
422 1692 514 1729 dare
539 1703 619 1729 non
644 1690 789 1730 debere
816 1697 854 1729 et
873 1690 924 1729 ab
945 1690 1005 1729 his
1026 1697 1158 1730 tamen
1178 1691 1307 1741 exigis.
1368 1692 1481 1731 Cedo

153 1757 250 1796 mihi
271 1756 449 1795 eiusdem
478 1755 665 1806 praetoris
694 1755 838 1794 litteras
869 1762 907 1794 et
935 1768 1064 1795 rerum
1084 1758 1329 1797 decretarum
1350 1763 1388 1795 et
1408 1757 1482 1794 fru-
1503 1771 1542 1803 25
1597 1779 1600 1807 i

155 1820 278 1860 menti
316 1819 506 1870 imperati.
566 1821 780 1858 LITTERAE
819 1833 965 1859 RERVM
1005 1834 1300 1861 DECRETARVM.
1373 1820 1482 1870 Quid

155 1885 286 1936 potius
325 1884 365 1923 in
404 1886 478 1923 hac
517 1891 624 1923 tanta
663 1892 701 1923 et
740 1892 819 1924 tam
860 1886 962 1937 turpi
996 1886 1259 1926 inconstantia
1298 1885 1485 1936 suspicari

156 1963 376 2001 possumus,
413 1949 573 1997 iudices,
601 1962 721 2000 quam
749 1950 790 1990 id
826 1952 934 2002 quod
969 1965 1130 1992 necesse
1162 1960 1231 2000 est,
1267 1959 1333 1992 aut
1367 1950 1433 1991 isti
1464 1965 1487 1990 a

158 2015 314 2055 Netinis
349 2016 557 2066 pecuniam
599 2028 689 2054 curn
725 2025 904 2066 posceret
939 2030 1020 2056 non
1054 2018 1197 2066 datam,
1228 2025 1294 2057 aut
1328 2017 1369 2058 id
1400 2031 1487 2057 esse

157 2088 289 2119 actum
320 2087 362 2119 ut
391 2079 660 2131 intellegerent
690 2081 918 2120 Mamertini
947 2082 1049 2121 bene
1073 2095 1114 2122 se
1140 2083 1247 2133 apud
1268 2082 1385 2122 istum
1407 2091 1486 2122 tam
1507 2097 1549 2129 30

205 2193 224 2223 5
251 2185 416 2223 pactionis
432 2183 523 2214 Nohl
538 2195 544 2213 :
571 2183 745 2223 pactiones
762 2182 826 2214 RS
842 2195 848 2214 :
873 2189 1028 2224 pactores
1039 2185 1104 2225 pk&
1209 2195 1248 2225 13
1271 2196 1314 2217 ex
1332 2186 1425 2226 (post
1440 2187 1488 2224 et>

162 2237 228 2258 om.
242 2229 284 2267 pb
420 2238 462 2257 20
488 2226 553 2258 def.
573 2237 649 2257 nam
666 2227 764 2257 simul
783 2237 821 2258 ac
833 2228 876 2267 pb
1009 2238 1047 2258 21
1074 2233 1107 2259 te
1118 2229 1182 2268 pk&
1199 2240 1206 2259 :
1230 2240 1297 2261 om.
1317 2229 1382 2260 RS
1399 2232 1431 2269 (ξ
1449 2231 1490 2268 38

161 2271 301 2310 suprai:
326 2270 483 2300 adierunt
509 2275 542 2300 te
567 2275 601 2300 et
624 2270 734 2300 Halm
903 2272 945 2302 26
971 2271 1118 2302 Litterae
1142 2282 1253 2303 rerum
1281 2273 1490 2304 decretarum

162 2312 297 2352 Zumpt.
331 2312 412 2343 Post
441 2313 596 2352 imperati
631 2313 747 2344 habent
777 2312 841 2345 RS
865 2325 940 2346 eum
969 2315 1196 2354 decretarum,
1224 2317 1267 2355 p5
1311 2321 1345 2346 et
1379 2325 1488 2346 rerum

162 2357 373 2388 decretarum
392 2356 492 2386 tritici
511 2357 613 2395 empti
