1600 2704
65 103 334 143 ACTIONIS
357 105 417 142 IN
440 104 486 143 C.
507 105 750 142 VERREM
771 104 1072 143 SECVNDAE
1093 106 1198 144 LIB.
1223 107 1288 144 111
1337 115 1393 153 30
1416 118 1452 152 71
1482 76 1494 82 h
1523 85 1529 91 ¹

66 214 233 265 emptori
262 216 413 253 lucrum
443 214 537 254 addi
566 215 776 265 oportere?
833 215 944 263 Esto,
974 215 1165 264 putabas:
1196 229 1314 266 quam
1340 218 1392 256 ob

64 292 146 317 rem
166 279 389 329 imperabas
416 286 459 318 ut
485 280 707 318 adderent?
736 278 833 329 quid
854 287 912 317 est
937 278 1044 317 aliud
1076 292 1215 329 capere
1240 288 1278 318 et
1302 294 1392 318 con-

63 343 193 382 ciliare
213 343 412 394 pecunias,
435 344 476 382 in
496 357 576 394 quo
597 351 635 382 te
656 345 716 382 lex
737 352 855 391 tenet,
880 343 911 382 si
932 345 1008 382 hoc
1029 357 1109 382 non
1131 353 1200 391 est,
1219 344 1256 382 vi
1272 354 1391 396 atque

61 407 227 458 imperio
248 421 387 458 cogere
407 407 550 447 invitos
571 409 723 446 lucrum
745 409 838 448 dare
859 407 981 455 alteri,
1004 409 1080 447 hoc
1102 417 1160 447 est
1181 409 1391 459 pecuniam

23 473 184 516 5dare?
259 472 368 522 Quid
403 475 517 511 tum?
591 472 781 524 Apronio,
824 472 976 512 deliciis
1018 473 1218 524 praetoris,
1261 474 1391 512 lucelli
1415 483 1450 516 :2

60 537 210 587 aliquid
238 537 332 576 iussi
356 546 447 577 sunt
471 539 575 577 dare.
636 540 821 577 Putatote
842 538 1022 588 Apronio
1043 539 1191 584 datum,
1216 539 1245 577 si
1268 541 1391 588 Apro-

60 602 223 641 nianum
252 604 438 642 lucellum
468 616 514 642 ac
544 617 624 643 non
656 603 848 654 praetoria
879 605 1025 654 praeda
1046 604 1158 642 vobis
1180 603 1388 642 videbitur.

61 668 237 718 Imperas
266 675 309 706 ut
339 669 526 708 decumas
558 669 765 719 accipiant,
800 669 979 719 Apronio
1013 670 1106 708 dent
1143 668 1239 707 lucri
1274 668 1389 707 tritici

60 732 308 771 medimnum
337 745 489 771 xxxm.
552 733 661 783 Quid
692 742 750 772 est
780 735 889 772 hoc?
945 735 1035 772 Vna
1066 733 1201 772 civitas
1233 747 1277 772 ex
1309 747 1390 771 uno

1 809 41 832 10
57 810 151 847 agro
179 797 306 848 plebis
338 799 544 837 Romanae
576 812 698 849 prope
724 807 924 838 menstrua
945 799 1090 837 cibaria
1112 798 1300 849 praetoris
1322 798 1389 836 im-

57 861 166 912 perio
187 863 336 901 donare
356 863 535 913 Apronio
556 863 717 914 cogitur.
779 865 842 902 Tu
873 876 1017 913 magno
1047 865 1235 902 decumas
1256 863 1389 902 vendi-

57 926 160 974 disti,
185 940 275 966 cum
299 936 452 967 tantum
474 928 570 966 lucri
592 930 816 967 decumano
845 928 893 967 sit
913 930 1081 967 datum?
1138 930 1334 975 Profecto.
1356 927 1387 967 si

55 992 223 1042 pretium
259 993 493 1043 exquisisses
527 993 734 1044 diligenter
765 1001 848 1031 tum
884 1005 973 1031 cum
1007 993 1219 1041 vendebas,
1251 996 1279 1029 Ξ
1310 1007 1386 1032 me-

54 1056 237 1095 dimnum
268 1058 400 1108 potius
430 1058 677 1097 addidissent
706 1071 824 1108 quam
859 1059 929 1096 HS
952 1058 1006 1095 D—'c
1027 1066 1175 1107 postea.
1239 1059 1386 1107 Magna

0 1136 35 1170 15
54 1123 200 1172 praeda
230 1122 406 1162 videtur:
435 1123 569 1162 audite
599 1123 747 1173 reliqua
776 1131 814 1161 et
844 1121 1050 1172 diligenter
1079 1122 1281 1168 attendite,
1306 1136 1386 1172 quo

55 1187 184 1226 minus
215 1188 411 1227 miremini
443 1188 595 1227 Siculos
631 1201 670 1226 re
706 1186 925 1226 necessaria
955 1194 1114 1225 coactos
1145 1187 1332 1225 auxilium
1363 1201 1385 1225 a

54 1252 239 1303 patronis,
262 1254 314 1292 ab
344 1253 583 1299 consulibus,
611 1253 662 1291 ab
692 1261 841 1299 senatu,
874 1253 925 1290 ab
954 1252 1118 1302 legibus,
1149 1252 1200 1291 ab
1231 1252 1385 1291 iudiciis

53 1318 248 1368 petivisse.
322 1320 375 1357 Vt
414 1319 597 1369 probaret
637 1318 836 1368 Apronius
877 1319 953 1356 hoc
993 1316 1164 1355 triticum
1206 1319 1313 1367 quod
1350 1317 1384 1356 ei
1410 1334 1447 1365 73

53 1383 230 1430 dabatur,
253 1383 418 1434 imperat
439 1382 750 1434 Agyrinensibus
772 1384 913 1421 Verres
943 1390 985 1420 ut
1011 1381 1049 1419 in
1081 1381 1283 1420 medimna
1312 1382 1385 1420 sin-

0 1460 35 1482 20
52 1450 142 1498 gula
171 1450 313 1488 dentur
343 1449 521 1500 Apronio
553 1449 635 1487 HS.
697 1448 805 1497 Quid
841 1456 899 1487 est
934 1449 1041 1485 hoc?
1073 1456 1184 1486 tanto
1216 1461 1384 1486 numero
1404 1454 1447 1491 31

52 1513 237 1553 frumenti
266 1514 363 1553 lucri
393 1514 555 1553 nomine
585 1513 778 1564 imperato
808 1521 845 1551 et
876 1526 1070 1563 expresso,
1096 1513 1248 1550 nummi
1278 1525 1385 1563 prae-

51 1585 156 1617 terea
185 1579 392 1630 exiguntur
420 1587 463 1617 ut
498 1580 685 1630 probetur
717 1580 989 1617 frumentum?
1029 1580 1092 1616 An
1122 1585 1275 1628 poterat
1303 1591 1384 1616 non

52 1645 174 1683 modo
203 1644 412 1695 Apronius,
444 1645 515 1683 sed
545 1644 683 1693 quivis,
716 1642 899 1682 exercitui
931 1642 960 1680 si
992 1642 1238 1681 metiendum
1269 1651 1383 1689 esset,

52 1707 273 1759 improbare
304 1708 480 1748 Siculum
510 1710 764 1755 frumentum,
788 1709 896 1758 quod
927 1707 980 1745 illi
1012 1720 1058 1746 ex
1079 1720 1179 1753 area,
1203 1707 1233 1745 si
1254 1709 1382 1754 vellet,

0 1783 33 1816 25
51 1773 232 1813 admetiri
262 1774 438 1813 licebat?
497 1773 698 1812 Frumenti
731 1781 862 1811 tantus
894 1786 1081 1811 numerus
1114 1772 1280 1822 imperio
1315 1780 1384 1810 tuo

51 1839 166 1878 datur
195 1847 233 1878 et
262 1838 424 1890 cogitur.
485 1839 578 1877 Non
609 1846 667 1878 est
698 1838 789 1877 satis
806 1853 814 1885 3
847 1837 1001 1876 nummi
1031 1845 1231 1888 praeterea
1263 1837 1384 1887 impe-

52 1911 194 1942 rantur.
256 1905 421 1942 Dantur.
482 1905 625 1941 Parum
665 1912 734 1942 est.
796 1905 872 1941 Pro
911 1902 1090 1941 decumis
1131 1902 1269 1941 hordei
1308 1901 1383 1939 alia

50 1968 219 2018 pecunia
254 1968 431 2018 cogitur3
461 1967 573 2006 iubes
607 1969 678 2006 HS
713 1968 801 2005 53<3<
838 1967 933 2005 lucri
970 1967 1063 2005 dari.
1126 1968 1185 2004 Ita
1217 1967 1268 2004 ab
1305 1979 1382 2004 una

94 2082 113 2102 2
138 2077 172 2103 et
189 2081 252 2102 om.
273 2070 303 2103 O
322 2071 371 2110 {qfi
388 2073 402 2108 ξ
417 2070 474 2111 91)
565 2080 585 2109 5
610 2070 699 2109 Quid
718 2075 788 2102 tum
805 2070 887 2110 Apr.
907 2069 956 2100 O:
982 2080 1045 2109 age
1063 2070 1143 2109 quid
1162 2074 1230 2100 tum
1249 2069 1275 2100 si
1295 2069 1378 2109 Apr.

45 2119 70 2155 p
87 2114 151 2147 rell.
273 2116 294 2146 8
318 2115 401 2145 lucri
421 2113 451 2144 O
467 2125 473 2143 :
498 2113 624 2144 lucrum
643 2114 708 2146 rell.
831 2123 853 2153 9
876 2114 1081 2144 medimnum
1109 2114 1151 2153 (et
1169 2114 1222 2154 13)
1241 2112 1379 2144 Hotom.

51 2158 121 2189 edd.
137 2169 144 2188 :
168 2158 315 2189 medium
335 2157 365 2189 O
382 2169 390 2188 ε
414 2157 582 2188 medimna
601 2157 668 2188 rell.
796 2157 860 2188 hoc
877 2162 928 2188 est
948 2156 979 2188 Ο
995 2157 1054 2196 (ἰν,
1073 2160 1089 2195 ξ
1108 2156 1183 2196 143)
1344 2166 1354 2185 1
1367 2166 1379 2186 1

51 2202 206 2241 cog-itur?
231 2202 346 2233 Muell.
464 2211 499 2239 17
524 2202 565 2231 ab
583 2200 710 2232 consul.
730 2200 778 2231 cO
796 2213 802 2231 :
827 2201 951 2231 consul.
965 2206 990 2240 p
1007 2199 1075 2230 rell.
1231 2209 1269 2230 21
1298 2200 1380 2231 lucri

51 2246 185 2276 nomine
203 2245 250 2277 cO
268 2257 274 2276 ε
299 2246 332 2276 in
350 2245 413 2276 luc.
434 2254 522 2275 nom.
539 2244 585 2284 pk
729 2254 770 2274 22
795 2245 977 2282 exiguntur
996 2244 1039 2281 O,
1057 2243 1099 2274 al.
1118 2245 1151 2274 in
1169 2254 1235 2284 mg.
1258 2243 1378 2274 Lamb.

53 2290 134 2327 1584
152 2300 158 2319 z
181 2295 308 2329 -entur,
327 2293 474 2328 -anturp
491 2287 557 2320 rell.
661 2297 702 2328 23
727 2288 933 2319 metiendum
952 2286 1000 2318 cO
1017 2298 1023 2317 :
1049 2288 1257 2319 metiundum
1272 2292 1297 2327 p
1314 2287 1378 2318 rell.

49 2341 90 2370 25
114 2333 223 2363 metiri
245 2332 277 2364 O
