<?xml version="1.0" encoding="UTF-8"?>
<!DOCTYPE html PUBLIC "-//W3C//DTD XHTML 1.0 Transitional//EN"
    "http://www.w3.org/TR/xhtml1/DTD/xhtml1-transitional.dtd">
<html xmlns="http://www.w3.org/1999/xhtml" xml:lang="en" lang="en">
 <head>
  <title>
</title>
<meta http-equiv="Content-Type" content="text/html;charset=utf-8" />
  <meta name='ocr-system' content='tesseract 3.04.00' />
  <meta name='ocr-capabilities' content='ocr_page ocr_carea ocr_par ocr_line ocrx_word'/>
</head>
<body>
  <div class='ocr_page' id='page_1' title='image "./orationesrecogno02ciceuoft/orationesrecogno02ciceuoft_0307.png"; bbox 0 0 1600 2704; ppageno 0'>
   <div class='ocr_carea' id='block_1_1' title="bbox 58 108 1472 159">
    <p class='ocr_par' dir='ltr' id='par_1_1' title="bbox 58 108 1472 159">
     <span class='ocr_line' id='line_1_1' title="bbox 58 108 1472 159; baseline 0.003 -13"><span class='ocrx_word' id='word_1_1' title='bbox 58 108 326 148; x_wconf 91' lang='lat' dir='ltr'><strong>ACTIONIS</strong></span> <span class='ocrx_word' id='word_1_2' title='bbox 349 109 410 147; x_wconf 95' lang='lat' dir='ltr'>IN</span> <span class='ocrx_word' id='word_1_3' title='bbox 432 109 476 148; x_wconf 92' lang='lat' dir='ltr'>C.</span> <span class='ocrx_word' id='word_1_4' title='bbox 499 110 743 147; x_wconf 90' lang='lat' dir='ltr'><strong>VERREM</strong></span> <span class='ocrx_word' id='word_1_5' title='bbox 765 110 1065 149; x_wconf 79' lang='lat' dir='ltr'>SECVNDAE</span> <span class='ocrx_word' id='word_1_6' title='bbox 1087 112 1190 149; x_wconf 88' lang='lat' dir='ltr'>LIB.</span> <span class='ocrx_word' id='word_1_7' title='bbox 1216 112 1281 150; x_wconf 92' lang='lat' dir='ltr'>III</span> <span class='ocrx_word' id='word_1_8' title='bbox 1329 121 1387 159; x_wconf 88' lang='lat'>49</span> <span class='ocrx_word' id='word_1_9' title='bbox 1412 125 1472 159; x_wconf 74' lang='lat'>117</span> 
     </span>
    </p>
   </div>
   <div class='ocr_carea' id='block_1_2' title="bbox 0 219 1467 2212">
    <p class='ocr_par' dir='ltr' id='par_1_2' title="bbox 0 219 1388 852">
     <span class='ocr_line' id='line_1_2' title="bbox 56 219 1388 269; baseline 0.001 -11"><span class='ocrx_word' id='word_1_10' title='bbox 56 232 162 258; x_wconf 91' lang='lat' dir='ltr'>nunc</span> <span class='ocrx_word' id='word_1_11' title='bbox 188 220 272 269; x_wconf 90' lang='lat' dir='ltr'>lege</span> <span class='ocrx_word' id='word_1_12' title='bbox 297 219 433 258; x_wconf 87' lang='lat' dir='ltr'>Verria</span> <span class='ocrx_word' id='word_1_13' title='bbox 461 219 677 259; x_wconf 88' lang='lat' dir='ltr'>venierunt.</span> <span class='ocrx_word' id='word_1_14' title='bbox 737 220 851 259; x_wconf 86' lang='lat' dir='ltr'>Cedo</span> <span class='ocrx_word' id='word_1_15' title='bbox 882 219 977 257; x_wconf 87' lang='lat' dir='ltr'>mihi</span> <span class='ocrx_word' id='word_1_16' title='bbox 999 220 1043 260; x_wconf 90' lang='lat' dir='ltr'>C.</span> <span class='ocrx_word' id='word_1_17' title='bbox 1068 220 1246 259; x_wconf 88' lang='lat' dir='ltr'>Norbani</span> <span class='ocrx_word' id='word_1_18' title='bbox 1272 222 1388 259; x_wconf 88' lang='lat' dir='ltr'>decu-</span> 
     </span>
     <span class='ocr_line' id='line_1_3' title="bbox 56 283 1388 324; baseline 0.001 -2"><span class='ocrx_word' id='word_1_19' title='bbox 56 296 138 322; x_wconf 86' lang='lat' dir='ltr'>mas</span> <span class='ocrx_word' id='word_1_20' title='bbox 159 283 348 323; x_wconf 87' lang='lat' dir='ltr'>venditas.</span> <span class='ocrx_word' id='word_1_21' title='bbox 399 285 443 324; x_wconf 87' lang='lat' dir='ltr'>C.</span> <span class='ocrx_word' id='word_1_22' title='bbox 461 285 659 323; x_wconf 80' lang='lat' dir='ltr'>NORBANI</span> <span class='ocrx_word' id='word_1_23' title='bbox 682 295 882 323; x_wconf 77' lang='lat' dir='ltr'>DECVMAE</span> <span class='ocrx_word' id='word_1_24' title='bbox 903 296 1116 322; x_wconf 70' lang='lat' dir='ltr'>VENmTAE</span> <span class='ocrx_word' id='word_1_25' title='bbox 1138 296 1235 323; x_wconf 74' lang='lat' dir='ltr'>AGRr</span> <span class='ocrx_word' id='word_1_26' title='bbox 1254 287 1388 323; x_wconf 75' lang='lat' dir='ltr'>LEON-</span> 
     </span>
     <span class='ocr_line' id='line_1_4' title="bbox 54 349 1383 400; baseline 0.002 -14"><span class='ocrx_word' id='word_1_27' title='bbox 54 361 154 387; x_wconf 87' lang='lat' dir='ltr'>T1N1.</span> <span class='ocrx_word' id='word_1_28' title='bbox 205 349 329 399; x_wconf 90' lang='lat' dir='ltr'>Atqui</span> <span class='ocrx_word' id='word_1_29' title='bbox 350 357 433 387; x_wconf 92' lang='lat' dir='ltr'>tum</span> <span class='ocrx_word' id='word_1_30' title='bbox 455 362 585 400; x_wconf 89' lang='lat' dir='ltr'>neque</span> <span class='ocrx_word' id='word_1_31' title='bbox 601 349 789 389; x_wconf 91' lang='lat' dir='ltr'>iudicium</span> <span class='ocrx_word' id='word_1_32' title='bbox 805 351 855 389; x_wconf 91' lang='lat' dir='ltr'>de</span> <span class='ocrx_word' id='word_1_33' title='bbox 877 350 998 388; x_wconf 91' lang='lat' dir='ltr'>modo</span> <span class='ocrx_word' id='word_1_34' title='bbox 1016 349 1190 400; x_wconf 89' lang='lat' dir='ltr'>iugerum</span> <span class='ocrx_word' id='word_1_35' title='bbox 1206 351 1383 398; x_wconf 88' lang='lat' dir='ltr'>dabatur,</span> 
     </span>
     <span class='ocr_line' id='line_1_5' title="bbox 53 408 1386 465; baseline 0.002 -13"><span class='ocrx_word' id='word_1_36' title='bbox 53 408 183 463; x_wconf 87' lang='lat' dir='ltr'>neque</span> <span class='ocrx_word' id='word_1_37' title='bbox 213 422 295 452; x_wconf 87' lang='lat' dir='ltr'>erat</span> <span class='ocrx_word' id='word_1_38' title='bbox 326 414 600 453; x_wconf 81' lang='lat' dir='ltr'>Artemidorus</span> <span class='ocrx_word' id='word_1_39' title='bbox 633 414 840 454; x_wconf 90' lang='lat' dir='ltr'>Cornelius</span> <span class='ocrx_word' id='word_1_40' title='bbox 872 422 1131 464; x_wconf 87' lang='lat' dir='ltr'>recuperator,</span> <span class='ocrx_word' id='word_1_41' title='bbox 1168 428 1298 465; x_wconf 89' lang='lat' dir='ltr'>neque</span> <span class='ocrx_word' id='word_1_42' title='bbox 1336 416 1386 454; x_wconf 92' lang='lat' dir='ltr'>ab</span> 
     </span>
     <span class='ocr_line' id='line_1_6' title="bbox 15 478 1386 529; baseline 0.002 -13"><span class='ocrx_word' id='word_1_43' title='bbox 15 490 33 523; x_wconf 86' lang='lat'><strong>5</strong></span> <span class='ocrx_word' id='word_1_44' title='bbox 51 485 201 517; x_wconf 88' lang='lat' dir='ltr'>aratore</span> <span class='ocrx_word' id='word_1_45' title='bbox 222 478 469 528; x_wconf 88' lang='lat' dir='ltr'>magistratus</span> <span class='ocrx_word' id='word_1_46' title='bbox 490 478 645 518; x_wconf 91' lang='lat' dir='ltr'>Siculus</span> <span class='ocrx_word' id='word_1_47' title='bbox 667 487 820 518; x_wconf 89' lang='lat' dir='ltr'>tantum</span> <span class='ocrx_word' id='word_1_48' title='bbox 841 479 1020 529; x_wconf 80' lang='lat' dir='ltr'>exigebat</span> <span class='ocrx_word' id='word_1_49' title='bbox 1048 487 1240 529; x_wconf 89' lang='lat' dir='ltr'>quantum</span> <span class='ocrx_word' id='word_1_50' title='bbox 1270 481 1386 519; x_wconf 92' lang='lat' dir='ltr'>decu-</span> 
     </span>
     <span class='ocr_line' id='line_1_7' title="bbox 52 542 1386 594; baseline 0.002 -13"><span class='ocrx_word' id='word_1_51' title='bbox 52 556 191 581; x_wconf 87' lang='lat' dir='ltr'>manus</span> <span class='ocrx_word' id='word_1_52' title='bbox 221 542 408 590; x_wconf 89' lang='lat' dir='ltr'>ediderat,</span> <span class='ocrx_word' id='word_1_53' title='bbox 431 556 504 582; x_wconf 89' lang='lat' dir='ltr'>nec</span> <span class='ocrx_word' id='word_1_54' title='bbox 535 544 772 582; x_wconf 75' lang='lat' dir='ltr'>beneficium</span> <span class='ocrx_word' id='word_1_55' title='bbox 803 544 1009 594; x_wconf 86' lang='lat' dir='ltr'>petebatur</span> <span class='ocrx_word' id='word_1_56' title='bbox 1037 557 1060 583; x_wconf 86' lang='lat' dir='ltr'>a</span> <span class='ocrx_word' id='word_1_57' title='bbox 1087 546 1320 591; x_wconf 87' lang='lat' dir='ltr'>decumano,</span> <span class='ocrx_word' id='word_1_58' title='bbox 1345 554 1386 584; x_wconf 89' lang='lat' dir='ltr'>ut</span> 
     </span>
     <span class='ocr_line' id='line_1_8' title="bbox 52 606 1385 658; baseline 0.003 -13"><span class='ocrx_word' id='word_1_59' title='bbox 52 606 92 645; x_wconf 90' lang='lat' dir='ltr'>in</span> <span class='ocrx_word' id='word_1_60' title='bbox 130 607 262 657; x_wconf 88' lang='lat' dir='ltr'>iugera</span> <span class='ocrx_word' id='word_1_61' title='bbox 300 607 452 658; x_wconf 89' lang='lat' dir='ltr'>singula</span> <span class='ocrx_word' id='word_1_62' title='bbox 491 608 610 647; x_wconf 90' lang='lat' dir='ltr'>ternis</span> <span class='ocrx_word' id='word_1_63' title='bbox 650 609 861 648; x_wconf 88' lang='lat' dir='ltr'>medimnis</span> <span class='ocrx_word' id='word_1_64' title='bbox 901 609 1084 648; x_wconf 82' lang='lat' dir='ltr'>decidere</span> <span class='ocrx_word' id='word_1_65' title='bbox 1127 610 1270 657; x_wconf 88' lang='lat' dir='ltr'>liceret,</span> <span class='ocrx_word' id='word_1_66' title='bbox 1312 624 1385 649; x_wconf 91' lang='lat' dir='ltr'>nec</span> 
     </span>
     <span class='ocr_line' id='line_1_9' title="bbox 52 672 1384 723; baseline 0.002 -13"><span class='ocrx_word' id='word_1_67' title='bbox 52 684 304 711; x_wconf 91' lang='lat' dir='ltr'>nummorum</span> <span class='ocrx_word' id='word_1_68' title='bbox 336 672 605 711; x_wconf 85' lang='lat' dir='ltr'>accessionem</span> <span class='ocrx_word' id='word_1_69' title='bbox 636 674 849 723; x_wconf 87' lang='lat' dir='ltr'>cogebatur</span> <span class='ocrx_word' id='word_1_70' title='bbox 878 681 1005 712; x_wconf 83' lang='lat' dir='ltr'>arator</span> <span class='ocrx_word' id='word_1_71' title='bbox 1034 675 1127 713; x_wconf 89' lang='lat' dir='ltr'>dare</span> <span class='ocrx_word' id='word_1_72' title='bbox 1158 688 1230 713; x_wconf 90' lang='lat' dir='ltr'>nec</span> <span class='ocrx_word' id='word_1_73' title='bbox 1257 683 1384 713; x_wconf 88' lang='lat' dir='ltr'>ternas</span> 
     </span>
     <span class='ocr_line' id='line_1_10' title="bbox 53 736 1384 788; baseline 0.003 -14"><span class='ocrx_word' id='word_1_74' title='bbox 53 736 398 787; x_wconf 88' lang='lat' dir='ltr'>quinquagesimas</span> <span class='ocrx_word' id='word_1_75' title='bbox 422 737 604 776; x_wconf 88' lang='lat' dir='ltr'>frumenti</span> <span class='ocrx_word' id='word_1_76' title='bbox 627 739 773 776; x_wconf 89' lang='lat' dir='ltr'>addere</span> <span class='ocrx_word' id='word_1_77' title='bbox 793 754 799 777; x_wconf 90' lang='lat'><strong>:</strong></span> <span class='ocrx_word' id='word_1_78' title='bbox 830 747 867 776; x_wconf 89' lang='lat' dir='ltr'>et</span> <span class='ocrx_word' id='word_1_79' title='bbox 882 746 1012 776; x_wconf 88' lang='lat' dir='ltr'>tamen</span> <span class='ocrx_word' id='word_1_80' title='bbox 1035 741 1183 788; x_wconf 85' lang='lat' dir='ltr'>populo</span> <span class='ocrx_word' id='word_1_81' title='bbox 1199 740 1384 778; x_wconf 83' lang='lat' dir='ltr'>Romano</span> 
     </span>
     <span class='ocr_line' id='line_1_11' title="bbox 0 801 890 852; baseline 0.001 -13"><span class='ocrx_word' id='word_1_82' title='bbox 0 816 36 840; x_wconf 87' lang='lat' dir='ltr'>ro</span> <span class='ocrx_word' id='word_1_83' title='bbox 53 814 218 852; x_wconf 87' lang='lat' dir='ltr'>magnus</span> <span class='ocrx_word' id='word_1_84' title='bbox 239 801 425 840; x_wconf 88' lang='lat' dir='ltr'>frumenti</span> <span class='ocrx_word' id='word_1_85' title='bbox 447 815 633 840; x_wconf 89' lang='lat' dir='ltr'>numerus</span> <span class='ocrx_word' id='word_1_86' title='bbox 655 802 890 840; x_wconf 76' lang='lat' dir='ltr'>mittebatur.</span> 
     </span>
    </p>

    <p class='ocr_par' dir='ltr' id='par_1_3' title="bbox 0 854 1467 2084">
     <span class='ocr_line' id='line_1_12' title="bbox 106 854 1455 918; baseline 0.001 -14"><span class='ocrx_word' id='word_1_87' title='bbox 106 866 216 915; x_wconf 87' lang='lat' dir='ltr'>Quid</span> <span class='ocrx_word' id='word_1_88' title='bbox 245 880 338 905; x_wconf 87' lang='lat' dir='ltr'>vero</span> <span class='ocrx_word' id='word_1_89' title='bbox 368 866 464 905; x_wconf 88' lang='lat' dir='ltr'>istae</span> <span class='ocrx_word' id='word_1_90' title='bbox 493 866 567 905; x_wconf 91' lang='lat' dir='ltr'>sibi</span> <span class='ocrx_word' id='word_1_91' title='bbox 597 867 957 917; x_wconf 78' lang='lat' dir='ltr'>quinquagesimae,</span> <span class='ocrx_word' id='word_1_92' title='bbox 994 868 1089 917; x_wconf 85' lang='lat' dir='ltr'>quid</span> <span class='ocrx_word' id='word_1_93' title='bbox 1125 881 1240 918; x_wconf 87' lang='lat' dir='ltr'>porro</span> <span class='ocrx_word' id='word_1_94' title='bbox 1275 854 1455 906; x_wconf 83' lang='lat' dir='ltr'>num-5⁰</span> 
     </span>
     <span class='ocr_line' id='line_1_13' title="bbox 51 906 1467 983; baseline 0.001 -14"><span class='ocrx_word' id='word_1_95' title='bbox 51 944 204 969; x_wconf 86' lang='lat' dir='ltr'>morum</span> <span class='ocrx_word' id='word_1_96' title='bbox 233 931 480 970; x_wconf 88' lang='lat' dir='ltr'>accessiones</span> <span class='ocrx_word' id='word_1_97' title='bbox 503 933 673 970; x_wconf 86' lang='lat' dir='ltr'>volunt?</span> <span class='ocrx_word' id='word_1_98' title='bbox 704 944 784 981; x_wconf 88' lang='lat' dir='ltr'>quo</span> <span class='ocrx_word' id='word_1_99' title='bbox 806 931 846 970; x_wconf 90' lang='lat' dir='ltr'>id</span> <span class='ocrx_word' id='word_1_100' title='bbox 869 932 950 970; x_wconf 92' lang='lat' dir='ltr'>iure</span> <span class='ocrx_word' id='word_1_101' title='bbox 971 941 1088 981; x_wconf 84' lang='lat' dir='ltr'>atque</span> <span class='ocrx_word' id='word_1_102' title='bbox 1110 934 1212 971; x_wconf 85' lang='lat' dir='ltr'>adeo</span> <span class='ocrx_word' id='word_1_103' title='bbox 1240 946 1319 983; x_wconf 83' lang='lat' dir='ltr'>quo</span> <span class='ocrx_word' id='word_1_104' title='bbox 1345 933 1384 972; x_wconf 91' lang='lat' dir='ltr'>id</span> <span class='ocrx_word' id='word_1_105' title='bbox 1410 906 1467 936; x_wconf 62' lang='grc' dir='ltr'>ΗΒ</span> 
     </span>
     <span class='ocr_line' id='line_1_14' title="bbox 48 995 1384 1045; baseline 0.001 -11"><span class='ocrx_word' id='word_1_106' title='bbox 48 995 180 1045; x_wconf 89' lang='lat' dir='ltr'>potius</span> <span class='ocrx_word' id='word_1_107' title='bbox 210 1009 319 1034; x_wconf 93' lang='lat' dir='ltr'>more</span> <span class='ocrx_word' id='word_1_108' title='bbox 350 996 508 1035; x_wconf 86' lang='lat' dir='ltr'>fecisti?</span> <span class='ocrx_word' id='word_1_109' title='bbox 564 997 762 1034; x_wconf 89' lang='lat' dir='ltr'>Nummos</span> <span class='ocrx_word' id='word_1_110' title='bbox 792 996 912 1034; x_wconf 89' lang='lat' dir='ltr'>dabat</span> <span class='ocrx_word' id='word_1_111' title='bbox 941 1004 1078 1034; x_wconf 88' lang='lat' dir='ltr'>arator.</span> <span class='ocrx_word' id='word_1_112' title='bbox 1139 998 1232 1045; x_wconf 87' lang='lat' dir='ltr'>Quo</span> <span class='ocrx_word' id='word_1_113' title='bbox 1263 998 1384 1036; x_wconf 90' lang='lat' dir='ltr'>modo</span> 
     </span>
     <span class='ocr_line' id='line_1_15' title="bbox 49 1059 1385 1110; baseline 0.001 -12"><span class='ocrx_word' id='word_1_114' title='bbox 49 1067 115 1098; x_wconf 93' lang='lat' dir='ltr'>aut</span> <span class='ocrx_word' id='word_1_115' title='bbox 145 1062 285 1099; x_wconf 88' lang='lat' dir='ltr'>unde?</span> <span class='ocrx_word' id='word_1_116' title='bbox 313 1060 392 1110; x_wconf 90' lang='lat' dir='ltr'>qui,</span> <span class='ocrx_word' id='word_1_117' title='bbox 416 1060 447 1099; x_wconf 90' lang='lat' dir='ltr'>si</span> <span class='ocrx_word' id='word_1_118' title='bbox 468 1059 706 1110; x_wconf 89' lang='lat' dir='ltr'>largissimus</span> <span class='ocrx_word' id='word_1_119' title='bbox 729 1073 814 1098; x_wconf 90' lang='lat' dir='ltr'>esse</span> <span class='ocrx_word' id='word_1_120' title='bbox 845 1061 971 1107; x_wconf 80' lang='lat' dir='ltr'>vellet,</span> <span class='ocrx_word' id='word_1_121' title='bbox 995 1061 1253 1100; x_wconf 85' lang='lat' dir='ltr'>cumulatiore</span> <span class='ocrx_word' id='word_1_122' title='bbox 1279 1074 1385 1100; x_wconf 89' lang='lat' dir='ltr'>men-</span> 
     </span>
     <span class='ocr_line' id='line_1_16' title="bbox 0 1125 1383 1173; baseline 0.001 -11"><span class='ocrx_word' id='word_1_123' title='bbox 0 1139 29 1172; x_wconf 83' lang='lat'>¹5</span> <span class='ocrx_word' id='word_1_124' title='bbox 49 1137 137 1163; x_wconf 91' lang='lat' dir='ltr'>sura</span> <span class='ocrx_word' id='word_1_125' title='bbox 175 1133 358 1173; x_wconf 88' lang='lat' dir='ltr'>uteretur,</span> <span class='ocrx_word' id='word_1_126' title='bbox 389 1133 432 1164; x_wconf 93' lang='lat' dir='ltr'>ut</span> <span class='ocrx_word' id='word_1_127' title='bbox 469 1132 586 1164; x_wconf 89' lang='lat' dir='ltr'>antea</span> <span class='ocrx_word' id='word_1_128' title='bbox 624 1126 804 1164; x_wconf 87' lang='lat' dir='ltr'>solebant</span> <span class='ocrx_word' id='word_1_129' title='bbox 842 1126 969 1164; x_wconf 89' lang='lat' dir='ltr'>facere</span> <span class='ocrx_word' id='word_1_130' title='bbox 999 1125 1038 1163; x_wconf 92' lang='lat' dir='ltr'>in</span> <span class='ocrx_word' id='word_1_131' title='bbox 1070 1126 1260 1172; x_wconf 86' lang='lat' dir='ltr'>decumis,</span> <span class='ocrx_word' id='word_1_132' title='bbox 1293 1140 1383 1165; x_wconf 91' lang='lat' dir='ltr'>cum</span> 
     </span>
     <span class='ocr_line' id='line_1_17' title="bbox 48 1189 1382 1240; baseline 0.001 -12"><span class='ocrx_word' id='word_1_133' title='bbox 48 1202 174 1239; x_wconf 88' lang='lat' dir='ltr'>aequa</span> <span class='ocrx_word' id='word_1_134' title='bbox 208 1191 293 1240; x_wconf 90' lang='lat' dir='ltr'>lege</span> <span class='ocrx_word' id='word_1_135' title='bbox 324 1197 363 1228; x_wconf 88' lang='lat' dir='ltr'>et</span> <span class='ocrx_word' id='word_1_136' title='bbox 393 1189 631 1229; x_wconf 91' lang='lat' dir='ltr'>condicione</span> <span class='ocrx_word' id='word_1_137' title='bbox 665 1189 864 1228; x_wconf 82' lang='lat' dir='ltr'>venibant.</span> <span class='ocrx_word' id='word_1_138' title='bbox 926 1191 965 1227; x_wconf 92' lang='lat' dir='ltr'>Is</span> <span class='ocrx_word' id='word_1_139' title='bbox 1000 1203 1208 1228; x_wconf 89' lang='lat' dir='ltr'>nummum</span> <span class='ocrx_word' id='word_1_140' title='bbox 1239 1191 1382 1229; x_wconf 71' lang='lat' dir='ltr'>dabat!</span> 
     </span>
     <span class='ocr_line' id='line_1_18' title="bbox 49 1253 1383 1309; baseline 0.002 -18"><span class='ocrx_word' id='word_1_141' title='bbox 49 1255 196 1294; x_wconf 90' lang='lat' dir='ltr'>Vnde?</span> <span class='ocrx_word' id='word_1_142' title='bbox 235 1255 556 1309; x_wconf 36' lang='lat' dir='ltr'>de-frumento?</span> <span class='ocrx_word' id='word_1_143' title='bbox 597 1253 709 1304; x_wconf 90' lang='lat' dir='ltr'>quasi</span> <span class='ocrx_word' id='word_1_144' title='bbox 750 1254 950 1293; x_wconf 86' lang='lat' dir='ltr'>habuisset</span> <span class='ocrx_word' id='word_1_145' title='bbox 991 1262 1029 1293; x_wconf 92' lang='lat' dir='ltr'>te</span> <span class='ocrx_word' id='word_1_146' title='bbox 1057 1264 1235 1304; x_wconf 86' lang='lat' dir='ltr'>praetore</span> <span class='ocrx_word' id='word_1_147' title='bbox 1274 1257 1383 1305; x_wconf 84' lang='lat' dir='ltr'>quod</span> 
     </span>
     <span class='ocr_line' id='line_1_19' title="bbox 49 1319 1384 1370; baseline 0.001 -13"><span class='ocrx_word' id='word_1_148' title='bbox 49 1321 246 1359; x_wconf 89' lang='lat' dir='ltr'>venderet.</span> <span class='ocrx_word' id='word_1_149' title='bbox 307 1321 370 1359; x_wconf 88' lang='lat' dir='ltr'>De</span> <span class='ocrx_word' id='word_1_150' title='bbox 391 1319 480 1358; x_wconf 77' lang='lat' dir='ltr'>vivo</span> <span class='ocrx_word' id='word_1_151' title='bbox 502 1319 617 1369; x_wconf 87' lang='lat' dir='ltr'>igitur</span> <span class='ocrx_word' id='word_1_152' title='bbox 637 1326 718 1358; x_wconf 92' lang='lat' dir='ltr'>erat</span> <span class='ocrx_word' id='word_1_153' title='bbox 737 1319 887 1370; x_wconf 89' lang='lat' dir='ltr'>aliquid</span> <span class='ocrx_word' id='word_1_154' title='bbox 918 1320 1188 1367; x_wconf 84' lang='lat' dir='ltr'>resecandum,</span> <span class='ocrx_word' id='word_1_155' title='bbox 1213 1328 1254 1358; x_wconf 89' lang='lat' dir='ltr'>ut</span> <span class='ocrx_word' id='word_1_156' title='bbox 1282 1329 1384 1359; x_wconf 84' lang='lat' dir='ltr'>esset</span> 
     </span>
     <span class='ocr_line' id='line_1_20' title="bbox 50 1383 1383 1435; baseline 0.001 -13"><span class='ocrx_word' id='word_1_157' title='bbox 50 1386 155 1424; x_wconf 89' lang='lat' dir='ltr'>unde</span> <span class='ocrx_word' id='word_1_158' title='bbox 189 1384 369 1435; x_wconf 91' lang='lat' dir='ltr'>Apronio</span> <span class='ocrx_word' id='word_1_159' title='bbox 400 1385 451 1423; x_wconf 91' lang='lat' dir='ltr'>ad</span> <span class='ocrx_word' id='word_1_160' title='bbox 482 1384 569 1423; x_wconf 90' lang='lat' dir='ltr'>illos</span> <span class='ocrx_word' id='word_1_161' title='bbox 598 1385 745 1422; x_wconf 92' lang='lat' dir='ltr'>fructus</span> <span class='ocrx_word' id='word_1_162' title='bbox 776 1383 997 1422; x_wconf 88' lang='lat' dir='ltr'>arationum</span> <span class='ocrx_word' id='word_1_163' title='bbox 1028 1385 1104 1422; x_wconf 90' lang='lat' dir='ltr'>hoc</span> <span class='ocrx_word' id='word_1_164' title='bbox 1134 1385 1383 1423; x_wconf 86' lang='lat' dir='ltr'>corollarium</span> 
     </span>
     <span class='ocr_line' id='line_1_21' title="bbox 0 1448 1384 1499; baseline 0.001 -13"><span class='ocrx_word' id='word_1_165' title='bbox 0 1463 32 1486; x_wconf 79' lang='grc' dir='ltr'>ιο</span> <span class='ocrx_word' id='word_1_166' title='bbox 50 1462 302 1488; x_wconf 91' lang='lat' dir='ltr'>nummorum</span> <span class='ocrx_word' id='word_1_167' title='bbox 341 1450 560 1488; x_wconf 90' lang='lat' dir='ltr'>adderetur.</span> <span class='ocrx_word' id='word_1_168' title='bbox 622 1450 708 1487; x_wconf 88' lang='lat' dir='ltr'>Iam</span> <span class='ocrx_word' id='word_1_169' title='bbox 743 1448 783 1487; x_wconf 88' lang='lat' dir='ltr'>id</span> <span class='ocrx_word' id='word_1_170' title='bbox 818 1462 934 1499; x_wconf 90' lang='lat' dir='ltr'>porro</span> <span class='ocrx_word' id='word_1_171' title='bbox 969 1457 1099 1487; x_wconf 88' lang='lat' dir='ltr'>utrum</span> <span class='ocrx_word' id='word_1_172' title='bbox 1134 1448 1301 1488; x_wconf 86' lang='lat' dir='ltr'>libentes</span> <span class='ocrx_word' id='word_1_173' title='bbox 1333 1463 1384 1488; x_wconf 94' lang='lat' dir='ltr'>an</span> 
     </span>
     <span class='ocr_line' id='line_1_22' title="bbox 48 1513 1381 1564; baseline 0 -12"><span class='ocrx_word' id='word_1_174' title='bbox 48 1513 158 1553; x_wconf 90' lang='lat' dir='ltr'>inviti</span> <span class='ocrx_word' id='word_1_175' title='bbox 205 1515 383 1554; x_wconf 91' lang='lat' dir='ltr'>dabant?</span> <span class='ocrx_word' id='word_1_176' title='bbox 451 1514 671 1553; x_wconf 87' lang='lat' dir='ltr'>Libentes?</span> <span class='ocrx_word' id='word_1_177' title='bbox 717 1514 915 1561; x_wconf 91' lang='lat' dir='ltr'>amabant,</span> <span class='ocrx_word' id='word_1_178' title='bbox 967 1515 1096 1560; x_wconf 90' lang='lat' dir='ltr'>credo,</span> <span class='ocrx_word' id='word_1_179' title='bbox 1147 1514 1381 1564; x_wconf 87' lang='lat' dir='ltr'>Apronium.</span> 
     </span>
     <span class='ocr_line' id='line_1_23' title="bbox 50 1578 1382 1630; baseline -0.001 -11"><span class='ocrx_word' id='word_1_180' title='bbox 50 1579 200 1619; x_wconf 90' lang='lat' dir='ltr'>Inviti?</span> <span class='ocrx_word' id='word_1_181' title='bbox 229 1592 307 1630; x_wconf 89' lang='lat' dir='ltr'>qua</span> <span class='ocrx_word' id='word_1_182' title='bbox 327 1592 367 1618; x_wconf 93' lang='lat' dir='ltr'>re</span> <span class='ocrx_word' id='word_1_183' title='bbox 388 1578 462 1617; x_wconf 91' lang='lat' dir='ltr'>nisi</span> <span class='ocrx_word' id='word_1_184' title='bbox 483 1579 520 1617; x_wconf 88' lang='lat' dir='ltr'>vi</span> <span class='ocrx_word' id='word_1_185' title='bbox 541 1586 579 1618; x_wconf 93' lang='lat' dir='ltr'>et</span> <span class='ocrx_word' id='word_1_186' title='bbox 601 1580 705 1617; x_wconf 89' lang='lat' dir='ltr'>malo</span> <span class='ocrx_word' id='word_1_187' title='bbox 727 1579 1002 1628; x_wconf 87' lang='lat' dir='ltr'>cogebantur?</span> <span class='ocrx_word' id='word_1_188' title='bbox 1061 1580 1146 1617; x_wconf 84' lang='lat' dir='ltr'>Iam</span> <span class='ocrx_word' id='word_1_189' title='bbox 1168 1579 1240 1618; x_wconf 90' lang='lat' dir='ltr'>iste</span> <span class='ocrx_word' id='word_1_190' title='bbox 1261 1580 1382 1618; x_wconf 90' lang='lat' dir='ltr'>homo</span> 
     </span>
     <span class='ocr_line' id='line_1_24' title="bbox 49 1643 1383 1683; baseline 0 0"><span class='ocrx_word' id='word_1_191' title='bbox 49 1644 339 1683; x_wconf 89' lang='lat' dir='ltr'>amentissimus</span> <span class='ocrx_word' id='word_1_192' title='bbox 373 1643 412 1682; x_wconf 91' lang='lat' dir='ltr'>in</span> <span class='ocrx_word' id='word_1_193' title='bbox 443 1644 666 1683; x_wconf 85' lang='lat' dir='ltr'>vendundis</span> <span class='ocrx_word' id='word_1_194' title='bbox 706 1644 885 1683; x_wconf 88' lang='lat' dir='ltr'>decumis</span> <span class='ocrx_word' id='word_1_195' title='bbox 925 1657 1178 1683; x_wconf 90' lang='lat' dir='ltr'>nummorum</span> <span class='ocrx_word' id='word_1_196' title='bbox 1215 1645 1383 1683; x_wconf 87' lang='lat' dir='ltr'>faciebat</span> 
     </span>
     <span class='ocr_line' id='line_1_25' title="bbox 48 1708 1383 1759; baseline -0.001 -11"><span class='ocrx_word' id='word_1_197' title='bbox 48 1709 294 1748; x_wconf 86' lang='lat' dir='ltr'>accessiones</span> <span class='ocrx_word' id='word_1_198' title='bbox 320 1709 372 1747; x_wconf 91' lang='lat' dir='ltr'>ad</span> <span class='ocrx_word' id='word_1_199' title='bbox 399 1708 571 1759; x_wconf 87' lang='lat' dir='ltr'>singulas</span> <span class='ocrx_word' id='word_1_200' title='bbox 596 1710 796 1755; x_wconf 89' lang='lat' dir='ltr'>decumas,</span> <span class='ocrx_word' id='word_1_201' title='bbox 820 1722 949 1759; x_wconf 86' lang='lat' dir='ltr'>neque</span> <span class='ocrx_word' id='word_1_202' title='bbox 971 1710 1138 1747; x_wconf 89' lang='lat' dir='ltr'>multum</span> <span class='ocrx_word' id='word_1_203' title='bbox 1157 1723 1167 1756; x_wconf 77' lang='lat'><em>3</em></span> <span class='ocrx_word' id='word_1_204' title='bbox 1197 1708 1289 1747; x_wconf 91' lang='lat' dir='ltr'>bina</span> <span class='ocrx_word' id='word_1_205' title='bbox 1316 1718 1383 1747; x_wconf 88' lang='lat' dir='ltr'>aut</span> 
     </span>
     <span class='ocr_line' id='line_1_26' title="bbox 0 1773 1383 1824; baseline 0.001 -15"><span class='ocrx_word' id='word_1_206' title='bbox 0 1786 30 1819; x_wconf 73' lang='lat'>⁵5</span> <span class='ocrx_word' id='word_1_207' title='bbox 49 1780 158 1813; x_wconf 90' lang='lat' dir='ltr'>terna</span> <span class='ocrx_word' id='word_1_208' title='bbox 179 1773 286 1812; x_wconf 90' lang='lat' dir='ltr'>milia</span> <span class='ocrx_word' id='word_1_209' title='bbox 311 1786 519 1812; x_wconf 90' lang='lat' dir='ltr'>nummum</span> <span class='ocrx_word' id='word_1_210' title='bbox 540 1773 715 1812; x_wconf 88' lang='lat' dir='ltr'>addebat</span> <span class='ocrx_word' id='word_1_211' title='bbox 731 1787 740 1820; x_wconf 84' lang='lat'>;</span> <span class='ocrx_word' id='word_1_212' title='bbox 769 1774 867 1812; x_wconf 88' lang='lat' dir='ltr'>fiunt</span> <span class='ocrx_word' id='word_1_213' title='bbox 896 1787 964 1824; x_wconf 90' lang='lat' dir='ltr'>per</span> <span class='ocrx_word' id='word_1_214' title='bbox 984 1773 1195 1812; x_wconf 88' lang='lat' dir='ltr'>triennium</span> <span class='ocrx_word' id='word_1_215' title='bbox 1219 1775 1290 1812; x_wconf 85' lang='lat' dir='ltr'>HS</span> <span class='ocrx_word' id='word_1_216' title='bbox 1312 1775 1383 1811; x_wconf 88' lang='lat' dir='ltr'>for-</span> 
     </span>
     <span class='ocr_line' id='line_1_27' title="bbox 49 1838 1382 1888; baseline -0.001 -11"><span class='ocrx_word' id='word_1_217' title='bbox 49 1845 151 1878; x_wconf 89' lang='lat' dir='ltr'>tasse</span> <span class='ocrx_word' id='word_1_218' title='bbox 172 1851 199 1877; x_wconf 88' lang='lat' dir='ltr'>D</span> <span class='ocrx_word' id='word_1_219' title='bbox 220 1838 337 1877; x_wconf 90' lang='lat' dir='ltr'>milia.</span> <span class='ocrx_word' id='word_1_220' title='bbox 398 1839 493 1877; x_wconf 92' lang='lat' dir='ltr'>Hcc</span> <span class='ocrx_word' id='word_1_221' title='bbox 522 1851 653 1888; x_wconf 88' lang='lat' dir='ltr'>neque</span> <span class='ocrx_word' id='word_1_222' title='bbox 677 1839 860 1888; x_wconf 85' lang='lat' dir='ltr'>exemplo</span> <span class='ocrx_word' id='word_1_223' title='bbox 887 1838 1121 1888; x_wconf 87' lang='lat' dir='ltr'>cuiusquam</span> <span class='ocrx_word' id='word_1_224' title='bbox 1147 1851 1277 1888; x_wconf 88' lang='lat' dir='ltr'>neque</span> <span class='ocrx_word' id='word_1_225' title='bbox 1302 1839 1382 1876; x_wconf 92' lang='lat' dir='ltr'>ullo</span> 
     </span>
     <span class='ocr_line' id='line_1_28' title="bbox 47 1902 1381 1953; baseline -0.001 -12"><span class='ocrx_word' id='word_1_226' title='bbox 47 1902 129 1943; x_wconf 92' lang='lat' dir='ltr'>iure</span> <span class='ocrx_word' id='word_1_227' title='bbox 149 1903 252 1951; x_wconf 91' lang='lat' dir='ltr'>fecit,</span> <span class='ocrx_word' id='word_1_228' title='bbox 275 1916 405 1953; x_wconf 87' lang='lat' dir='ltr'>neque</span> <span class='ocrx_word' id='word_1_229' title='bbox 425 1916 512 1942; x_wconf 91' lang='lat' dir='ltr'>earn</span> <span class='ocrx_word' id='word_1_230' title='bbox 534 1902 744 1952; x_wconf 88' lang='lat' dir='ltr'>pecuniam</span> <span class='ocrx_word' id='word_1_231' title='bbox 765 1902 911 1942; x_wconf 89' lang='lat' dir='ltr'>rettulit</span> <span class='ocrx_word' id='word_1_232' title='bbox 928 1918 936 1950; x_wconf 82' lang='lat'>;</span> <span class='ocrx_word' id='word_1_233' title='bbox 966 1916 1096 1953; x_wconf 86' lang='lat' dir='ltr'>neque</span> <span class='ocrx_word' id='word_1_234' title='bbox 1117 1904 1194 1941; x_wconf 89' lang='lat' dir='ltr'>hoc</span> <span class='ocrx_word' id='word_1_235' title='bbox 1218 1915 1381 1952; x_wconf 83' lang='lat' dir='ltr'>parvum</span> 
     </span>
     <span class='ocr_line' id='line_1_29' title="bbox 0 1966 1381 2018; baseline -0.001 -11"><span class='ocrx_word' id='word_1_236' title='bbox 0 1970 1 1979; x_wconf 62' lang='lat'>¹</span> <span class='ocrx_word' id='word_1_237' title='bbox 48 1967 195 2007; x_wconf 89' lang='lat' dir='ltr'>crimen</span> <span class='ocrx_word' id='word_1_238' title='bbox 227 1981 345 2018; x_wconf 89' lang='lat' dir='ltr'>quem</span> <span class='ocrx_word' id='word_1_239' title='bbox 377 1969 428 2006; x_wconf 91' lang='lat' dir='ltr'>ad</span> <span class='ocrx_word' id='word_1_240' title='bbox 467 1968 633 2006; x_wconf 90' lang='lat' dir='ltr'>modum</span> <span class='ocrx_word' id='word_1_241' title='bbox 664 1968 896 2007; x_wconf 89' lang='lat' dir='ltr'>defensurus</span> <span class='ocrx_word' id='word_1_242' title='bbox 927 1967 975 2006; x_wconf 90' lang='lat' dir='ltr'>sit</span> <span class='ocrx_word' id='word_1_243' title='bbox 1019 1969 1140 2006; x_wconf 89' lang='lat' dir='ltr'>homo</span> <span class='ocrx_word' id='word_1_244' title='bbox 1170 1966 1381 2017; x_wconf 86' lang='lat' dir='ltr'>quisquam</span> 
     </span>
     <span class='ocr_line' id='line_1_30' title="bbox 47 2031 513 2084; baseline -0.004 -12"><span class='ocrx_word' id='word_1_245' title='bbox 47 2046 236 2084; x_wconf 89' lang='lat' dir='ltr'>umquam</span> <span class='ocrx_word' id='word_1_246' title='bbox 266 2031 513 2082; x_wconf 89' lang='lat' dir='ltr'>excogitabit.</span> 
     </span>
    </p>

    <p class='ocr_par' dir='ltr' id='par_1_4' title="bbox 46 2096 1464 2212">
     <span class='ocr_line' id='line_1_31' title="bbox 100 2096 1464 2147; baseline -0.004 -10"><span class='ocrx_word' id='word_1_247' title='bbox 100 2099 223 2147; x_wconf 89' lang='lat' dir='ltr'>Quod</span> <span class='ocrx_word' id='word_1_248' title='bbox 253 2103 344 2137; x_wconf 87' lang='lat' dir='ltr'>cum</span> <span class='ocrx_word' id='word_1_249' title='bbox 372 2097 425 2136; x_wconf 90' lang='lat' dir='ltr'>ita</span> <span class='ocrx_word' id='word_1_250' title='bbox 454 2096 513 2142; x_wconf 90' lang='lat' dir='ltr'>sit,</span> <span class='ocrx_word' id='word_1_251' title='bbox 537 2096 659 2135; x_wconf 89' lang='lat' dir='ltr'>audes</span> <span class='ocrx_word' id='word_1_252' title='bbox 690 2096 821 2136; x_wconf 90' lang='lat' dir='ltr'>dicere</span> <span class='ocrx_word' id='word_1_253' title='bbox 842 2103 880 2135; x_wconf 90' lang='lat' dir='ltr'>te</span> <span class='ocrx_word' id='word_1_254' title='bbox 901 2109 1046 2146; x_wconf 90' lang='lat' dir='ltr'>magno</span> <span class='ocrx_word' id='word_1_255' title='bbox 1076 2097 1264 2136; x_wconf 90' lang='lat' dir='ltr'>decumas</span> <span class='ocrx_word' id='word_1_256' title='bbox 1291 2109 1379 2135; x_wconf 80' lang='lat' dir='ltr'>ven·</span> <span class='ocrx_word' id='word_1_257' title='bbox 1403 2109 1464 2143; x_wconf 85' lang='lat'>119</span> 
     </span>
     <span class='ocr_line' id='line_1_32' title="bbox 46 2161 1379 2212; baseline -0.002 -11"><span class='ocrx_word' id='word_1_258' title='bbox 46 2161 203 2209; x_wconf 87' lang='lat' dir='ltr'>didisse,</span> <span class='ocrx_word' id='word_1_259' title='bbox 226 2175 318 2201; x_wconf 91' lang='lat' dir='ltr'>curn</span> <span class='ocrx_word' id='word_1_260' title='bbox 339 2161 388 2201; x_wconf 90' lang='lat' dir='ltr'>sit</span> <span class='ocrx_word' id='word_1_261' title='bbox 414 2161 666 2212; x_wconf 89' lang='lat' dir='ltr'>perspicuum</span> <span class='ocrx_word' id='word_1_262' title='bbox 694 2168 732 2200; x_wconf 91' lang='lat' dir='ltr'>te</span> <span class='ocrx_word' id='word_1_263' title='bbox 762 2162 867 2200; x_wconf 90' lang='lat' dir='ltr'>bona</span> <span class='ocrx_word' id='word_1_264' title='bbox 897 2162 1153 2211; x_wconf 87' lang='lat' dir='ltr'>fortunasque</span> <span class='ocrx_word' id='word_1_265' title='bbox 1183 2168 1379 2200; x_wconf 88' lang='lat' dir='ltr'>aratorum</span> 
     </span>
    </p>
   </div>
   <div class='ocr_carea' id='block_1_3' title="bbox 50 2263 1378 2347">
    <p class='ocr_par' dir='ltr' id='par_1_5' title="bbox 50 2263 1378 2347">
     <span class='ocr_line' id='line_1_33' title="bbox 90 2263 1375 2304; baseline -0.002 -8"><span class='ocrx_word' id='word_1_266' title='bbox 90 2275 110 2303; x_wconf 87' lang='lat'>4</span> <span class='ocrx_word' id='word_1_267' title='bbox 133 2275 243 2304; x_wconf 83' lang='lat' dir='ltr'>neque</span> <span class='ocrx_word' id='word_1_268' title='bbox 258 2266 348 2301; x_wconf 80' lang='lat' dir='ltr'>(ante</span> <span class='ocrx_word' id='word_1_269' title='bbox 363 2264 450 2301; x_wconf 79' lang='lat' dir='ltr'>erat)</span> <span class='ocrx_word' id='word_1_270' title='bbox 473 2263 504 2295; x_wconf 91' lang='lat' dir='ltr'><em>O</em></span> <span class='ocrx_word' id='word_1_271' title='bbox 525 2275 532 2294; x_wconf 92' lang='lat'>:</span> <span class='ocrx_word' id='word_1_272' title='bbox 555 2273 666 2303; x_wconf 86' lang='lat' dir='ltr'>neque</span> <span class='ocrx_word' id='word_1_273' title='bbox 683 2263 770 2295; x_wconf 88' lang='lat' dir='ltr'>enim</span> <span class='ocrx_word' id='word_1_274' title='bbox 783 2268 808 2304; x_wconf 86' lang='lat' dir='ltr'><em>p</em></span> <span class='ocrx_word' id='word_1_275' title='bbox 825 2263 889 2295; x_wconf 87' lang='lat' dir='ltr'>rell.</span> <span class='ocrx_word' id='word_1_276' title='bbox 1004 2264 1026 2295; x_wconf 90' lang='lat'><strong>6</strong></span> <span class='ocrx_word' id='word_1_277' title='bbox 1049 2264 1090 2295; x_wconf 91' lang='lat' dir='ltr'>ab</span> <span class='ocrx_word' id='word_1_278' title='bbox 1107 2264 1237 2295; x_wconf 87' lang='lat' dir='ltr'>decum.</span> <span class='ocrx_word' id='word_1_279' title='bbox 1259 2263 1290 2294; x_wconf 89' lang='grc' dir='ltr'><em>Ο</em></span> <span class='ocrx_word' id='word_1_280' title='bbox 1308 2263 1375 2294; x_wconf 77' lang='lat' dir='ltr'>edd.</span> 
     </span>
     <span class='ocr_line' id='line_1_34' title="bbox 50 2306 1378 2347; baseline -0.001 -9"><span class='ocrx_word' id='word_1_281' title='bbox 50 2316 88 2338; x_wconf 86' lang='lat'>12</span> <span class='ocrx_word' id='word_1_282' title='bbox 105 2308 138 2338; x_wconf 93' lang='lat' dir='ltr'>id</span> <span class='ocrx_word' id='word_1_283' title='bbox 154 2319 219 2339; x_wconf 91' lang='lat' dir='ltr'>om.</span> <span class='ocrx_word' id='word_1_284' title='bbox 237 2308 268 2339; x_wconf 93' lang='lat' dir='ltr'><em>O</em></span> <span class='ocrx_word' id='word_1_285' title='bbox 359 2317 396 2347; x_wconf 89' lang='lat'>13</span> <span class='ocrx_word' id='word_1_286' title='bbox 413 2317 507 2338; x_wconf 89' lang='lat' dir='ltr'>more</span> <span class='ocrx_word' id='word_1_287' title='bbox 523 2306 590 2338; x_wconf 86' lang='lat' dir='ltr'>cod.</span> <span class='ocrx_word' id='word_1_288' title='bbox 604 2307 758 2338; x_wconf 84' lang='lat' dir='ltr'>Francii:</span> <span class='ocrx_word' id='word_1_289' title='bbox 785 2312 878 2347; x_wconf 85' lang='lat' dir='ltr'>orep</span> <span class='ocrx_word' id='word_1_290' title='bbox 896 2307 962 2338; x_wconf 82' lang='lat' dir='ltr'>rell.</span> <span class='ocrx_word' id='word_1_291' title='bbox 1060 2308 1097 2338; x_wconf 92' lang='lat'>18</span> <span class='ocrx_word' id='word_1_292' title='bbox 1114 2307 1241 2347; x_wconf 88' lang='lat' dir='ltr'>aliquid</span> <span class='ocrx_word' id='word_1_293' title='bbox 1259 2312 1331 2337; x_wconf 88' lang='lat' dir='ltr'>erat</span> <span class='ocrx_word' id='word_1_294' title='bbox 1348 2307 1378 2338; x_wconf 90' lang='grc' dir='ltr'><strong><em>Ο</em></strong></span> 
     </span>
    </p>
   </div>
   <div class='ocr_carea' id='block_1_4' title="bbox 0 2350 1379 2433">
    <p class='ocr_par' dir='ltr' id='par_1_6' title="bbox 0 2350 1379 2433">
     <span class='ocr_line' id='line_1_35' title="bbox 0 2350 1379 2390; baseline -0.001 -8"><span class='ocrx_word' id='word_1_295' title='bbox 0 2381 2 2386; x_wconf 69' lang='grc'><strong>,</strong></span> <span class='ocrx_word' id='word_1_296' title='bbox 47 2359 88 2388; x_wconf 89' lang='lat'>25</span> <span class='ocrx_word' id='word_1_297' title='bbox 110 2361 282 2382; x_wconf 88' lang='lat' dir='ltr'>nummum</span> <span class='ocrx_word' id='word_1_298' title='bbox 296 2350 366 2382; x_wconf 89' lang='lat' dir='ltr'>cO:</span> <span class='ocrx_word' id='word_1_299' title='bbox 390 2361 454 2382; x_wconf 88' lang='lat' dir='ltr'>om.</span> <span class='ocrx_word' id='word_1_300' title='bbox 476 2350 539 2382; x_wconf 80' lang='lat' dir='ltr'>rell.</span> <span class='ocrx_word' id='word_1_301' title='bbox 610 2350 756 2382; x_wconf 87' lang='lat' dir='ltr'>fortasse</span> <span class='ocrx_word' id='word_1_302' title='bbox 769 2351 809 2381; x_wconf 85' lang='lat' dir='ltr'>-d-</span> <span class='ocrx_word' id='word_1_303' title='bbox 825 2350 916 2381; x_wconf 83' lang='lat' dir='ltr'>milia</span> <span class='ocrx_word' id='word_1_304' title='bbox 925 2356 949 2390; x_wconf 88' lang='lat' dir='ltr'><em>p</em></span> <span class='ocrx_word' id='word_1_305' title='bbox 961 2350 1025 2382; x_wconf 82' lang='lat' dir='ltr'>rell.</span> <span class='ocrx_word' id='word_1_306' title='bbox 1044 2361 1050 2381; x_wconf 69' lang='grc' dir='ltr'><strong>ε</strong></span> <span class='ocrx_word' id='word_1_307' title='bbox 1077 2351 1223 2382; x_wconf 84' lang='lat' dir='ltr'>-d-milia</span> <span class='ocrx_word' id='word_1_308' title='bbox 1237 2351 1379 2381; x_wconf 83' lang='lat' dir='ltr'>fortasse</span> 
     </span>
     <span class='ocr_line' id='line_1_36' title="bbox 0 2393 995 2433; baseline -0.001 -6"><span class='ocrx_word' id='word_1_309' title='bbox 0 2398 2 2410; x_wconf 77' lang='lat'><em>&#39;</em></span> <span class='ocrx_word' id='word_1_310' title='bbox 41 2393 79 2427; x_wconf 78' lang='lat' dir='ltr'><em>O</em></span> <span class='ocrx_word' id='word_1_311' title='bbox 211 2396 253 2425; x_wconf 85' lang='lat'>26</span> <span class='ocrx_word' id='word_1_312' title='bbox 277 2395 349 2425; x_wconf 88' lang='lat' dir='ltr'>iure</span> <span class='ocrx_word' id='word_1_313' title='bbox 366 2394 433 2425; x_wconf 86' lang='lat' dir='ltr'>ullo</span> <span class='ocrx_word' id='word_1_314' title='bbox 454 2393 484 2425; x_wconf 90' lang='grc' dir='ltr'><em>Ο</em></span> <span class='ocrx_word' id='word_1_315' title='bbox 619 2404 661 2433; x_wconf 87' lang='lat'>29</span> <span class='ocrx_word' id='word_1_316' title='bbox 684 2395 891 2433; x_wconf 80' lang='lat' dir='ltr'>excogitavit</span> <span class='ocrx_word' id='word_1_317' title='bbox 908 2393 995 2426; x_wconf 86' lang='lat' dir='ltr'>codd.</span> 
     </span>
    </p>
   </div>
  </div>
 </body>
</html>
