<?xml version="1.0" encoding="UTF-8"?>
<!DOCTYPE html PUBLIC "-//W3C//DTD XHTML 1.0 Transitional//EN"
    "http://www.w3.org/TR/xhtml1/DTD/xhtml1-transitional.dtd">
<html xmlns="http://www.w3.org/1999/xhtml" xml:lang="en" lang="en">
 <head>
  <title>
</title>
<meta http-equiv="Content-Type" content="text/html;charset=utf-8" />
  <meta name='ocr-system' content='tesseract 3.04.00' />
  <meta name='ocr-capabilities' content='ocr_page ocr_carea ocr_par ocr_line ocrx_word'/>
</head>
<body>
  <div class='ocr_page' id='page_1' title='image "./orationesrecogno02ciceuoft_0442.png"; bbox 0 0 1600 2704; ppageno 0'>
   <div class='ocr_carea' id='block_1_1' title="bbox 132 88 1128 137">
    <p class='ocr_par' dir='ltr' id='par_1_1' title="bbox 132 88 1128 137">
     <span class='ocr_line' id='line_1_1' title="bbox 132 88 1128 137; baseline 0 -9"><span class='ocrx_word' id='word_1_1' title='bbox 132 102 148 128; x_wconf 92' lang='lat'>1</span> <span class='ocrx_word' id='word_1_2' title='bbox 168 108 185 137; x_wconf 83' lang='lat'>3</span> <span class='ocrx_word' id='word_1_3' title='bbox 533 93 590 129; x_wconf 90' lang='lat' dir='ltr'>M.</span> <span class='ocrx_word' id='word_1_4' title='bbox 622 92 790 129; x_wconf 87' lang='lat' dir='ltr'>TVLLI</span> <span class='ocrx_word' id='word_1_5' title='bbox 822 88 1128 130; x_wconf 87' lang='lat' dir='ltr'>CICERONIS</span> 
     </span>
    </p>
   </div>
   <div class='ocr_carea' id='block_1_2' title="bbox 120 197 1600 2202">
    <p class='ocr_par' dir='ltr' id='par_1_2' title="bbox 164 197 1577 1029">
     <span class='ocr_line' id='line_1_2' title="bbox 167 197 1496 252; baseline -0.002 -12"><span class='ocrx_word' id='word_1_6' title='bbox 167 209 324 252; x_wconf 84' lang='lat' dir='ltr'>propter</span> <span class='ocrx_word' id='word_1_7' title='bbox 353 202 454 239; x_wconf 89' lang='lat' dir='ltr'>hanc</span> <span class='ocrx_word' id='word_1_8' title='bbox 485 199 666 238; x_wconf 77' lang='lat' dir='ltr'>eximiam</span> <span class='ocrx_word' id='word_1_9' title='bbox 696 199 878 238; x_wconf 86' lang='lat' dir='ltr'>virtutem</span> <span class='ocrx_word' id='word_1_10' title='bbox 908 198 947 236; x_wconf 92' lang='lat' dir='ltr'>in</span> <span class='ocrx_word' id='word_1_11' title='bbox 977 212 1017 237; x_wconf 89' lang='lat' dir='ltr'>re</span> <span class='ocrx_word' id='word_1_12' title='bbox 1047 197 1201 236; x_wconf 90' lang='lat' dir='ltr'>militari</span> <span class='ocrx_word' id='word_1_13' title='bbox 1230 197 1364 236; x_wconf 91' lang='lat' dir='ltr'>omnia</span> <span class='ocrx_word' id='word_1_14' title='bbox 1395 211 1496 248; x_wconf 85' lang='lat' dir='ltr'>quae</span> 
     </span>
     <span class='ocr_line' id='line_1_3' title="bbox 167 262 1495 316; baseline -0.001 -13"><span class='ocrx_word' id='word_1_15' title='bbox 167 266 257 305; x_wconf 88' lang='lat' dir='ltr'>fecit</span> <span class='ocrx_word' id='word_1_16' title='bbox 278 266 440 316; x_wconf 91' lang='lat' dir='ltr'>impune</span> <span class='ocrx_word' id='word_1_17' title='bbox 456 265 600 304; x_wconf 90' lang='lat' dir='ltr'>fecerit.</span> <span class='ocrx_word' id='word_1_18' title='bbox 659 264 779 303; x_wconf 90' lang='lat' dir='ltr'>Venit</span> <span class='ocrx_word' id='word_1_19' title='bbox 796 264 900 303; x_wconf 90' lang='lat' dir='ltr'>enim</span> <span class='ocrx_word' id='word_1_20' title='bbox 918 262 1013 301; x_wconf 87' lang='lat' dir='ltr'>mihi</span> <span class='ocrx_word' id='word_1_21' title='bbox 1034 262 1073 300; x_wconf 93' lang='lat' dir='ltr'>in</span> <span class='ocrx_word' id='word_1_22' title='bbox 1094 269 1267 301; x_wconf 81' lang='lat' dir='ltr'><strong>mentem</strong></span> <span class='ocrx_word' id='word_1_23' title='bbox 1288 262 1328 300; x_wconf 89' lang='lat' dir='ltr'>in</span> <span class='ocrx_word' id='word_1_24' title='bbox 1349 262 1495 302; x_wconf 86' lang='lat' dir='ltr'>iudicio</span> 
     </span>
     <span class='ocr_line' id='line_1_4' title="bbox 167 327 1496 381; baseline -0.004 -11"><span class='ocrx_word' id='word_1_25' title='bbox 167 334 234 370; x_wconf 83' lang='lat' dir='ltr'>M‘.</span> <span class='ocrx_word' id='word_1_26' title='bbox 259 331 393 381; x_wconf 85' lang='lat' dir='ltr'><strong>Aquili</strong></span> <span class='ocrx_word' id='word_1_27' title='bbox 424 337 615 380; x_wconf 87' lang='lat' dir='ltr'>quantum</span> <span class='ocrx_word' id='word_1_28' title='bbox 646 329 897 375; x_wconf 78' lang='lat' dir='ltr'>auctoritatis,</span> <span class='ocrx_word' id='word_1_29' title='bbox 925 335 1118 378; x_wconf 87' lang='lat' dir='ltr'>quantum</span> <span class='ocrx_word' id='word_1_30' title='bbox 1149 327 1341 366; x_wconf 81' lang='lat' dir='ltr'>momenti</span> <span class='ocrx_word' id='word_1_31' title='bbox 1371 327 1496 366; x_wconf 90' lang='lat' dir='ltr'>oratio</span> 
     </span>
     <span class='ocr_line' id='line_1_5' title="bbox 167 392 1495 443; baseline -0.002 -9"><span class='ocrx_word' id='word_1_32' title='bbox 167 398 226 434; x_wconf 85' lang='lat' dir='ltr'>M.</span> <span class='ocrx_word' id='word_1_33' title='bbox 248 395 398 434; x_wconf 82' lang='lat' dir='ltr'>Antoni</span> <span class='ocrx_word' id='word_1_34' title='bbox 419 394 604 433; x_wconf 74' lang='lat' dir='ltr'>habuisse</span> <span class='ocrx_word' id='word_1_35' title='bbox 632 394 850 433; x_wconf 84' lang='lat' dir='ltr'>existimata</span> <span class='ocrx_word' id='word_1_36' title='bbox 875 393 950 441; x_wconf 68' lang='lat' dir='ltr'>sit,</span> <span class='ocrx_word' id='word_1_37' title='bbox 979 394 1058 443; x_wconf 87' lang='lat' dir='ltr'>qui,</span> <span class='ocrx_word' id='word_1_38' title='bbox 1082 400 1123 430; x_wconf 88' lang='lat' dir='ltr'>ut</span> <span class='ocrx_word' id='word_1_39' title='bbox 1149 399 1229 431; x_wconf 83' lang='lat' dir='ltr'>erat</span> <span class='ocrx_word' id='word_1_40' title='bbox 1253 392 1293 430; x_wconf 91' lang='lat' dir='ltr'>in</span> <span class='ocrx_word' id='word_1_41' title='bbox 1323 392 1495 432; x_wconf 88' lang='lat' dir='ltr'>dicendo</span> 
     </span>
     <span class='ocr_line' id='line_1_6' title="bbox 166 458 1577 509; baseline -0.004 -9"><span class='ocrx_word' id='word_1_42' title='bbox 166 475 246 500; x_wconf 87' lang='lat' dir='ltr'>non</span> <span class='ocrx_word' id='word_1_43' title='bbox 277 462 404 500; x_wconf 88' lang='lat' dir='ltr'>solum</span> <span class='ocrx_word' id='word_1_44' title='bbox 435 459 590 509; x_wconf 88' lang='lat' dir='ltr'>sapiens</span> <span class='ocrx_word' id='word_1_45' title='bbox 620 460 690 497; x_wconf 89' lang='lat' dir='ltr'>sed</span> <span class='ocrx_word' id='word_1_46' title='bbox 720 460 837 498; x_wconf 88' lang='lat' dir='ltr'>etiarn</span> <span class='ocrx_word' id='word_1_47' title='bbox 867 458 987 505; x_wconf 90' lang='lat' dir='ltr'>fortis,</span> <span class='ocrx_word' id='word_1_48' title='bbox 1018 471 1136 496; x_wconf 85' lang='lat' dir='ltr'>causa</span> <span class='ocrx_word' id='word_1_49' title='bbox 1165 470 1288 508; x_wconf 86' lang='lat' dir='ltr'>prope</span> <span class='ocrx_word' id='word_1_50' title='bbox 1318 465 1494 507; x_wconf 90' lang='lat' dir='ltr'>perorata</span> <span class='ocrx_word' id='word_1_51' title='bbox 1516 471 1534 503; x_wconf 87' lang='lat'>5</span> <span class='ocrx_word' id='word_1_52' title='bbox 1576 468 1577 471; x_wconf 74' lang='grc'>’</span> 
     </span>
     <span class='ocr_line' id='line_1_7' title="bbox 166 523 1496 577; baseline -0.004 -12"><span class='ocrx_word' id='word_1_53' title='bbox 166 527 248 577; x_wconf 90' lang='lat' dir='ltr'>ipse</span> <span class='ocrx_word' id='word_1_54' title='bbox 296 525 455 576; x_wconf 85' lang='lat' dir='ltr'>arripuit</span> <span class='ocrx_word' id='word_1_55' title='bbox 503 526 570 562; x_wconf 82' lang='lat' dir='ltr'>M’.</span> <span class='ocrx_word' id='word_1_56' title='bbox 611 523 815 574; x_wconf 91' lang='lat' dir='ltr'>Aquilium</span> <span class='ocrx_word' id='word_1_57' title='bbox 864 523 1146 573; x_wconf 88' lang='lat' dir='ltr'>constituitque</span> <span class='ocrx_word' id='word_1_58' title='bbox 1192 524 1231 560; x_wconf 88' lang='lat' dir='ltr'>in</span> <span class='ocrx_word' id='word_1_59' title='bbox 1279 530 1496 573; x_wconf 89' lang='lat' dir='ltr'>conspectu</span> 
     </span>
     <span class='ocr_line' id='line_1_8' title="bbox 165 587 1496 638; baseline -0.003 -9"><span class='ocrx_word' id='word_1_60' title='bbox 165 590 343 629; x_wconf 88' lang='lat' dir='ltr'>omnium</span> <span class='ocrx_word' id='word_1_61' title='bbox 374 589 629 638; x_wconf 84' lang='lat' dir='ltr'>tunicamque</span> <span class='ocrx_word' id='word_1_62' title='bbox 659 588 742 627; x_wconf 92' lang='lat' dir='ltr'>eius</span> <span class='ocrx_word' id='word_1_63' title='bbox 769 601 791 626; x_wconf 87' lang='lat' dir='ltr'>a</span> <span class='ocrx_word' id='word_1_64' title='bbox 821 595 980 638; x_wconf 88' lang='lat' dir='ltr'>pectore</span> <span class='ocrx_word' id='word_1_65' title='bbox 1011 587 1190 634; x_wconf 86' lang='lat' dir='ltr'>abscidit,</span> <span class='ocrx_word' id='word_1_66' title='bbox 1228 595 1269 625; x_wconf 92' lang='lat' dir='ltr'>ut</span> <span class='ocrx_word' id='word_1_67' title='bbox 1297 587 1496 626; x_wconf 87' lang='lat' dir='ltr'>cicatrices</span> 
     </span>
     <span class='ocr_line' id='line_1_9' title="bbox 165 651 1495 706; baseline -0.002 -13"><span class='ocrx_word' id='word_1_68' title='bbox 165 656 336 706; x_wconf 88' lang='lat' dir='ltr'>populus</span> <span class='ocrx_word' id='word_1_69' title='bbox 372 655 578 692; x_wconf 84' lang='lat' dir='ltr'>Romanus</span> <span class='ocrx_word' id='word_1_70' title='bbox 614 653 844 703; x_wconf 88' lang='lat' dir='ltr'>iudicesque</span> <span class='ocrx_word' id='word_1_71' title='bbox 879 651 1098 701; x_wconf 85' lang='lat' dir='ltr'>aspicerent</span> <span class='ocrx_word' id='word_1_72' title='bbox 1132 653 1297 691; x_wconf 87' lang='lat' dir='ltr'>adverso</span> <span class='ocrx_word' id='word_1_73' title='bbox 1332 665 1495 702; x_wconf 89' lang='lat' dir='ltr'>corpore</span> 
     </span>
     <span class='ocr_line' id='line_1_10' title="bbox 165 717 1496 770; baseline -0.002 -12"><span class='ocrx_word' id='word_1_74' title='bbox 165 727 375 770; x_wconf 80' lang='lat' dir='ltr'>excepta53</span> <span class='ocrx_word' id='word_1_75' title='bbox 408 720 523 757; x_wconf 87' lang='lat' dir='ltr'>simul</span> <span class='ocrx_word' id='word_1_76' title='bbox 554 726 592 757; x_wconf 87' lang='lat' dir='ltr'>et</span> <span class='ocrx_word' id='word_1_77' title='bbox 621 719 671 757; x_wconf 90' lang='lat' dir='ltr'>de</span> <span class='ocrx_word' id='word_1_78' title='bbox 701 717 768 757; x_wconf 87' lang='lat' dir='ltr'>illo</span> <span class='ocrx_word' id='word_1_79' title='bbox 796 719 957 756; x_wconf 86' lang='lat' dir='ltr'>vulnere</span> <span class='ocrx_word' id='word_1_80' title='bbox 986 718 1095 767; x_wconf 89' lang='lat' dir='ltr'>quod</span> <span class='ocrx_word' id='word_1_81' title='bbox 1125 717 1188 755; x_wconf 90' lang='lat' dir='ltr'>ille</span> <span class='ocrx_word' id='word_1_82' title='bbox 1218 717 1258 755; x_wconf 89' lang='lat' dir='ltr'>in</span> <span class='ocrx_word' id='word_1_83' title='bbox 1288 717 1415 767; x_wconf 87' lang='lat' dir='ltr'>capite</span> <span class='ocrx_word' id='word_1_84' title='bbox 1445 718 1496 756; x_wconf 90' lang='lat' dir='ltr'>ab</span> 
     </span>
     <span class='ocr_line' id='line_1_11' title="bbox 164 781 1555 833; baseline -0.004 -10"><span class='ocrx_word' id='word_1_85' title='bbox 164 784 338 823; x_wconf 88' lang='lat' dir='ltr'>hostium</span> <span class='ocrx_word' id='word_1_86' title='bbox 360 784 461 822; x_wconf 88' lang='lat' dir='ltr'>duce</span> <span class='ocrx_word' id='word_1_87' title='bbox 486 790 690 833; x_wconf 88' lang='lat' dir='ltr'>acceperat</span> <span class='ocrx_word' id='word_1_88' title='bbox 721 784 843 820; x_wconf 87' lang='lat' dir='ltr'>multa</span> <span class='ocrx_word' id='word_1_89' title='bbox 871 782 978 829; x_wconf 86' lang='lat' dir='ltr'>dixit,</span> <span class='ocrx_word' id='word_1_90' title='bbox 1002 795 1129 832; x_wconf 89' lang='lat' dir='ltr'>eoque</span> <span class='ocrx_word' id='word_1_91' title='bbox 1155 781 1318 821; x_wconf 82' lang='lat' dir='ltr'>adduxit</span> <span class='ocrx_word' id='word_1_92' title='bbox 1340 795 1407 821; x_wconf 91' lang='lat' dir='ltr'>eos</span> <span class='ocrx_word' id='word_1_93' title='bbox 1428 783 1495 832; x_wconf 93' lang='lat' dir='ltr'>qui</span> <span class='ocrx_word' id='word_1_94' title='bbox 1518 795 1555 819; x_wconf 91' lang='lat'>10</span> 
     </span>
     <span class='ocr_line' id='line_1_12' title="bbox 164 848 1495 897; baseline -0.002 -9"><span class='ocrx_word' id='word_1_95' title='bbox 164 857 273 888; x_wconf 91' lang='lat' dir='ltr'>erant</span> <span class='ocrx_word' id='word_1_96' title='bbox 302 848 510 888; x_wconf 86' lang='lat' dir='ltr'>iudicaturi</span> <span class='ocrx_word' id='word_1_97' title='bbox 540 849 794 886; x_wconf 88' lang='lat' dir='ltr'>vehementer</span> <span class='ocrx_word' id='word_1_98' title='bbox 823 854 866 886; x_wconf 90' lang='lat' dir='ltr'>ut</span> <span class='ocrx_word' id='word_1_99' title='bbox 894 855 1118 886; x_wconf 82' lang='lat' dir='ltr'>vererentur</span> <span class='ocrx_word' id='word_1_100' title='bbox 1146 860 1206 894; x_wconf 87' lang='lat' dir='ltr'>ne,</span> <span class='ocrx_word' id='word_1_101' title='bbox 1230 860 1350 897; x_wconf 88' lang='lat' dir='ltr'>quem</span> <span class='ocrx_word' id='word_1_102' title='bbox 1370 848 1495 886; x_wconf 87' lang='lat' dir='ltr'>virum</span> 
     </span>
     <span class='ocr_line' id='line_1_13' title="bbox 164 912 1496 963; baseline -0.001 -11"><span class='ocrx_word' id='word_1_103' title='bbox 164 916 319 954; x_wconf 86' lang='lat' dir='ltr'>fortuna</span> <span class='ocrx_word' id='word_1_104' title='bbox 341 929 388 953; x_wconf 91' lang='lat' dir='ltr'>ex</span> <span class='ocrx_word' id='word_1_105' title='bbox 408 914 582 953; x_wconf 89' lang='lat' dir='ltr'>hostium</span> <span class='ocrx_word' id='word_1_106' title='bbox 604 913 689 952; x_wconf 90' lang='lat' dir='ltr'>telis</span> <span class='ocrx_word' id='word_1_107' title='bbox 711 913 926 963; x_wconf 88' lang='lat' dir='ltr'>eripuisset,</span> <span class='ocrx_word' id='word_1_108' title='bbox 948 926 1039 952; x_wconf 90' lang='lat' dir='ltr'>cum</span> <span class='ocrx_word' id='word_1_109' title='bbox 1065 912 1138 951; x_wconf 86' lang='lat' dir='ltr'>sibi</span> <span class='ocrx_word' id='word_1_110' title='bbox 1159 914 1241 963; x_wconf 91' lang='lat' dir='ltr'>ipse</span> <span class='ocrx_word' id='word_1_111' title='bbox 1262 926 1343 951; x_wconf 90' lang='lat' dir='ltr'>non</span> <span class='ocrx_word' id='word_1_112' title='bbox 1364 926 1496 963; x_wconf 89' lang='lat' dir='ltr'>peper-</span> 
     </span>
     <span class='ocr_line' id='line_1_14' title="bbox 164 977 1495 1029; baseline -0.002 -11"><span class='ocrx_word' id='word_1_113' title='bbox 164 980 290 1027; x_wconf 84' lang='lat' dir='ltr'>cisset,</span> <span class='ocrx_word' id='word_1_114' title='bbox 315 979 378 1018; x_wconf 89' lang='lat' dir='ltr'>hic</span> <span class='ocrx_word' id='word_1_115' title='bbox 409 993 489 1018; x_wconf 93' lang='lat' dir='ltr'>non</span> <span class='ocrx_word' id='word_1_116' title='bbox 519 979 570 1017; x_wconf 88' lang='lat' dir='ltr'>ad</span> <span class='ocrx_word' id='word_1_117' title='bbox 601 978 737 1029; x_wconf 88' lang='lat' dir='ltr'>populi</span> <span class='ocrx_word' id='word_1_118' title='bbox 766 977 939 1017; x_wconf 89' lang='lat' dir='ltr'>Romani</span> <span class='ocrx_word' id='word_1_119' title='bbox 965 979 1124 1017; x_wconf 90' lang='lat' dir='ltr'>laudem</span> <span class='ocrx_word' id='word_1_120' title='bbox 1152 978 1222 1017; x_wconf 89' lang='lat' dir='ltr'>sed</span> <span class='ocrx_word' id='word_1_121' title='bbox 1242 979 1293 1017; x_wconf 87' lang='lat' dir='ltr'>ad</span> <span class='ocrx_word' id='word_1_122' title='bbox 1320 977 1495 1017; x_wconf 86' lang='lat' dir='ltr'>iudicum</span> 
     </span>
    </p>

    <p class='ocr_par' dir='ltr' id='par_1_3' title="bbox 125 1043 1589 1293">
     <span class='ocr_line' id='line_1_15' title="bbox 125 1043 1495 1090; baseline -0.001 -7"><span class='ocrx_word' id='word_1_123' title='bbox 125 1060 144 1090; x_wconf 92' lang='lat'><strong>4</strong></span> <span class='ocrx_word' id='word_1_124' title='bbox 164 1044 436 1083; x_wconf 86' lang='lat' dir='ltr'>crudelitatem</span> <span class='ocrx_word' id='word_1_125' title='bbox 458 1044 655 1083; x_wconf 88' lang='lat' dir='ltr'>videretur</span> <span class='ocrx_word' id='word_1_126' title='bbox 682 1056 768 1082; x_wconf 89' lang='lat' dir='ltr'>esse</span> <span class='ocrx_word' id='word_1_127' title='bbox 798 1050 978 1082; x_wconf 89' lang='lat' dir='ltr'>servatus.</span> <span class='ocrx_word' id='word_1_128' title='bbox 1044 1044 1196 1082; x_wconf 90' lang='lat' dir='ltr'>Eadem</span> <span class='ocrx_word' id='word_1_129' title='bbox 1224 1056 1330 1081; x_wconf 91' lang='lat' dir='ltr'>nunc</span> <span class='ocrx_word' id='word_1_130' title='bbox 1350 1044 1401 1082; x_wconf 91' lang='lat' dir='ltr'>ab</span> <span class='ocrx_word' id='word_1_131' title='bbox 1421 1043 1495 1082; x_wconf 87' lang='lat' dir='ltr'>illis</span> 
     </span>
     <span class='ocr_line' id='line_1_16' title="bbox 164 1108 1555 1158; baseline -0.002 -10"><span class='ocrx_word' id='word_1_132' title='bbox 164 1109 405 1148; x_wconf 87' lang='lat' dir='ltr'>defensionis</span> <span class='ocrx_word' id='word_1_133' title='bbox 427 1109 524 1147; x_wconf 89' lang='lat' dir='ltr'>ratio</span> <span class='ocrx_word' id='word_1_134' title='bbox 547 1108 689 1158; x_wconf 89' lang='lat' dir='ltr'>viaque</span> <span class='ocrx_word' id='word_1_135' title='bbox 705 1115 927 1158; x_wconf 88' lang='lat' dir='ltr'>temptatur,</span> <span class='ocrx_word' id='word_1_136' title='bbox 951 1108 1057 1147; x_wconf 92' lang='lat' dir='ltr'>idem</span> <span class='ocrx_word' id='word_1_137' title='bbox 1079 1108 1285 1158; x_wconf 87' lang='lat' dir='ltr'>quaeritur.</span> <span class='ocrx_word' id='word_1_138' title='bbox 1345 1108 1402 1147; x_wconf 90' lang='lat' dir='ltr'>Sit</span> <span class='ocrx_word' id='word_1_139' title='bbox 1422 1110 1491 1156; x_wconf 91' lang='lat' dir='ltr'>fur,</span> <span class='ocrx_word' id='word_1_140' title='bbox 1517 1121 1555 1153; x_wconf 83' lang='lat'>15</span> 
     </span>
     <span class='ocr_line' id='line_1_17' title="bbox 164 1173 1496 1225; baseline -0.002 -11"><span class='ocrx_word' id='word_1_141' title='bbox 164 1175 212 1214; x_wconf 87' lang='lat' dir='ltr'>sit</span> <span class='ocrx_word' id='word_1_142' title='bbox 234 1175 457 1225; x_wconf 78' lang='lat' dir='ltr'>sacrilegus,</span> <span class='ocrx_word' id='word_1_143' title='bbox 477 1174 525 1212; x_wconf 86' lang='lat' dir='ltr'>sit</span> <span class='ocrx_word' id='word_1_144' title='bbox 546 1173 781 1223; x_wconf 80' lang='lat' dir='ltr'>flagitiorum</span> <span class='ocrx_word' id='word_1_145' title='bbox 807 1173 984 1212; x_wconf 90' lang='lat' dir='ltr'>omnium</span> <span class='ocrx_word' id='word_1_146' title='bbox 1006 1173 1269 1224; x_wconf 86' lang='lat' dir='ltr'>vitiorumque</span> <span class='ocrx_word' id='word_1_147' title='bbox 1290 1173 1496 1224; x_wconf 85' lang='lat' dir='ltr'>princeps;</span> 
     </span>
     <span class='ocr_line' id='line_1_18' title="bbox 163 1238 1589 1293; baseline 0 -15"><span class='ocrx_word' id='word_1_148' title='bbox 163 1248 202 1278; x_wconf 87' lang='lat' dir='ltr'>at</span> <span class='ocrx_word' id='word_1_149' title='bbox 233 1248 291 1279; x_wconf 88' lang='lat' dir='ltr'>est</span> <span class='ocrx_word' id='word_1_150' title='bbox 321 1240 450 1278; x_wconf 86' lang='lat' dir='ltr'>bonus</span> <span class='ocrx_word' id='word_1_151' title='bbox 483 1239 703 1289; x_wconf 89' lang='lat' dir='ltr'>imperator,</span> <span class='ocrx_word' id='word_1_152' title='bbox 736 1245 775 1276; x_wconf 88' lang='lat' dir='ltr'>at</span> <span class='ocrx_word' id='word_1_153' title='bbox 810 1238 900 1276; x_wconf 82' lang='lat' dir='ltr'>felix</span> <span class='ocrx_word' id='word_1_154' title='bbox 933 1246 970 1277; x_wconf 90' lang='lat' dir='ltr'>et</span> <span class='ocrx_word' id='word_1_155' title='bbox 999 1239 1050 1277; x_wconf 89' lang='lat' dir='ltr'>ad</span> <span class='ocrx_word' id='word_1_156' title='bbox 1080 1238 1201 1277; x_wconf 87' lang='lat' dir='ltr'>dubia</span> <span class='ocrx_word' id='word_1_157' title='bbox 1230 1239 1284 1277; x_wconf 92' lang='lat' dir='ltr'>rei</span> <span class='ocrx_word' id='word_1_158' title='bbox 1314 1239 1496 1289; x_wconf 82' lang='lat' dir='ltr'>publicae</span> <span class='ocrx_word' id='word_1_159' title='bbox 1588 1282 1589 1293; x_wconf 15' lang='grc' dir='ltr'>ἵ</span> 
     </span>
    </p>

    <p class='ocr_par' dir='ltr' id='par_1_4' title="bbox 120 1303 1600 1756">
     <span class='ocr_line' id='line_1_19' title="bbox 120 1303 1579 1354; baseline 0.001 -12"><span class='ocrx_word' id='word_1_160' title='bbox 120 1316 143 1342; x_wconf 87' lang='lat'>2</span> <span class='ocrx_word' id='word_1_161' title='bbox 164 1313 341 1354; x_wconf 88' lang='lat' dir='ltr'>tempora</span> <span class='ocrx_word' id='word_1_162' title='bbox 363 1304 628 1342; x_wconf 86' lang='lat' dir='ltr'>reservandus.</span> <span class='ocrx_word' id='word_1_163' title='bbox 689 1304 784 1341; x_wconf 88' lang='lat' dir='ltr'>Non</span> <span class='ocrx_word' id='word_1_164' title='bbox 808 1316 921 1353; x_wconf 82' lang='lat' dir='ltr'>agam</span> <span class='ocrx_word' id='word_1_165' title='bbox 951 1316 1107 1342; x_wconf 91' lang='lat' dir='ltr'>summo</span> <span class='ocrx_word' id='word_1_166' title='bbox 1137 1303 1219 1342; x_wconf 88' lang='lat' dir='ltr'>iure</span> <span class='ocrx_word' id='word_1_167' title='bbox 1248 1311 1391 1351; x_wconf 89' lang='lat' dir='ltr'>tecum,</span> <span class='ocrx_word' id='word_1_168' title='bbox 1415 1318 1495 1343; x_wconf 90' lang='lat' dir='ltr'>non</span> <span class='ocrx_word' id='word_1_169' title='bbox 1576 1304 1579 1310; x_wconf 78' lang='grc'><em>“</em></span> 
     </span>
     <span class='ocr_line' id='line_1_20' title="bbox 163 1312 1579 1424; baseline 0 -16"><span class='ocrx_word' id='word_1_170' title='bbox 163 1369 292 1408; x_wconf 88' lang='lat' dir='ltr'>dicam</span> <span class='ocrx_word' id='word_1_171' title='bbox 328 1369 368 1409; x_wconf 89' lang='lat' dir='ltr'>id</span> <span class='ocrx_word' id='word_1_172' title='bbox 401 1370 509 1420; x_wconf 91' lang='lat' dir='ltr'>quod</span> <span class='ocrx_word' id='word_1_173' title='bbox 548 1369 717 1408; x_wconf 84' lang='lat' dir='ltr'>debeam</span> <span class='ocrx_word' id='word_1_174' title='bbox 752 1368 911 1406; x_wconf 89' lang='lat' dir='ltr'>forsitan</span> <span class='ocrx_word' id='word_1_175' title='bbox 951 1368 1139 1415; x_wconf 85' lang='lat' dir='ltr'>obtinere,</span> <span class='ocrx_word' id='word_1_176' title='bbox 1175 1382 1266 1407; x_wconf 87' lang='lat' dir='ltr'>cum</span> <span class='ocrx_word' id='word_1_177' title='bbox 1305 1369 1494 1408; x_wconf 88' lang='lat' dir='ltr'>iudicium</span> <span class='ocrx_word' id='word_1_178' title='bbox 1574 1312 1579 1424; x_wconf 68' lang='lat' dir='ltr'>i</span> 
     </span>
     <span class='ocr_line' id='line_1_21' title="bbox 163 1425 1600 1512; baseline -0.002 -40"><span class='ocrx_word' id='word_1_179' title='bbox 163 1442 266 1472; x_wconf 88' lang='lat' dir='ltr'>certa</span> <span class='ocrx_word' id='word_1_180' title='bbox 288 1436 372 1485; x_wconf 83' lang='lat' dir='ltr'>lege</span> <span class='ocrx_word' id='word_1_181' title='bbox 402 1434 601 1481; x_wconf 88' lang='lat' dir='ltr'>sit‚—n0n</span> <span class='ocrx_word' id='word_1_182' title='bbox 631 1433 727 1483; x_wconf 92' lang='lat' dir='ltr'>quid</span> <span class='ocrx_word' id='word_1_183' title='bbox 756 1432 796 1471; x_wconf 93' lang='lat' dir='ltr'>in</span> <span class='ocrx_word' id='word_1_184' title='bbox 826 1447 866 1472; x_wconf 89' lang='lat' dir='ltr'>re</span> <span class='ocrx_word' id='word_1_185' title='bbox 896 1432 1049 1471; x_wconf 86' lang='lat' dir='ltr'>militari</span> <span class='ocrx_word' id='word_1_186' title='bbox 1079 1433 1226 1472; x_wconf 88' lang='lat' dir='ltr'>fortiter</span> <span class='ocrx_word' id='word_1_187' title='bbox 1254 1434 1401 1481; x_wconf 47' lang='lat' dir='ltr'>feceris</span> <span class='ocrx_word' id='word_1_188' title='bbox 1424 1435 1494 1474; x_wconf 85' lang='lat' dir='ltr'>sed</span> <span class='ocrx_word' id='word_1_189' title='bbox 1513 1449 1554 1472; x_wconf 85' lang='lat'>20</span> <span class='ocrx_word' id='word_1_190' title='bbox 1574 1425 1600 1512; x_wconf 37' lang='grc' dir='ltr'>ἧς</span> 
     </span>
     <span class='ocr_line' id='line_1_22' title="bbox 163 1497 1494 1549; baseline 0.001 -12"><span class='ocrx_word' id='word_1_191' title='bbox 163 1513 281 1549; x_wconf 87' lang='lat' dir='ltr'>quem</span> <span class='ocrx_word' id='word_1_192' title='bbox 303 1501 354 1538; x_wconf 90' lang='lat' dir='ltr'>ad</span> <span class='ocrx_word' id='word_1_193' title='bbox 383 1500 547 1538; x_wconf 89' lang='lat' dir='ltr'>modum</span> <span class='ocrx_word' id='word_1_194' title='bbox 570 1511 709 1536; x_wconf 85' lang='lat' dir='ltr'>manus</span> <span class='ocrx_word' id='word_1_195' title='bbox 731 1498 780 1536; x_wconf 91' lang='lat' dir='ltr'>ab</span> <span class='ocrx_word' id='word_1_196' title='bbox 808 1497 944 1536; x_wconf 88' lang='lat' dir='ltr'>alienis</span> <span class='ocrx_word' id='word_1_197' title='bbox 966 1498 1142 1548; x_wconf 86' lang='lat' dir='ltr'>pecuniis</span> <span class='ocrx_word' id='word_1_198' title='bbox 1163 1498 1397 1538; x_wconf 88' lang='lat' dir='ltr'>abstinueris</span> <span class='ocrx_word' id='word_1_199' title='bbox 1423 1500 1494 1538; x_wconf 81' lang='lat' dir='ltr'>abs</span> 
     </span>
     <span class='ocr_line' id='line_1_23' title="bbox 162 1549 1579 1632; baseline -0.001 -28"><span class='ocrx_word' id='word_1_200' title='bbox 162 1573 200 1604; x_wconf 89' lang='lat' dir='ltr'>te</span> <span class='ocrx_word' id='word_1_201' title='bbox 222 1564 354 1604; x_wconf 89' lang='lat' dir='ltr'>doceri</span> <span class='ocrx_word' id='word_1_202' title='bbox 376 1572 555 1614; x_wconf 86' lang='lat' dir='ltr'>oportere</span> <span class='ocrx_word' id='word_1_203' title='bbox 574 1578 584 1610; x_wconf 75' lang='lat'><em>3</em></span> <span class='ocrx_word' id='word_1_204' title='bbox 612 1577 704 1609; x_wconf 86' lang='lat' dir='ltr'>non,</span> <span class='ocrx_word' id='word_1_205' title='bbox 723 1563 896 1613; x_wconf 88' lang='lat' dir='ltr'>inquam,</span> <span class='ocrx_word' id='word_1_206' title='bbox 920 1563 974 1602; x_wconf 90' lang='lat' dir='ltr'>sic</span> <span class='ocrx_word' id='word_1_207' title='bbox 994 1577 1119 1614; x_wconf 84' lang='lat' dir='ltr'>agam,</span> <span class='ocrx_word' id='word_1_208' title='bbox 1138 1565 1207 1603; x_wconf 90' lang='lat' dir='ltr'>sed</span> <span class='ocrx_word' id='word_1_209' title='bbox 1229 1564 1281 1602; x_wconf 89' lang='lat' dir='ltr'>ita</span> <span class='ocrx_word' id='word_1_210' title='bbox 1297 1577 1492 1614; x_wconf 88' lang='lat' dir='ltr'>quaeram,</span> <span class='ocrx_word' id='word_1_211' title='bbox 1574 1549 1579 1632; x_wconf 57' lang='grc' dir='ltr'>ξ</span> 
     </span>
     <span class='ocr_line' id='line_1_24' title="bbox 163 1628 1578 1682; baseline -0.001 -14"><span class='ocrx_word' id='word_1_212' title='bbox 163 1644 281 1680; x_wconf 90' lang='lat' dir='ltr'>quem</span> <span class='ocrx_word' id='word_1_213' title='bbox 303 1631 354 1668; x_wconf 91' lang='lat' dir='ltr'>ad</span> <span class='ocrx_word' id='word_1_214' title='bbox 376 1630 541 1668; x_wconf 90' lang='lat' dir='ltr'>modum</span> <span class='ocrx_word' id='word_1_215' title='bbox 562 1636 600 1667; x_wconf 92' lang='lat' dir='ltr'>te</span> <span class='ocrx_word' id='word_1_216' title='bbox 620 1629 719 1667; x_wconf 87' lang='lat' dir='ltr'>velle</span> <span class='ocrx_word' id='word_1_217' title='bbox 740 1628 938 1678; x_wconf 81' lang='lat' dir='ltr'>intellego,</span> <span class='ocrx_word' id='word_1_218' title='bbox 951 1642 1052 1679; x_wconf 90' lang='lat' dir='ltr'>quae</span> <span class='ocrx_word' id='word_1_219' title='bbox 1073 1636 1139 1667; x_wconf 88' lang='lat' dir='ltr'>tua</span> <span class='ocrx_word' id='word_1_220' title='bbox 1159 1642 1277 1680; x_wconf 87' lang='lat' dir='ltr'>opera</span> <span class='ocrx_word' id='word_1_221' title='bbox 1298 1637 1336 1669; x_wconf 92' lang='lat' dir='ltr'>et</span> <span class='ocrx_word' id='word_1_222' title='bbox 1349 1637 1496 1680; x_wconf 87' lang='lat' dir='ltr'>quanta</span> <span class='ocrx_word' id='word_1_223' title='bbox 1574 1636 1578 1682; x_wconf 67' lang='grc' dir='ltr'>ξ</span> 
     </span>
     <span class='ocr_line' id='line_1_25' title="bbox 162 1684 1578 1756; baseline -0.002 -22"><span class='ocrx_word' id='word_1_224' title='bbox 162 1695 275 1734; x_wconf 92' lang='lat' dir='ltr'>fuerit</span> <span class='ocrx_word' id='word_1_225' title='bbox 297 1695 337 1732; x_wconf 90' lang='lat' dir='ltr'>in</span> <span class='ocrx_word' id='word_1_226' title='bbox 358 1694 472 1733; x_wconf 91' lang='lat' dir='ltr'>bello.</span> <span class='ocrx_word' id='word_1_227' title='bbox 1573 1684 1578 1756; x_wconf 60' lang='grc' dir='ltr'>ἰ</span> 
     </span>
    </p>

    <p class='ocr_par' dir='ltr' id='par_1_5' title="bbox 125 1757 1600 2202">
     <span class='ocr_line' id='line_1_26' title="bbox 125 1757 1578 1817; baseline 0.001 -20"><span class='ocrx_word' id='word_1_228' title='bbox 125 1776 141 1807; x_wconf 85' lang='lat'>5</span> <span class='ocrx_word' id='word_1_229' title='bbox 218 1759 327 1806; x_wconf 87' lang='lat' dir='ltr'>Quid</span> <span class='ocrx_word' id='word_1_230' title='bbox 363 1758 494 1798; x_wconf 90' lang='lat' dir='ltr'>dicis?</span> <span class='ocrx_word' id='word_1_231' title='bbox 536 1772 586 1797; x_wconf 90' lang='lat' dir='ltr'>an</span> <span class='ocrx_word' id='word_1_232' title='bbox 622 1758 726 1797; x_wconf 89' lang='lat' dir='ltr'>bello</span> <span class='ocrx_word' id='word_1_233' title='bbox 762 1758 1013 1809; x_wconf 85' lang='lat' dir='ltr'>fugitivorum</span> <span class='ocrx_word' id='word_1_234' title='bbox 1048 1759 1219 1799; x_wconf 88' lang='lat' dir='ltr'>Siciliam</span> <span class='ocrx_word' id='word_1_235' title='bbox 1252 1760 1392 1799; x_wconf 83' lang='lat' dir='ltr'>virtute</span> <span class='ocrx_word' id='word_1_236' title='bbox 1427 1768 1493 1799; x_wconf 88' lang='lat' dir='ltr'>tua</span> <span class='ocrx_word' id='word_1_237' title='bbox 1513 1757 1578 1817; x_wconf 58' lang='lat'>25}</span> 
     </span>
     <span class='ocr_line' id='line_1_27' title="bbox 162 1819 1587 1892; baseline 0.001 -30"><span class='ocrx_word' id='word_1_238' title='bbox 162 1824 398 1863; x_wconf 88' lang='lat' dir='ltr'>liberatam?</span> <span class='ocrx_word' id='word_1_239' title='bbox 455 1825 604 1874; x_wconf 82' lang='lat' dir='ltr'>Magna</span> <span class='ocrx_word' id='word_1_240' title='bbox 625 1825 707 1861; x_wconf 87' lang='lat' dir='ltr'>laus</span> <span class='ocrx_word' id='word_1_241' title='bbox 729 1831 767 1862; x_wconf 88' lang='lat' dir='ltr'>et</span> <span class='ocrx_word' id='word_1_242' title='bbox 795 1825 961 1862; x_wconf 87' lang='lat' dir='ltr'>honesta</span> <span class='ocrx_word' id='word_1_243' title='bbox 989 1825 1112 1863; x_wconf 89' lang='lat' dir='ltr'>oratio</span> <span class='ocrx_word' id='word_1_244' title='bbox 1130 1839 1140 1872; x_wconf 78' lang='lat'><em>3</em></span> <span class='ocrx_word' id='word_1_245' title='bbox 1170 1826 1239 1864; x_wconf 90' lang='lat' dir='ltr'>sed</span> <span class='ocrx_word' id='word_1_246' title='bbox 1260 1832 1392 1864; x_wconf 88' lang='lat' dir='ltr'>tamen</span> <span class='ocrx_word' id='word_1_247' title='bbox 1413 1839 1493 1876; x_wconf 90' lang='lat' dir='ltr'>quo</span> <span class='ocrx_word' id='word_1_248' title='bbox 1573 1819 1587 1892; x_wconf 50' lang='grc' dir='ltr'>ἦ</span> 
     </span>
     <span class='ocr_line' id='line_1_28' title="bbox 161 1889 1586 1945; baseline 0.001 -17"><span class='ocrx_word' id='word_1_249' title='bbox 161 1890 298 1928; x_wconf 89' lang='lat' dir='ltr'>bello?</span> <span class='ocrx_word' id='word_1_250' title='bbox 357 1890 442 1928; x_wconf 93' lang='lat' dir='ltr'>Nos</span> <span class='ocrx_word' id='word_1_251' title='bbox 478 1889 594 1935; x_wconf 88' lang='lat' dir='ltr'>enim,</span> <span class='ocrx_word' id='word_1_252' title='bbox 632 1897 720 1939; x_wconf 90' lang='lat' dir='ltr'>post</span> <span class='ocrx_word' id='word_1_253' title='bbox 750 1889 847 1928; x_wconf 90' lang='lat' dir='ltr'>illud</span> <span class='ocrx_word' id='word_1_254' title='bbox 879 1890 1027 1928; x_wconf 91' lang='lat' dir='ltr'>bellum</span> <span class='ocrx_word' id='word_1_255' title='bbox 1062 1892 1170 1940; x_wconf 89' lang='lat' dir='ltr'>quod</span> <span class='ocrx_word' id='word_1_256' title='bbox 1211 1892 1277 1929; x_wconf 85' lang='lat' dir='ltr'>M&#39;.</span> <span class='ocrx_word' id='word_1_257' title='bbox 1310 1891 1493 1941; x_wconf 85' lang='lat' dir='ltr'>Aquilius</span> <span class='ocrx_word' id='word_1_258' title='bbox 1574 1901 1586 1945; x_wconf 33' lang='lat'>{3</span> 
     </span>
     <span class='ocr_line' id='line_1_29' title="bbox 162 1943 1586 2022; baseline 0.001 -29"><span class='ocrx_word' id='word_1_259' title='bbox 162 1954 343 2001; x_wconf 87' lang='lat' dir='ltr'>confecit,</span> <span class='ocrx_word' id='word_1_260' title='bbox 367 1954 422 1993; x_wconf 87' lang='lat' dir='ltr'>sic</span> <span class='ocrx_word' id='word_1_261' title='bbox 443 1954 679 2004; x_wconf 88' lang='lat' dir='ltr'>accepimus,</span> <span class='ocrx_word' id='word_1_262' title='bbox 704 1955 856 1993; x_wconf 89' lang='lat' dir='ltr'>nullum</span> <span class='ocrx_word' id='word_1_263' title='bbox 878 1954 917 1992; x_wconf 92' lang='lat' dir='ltr'>in</span> <span class='ocrx_word' id='word_1_264' title='bbox 939 1954 1067 1994; x_wconf 88' lang='lat' dir='ltr'>Sicilia</span> <span class='ocrx_word' id='word_1_265' title='bbox 1082 1956 1329 2006; x_wconf 86' lang='lat' dir='ltr'>fugitivorum</span> <span class='ocrx_word' id='word_1_266' title='bbox 1344 1957 1492 1995; x_wconf 91' lang='lat' dir='ltr'>bellum</span> <span class='ocrx_word' id='word_1_267' title='bbox 1572 1943 1586 2022; x_wconf 59' lang='lat' dir='ltr'>l·</span> 
     </span>
     <span class='ocr_line' id='line_1_30' title="bbox 161 2005 1588 2095; baseline 0.002 -38"><span class='ocrx_word' id='word_1_268' title='bbox 161 2019 289 2059; x_wconf 83' lang='lat' dir='ltr'>fuisse.</span> <span class='ocrx_word' id='word_1_269' title='bbox 351 2021 361 2040; x_wconf 69' lang='lat'><strong><em>⁶</em></strong></span> <span class='ocrx_word' id='word_1_270' title='bbox 378 2022 431 2058; x_wconf 84' lang='lat' dir='ltr'>At</span> <span class='ocrx_word' id='word_1_271' title='bbox 452 2019 491 2058; x_wconf 89' lang='lat' dir='ltr'>in</span> <span class='ocrx_word' id='word_1_272' title='bbox 515 2020 627 2058; x_wconf 90' lang='lat' dir='ltr'>Italia</span> <span class='ocrx_word' id='word_1_273' title='bbox 655 2019 750 2058; x_wconf 90' lang='lat' dir='ltr'>fuit.&#39;</span> <span class='ocrx_word' id='word_1_274' title='bbox 809 2022 960 2065; x_wconf 71' lang='lat' dir='ltr'>Fateor,</span> <span class='ocrx_word' id='word_1_275' title='bbox 984 2028 1022 2060; x_wconf 87' lang='lat' dir='ltr'>et</span> <span class='ocrx_word' id='word_1_276' title='bbox 1051 2034 1235 2071; x_wconf 87' lang='lat' dir='ltr'>magnum</span> <span class='ocrx_word' id='word_1_277' title='bbox 1265 2022 1425 2072; x_wconf 92' lang='lat' dir='ltr'>quidem</span> <span class='ocrx_word' id='word_1_278' title='bbox 1445 2035 1491 2060; x_wconf 89' lang='lat' dir='ltr'>ac</span> <span class='ocrx_word' id='word_1_279' title='bbox 1571 2005 1588 2095; x_wconf 42' lang='lat' dir='ltr'>{i</span> 
     </span>
     <span class='ocr_line' id='line_1_31' title="bbox 162 2083 1600 2137; baseline 0.003 -14"><span class='ocrx_word' id='word_1_280' title='bbox 162 2086 386 2124; x_wconf 85' lang='lat' dir='ltr'>vehemens.</span> <span class='ocrx_word' id='word_1_281' title='bbox 449 2087 557 2124; x_wconf 88' lang='lat' dir='ltr'>Num</span> <span class='ocrx_word' id='word_1_282' title='bbox 579 2085 692 2136; x_wconf 86' lang='lat' dir='ltr'>igitur</span> <span class='ocrx_word' id='word_1_283' title='bbox 713 2099 759 2124; x_wconf 89' lang='lat' dir='ltr'>ex</span> <span class='ocrx_word' id='word_1_284' title='bbox 780 2098 827 2124; x_wconf 91' lang='lat' dir='ltr'>eo</span> <span class='ocrx_word' id='word_1_285' title='bbox 858 2086 962 2125; x_wconf 93' lang='lat' dir='ltr'>bello</span> <span class='ocrx_word' id='word_1_286' title='bbox 993 2094 1143 2137; x_wconf 88' lang='lat' dir='ltr'>partem</span> <span class='ocrx_word' id='word_1_287' title='bbox 1170 2087 1341 2137; x_wconf 91' lang='lat' dir='ltr'>aliquam</span> <span class='ocrx_word' id='word_1_288' title='bbox 1364 2087 1489 2127; x_wconf 90' lang='lat' dir='ltr'>laudis</span> <span class='ocrx_word' id='word_1_289' title='bbox 1509 2094 1549 2126; x_wconf 81' lang='lat'>30</span> <span class='ocrx_word' id='word_1_290' title='bbox 1570 2083 1575 2131; x_wconf 75' lang='lat' dir='ltr'>l</span> <span class='ocrx_word' id='word_1_291' title='bbox 1596 2097 1600 2127; x_wconf 81' lang='lat'><em>³</em></span> 
     </span>
     <span class='ocr_line' id='line_1_32' title="bbox 162 2142 1576 2202; baseline 0.003 -15"><span class='ocrx_word' id='word_1_292' title='bbox 162 2157 345 2199; x_wconf 85' lang='lat' dir='ltr'>appetere</span> <span class='ocrx_word' id='word_1_293' title='bbox 378 2150 563 2190; x_wconf 88' lang='lat' dir='ltr'>conaris?</span> <span class='ocrx_word' id='word_1_294' title='bbox 604 2163 698 2187; x_wconf 91' lang='lat' dir='ltr'>num</span> <span class='ocrx_word' id='word_1_295' title='bbox 734 2150 803 2188; x_wconf 81' lang='lat' dir='ltr'>tibi</span> <span class='ocrx_word' id='word_1_296' title='bbox 844 2150 944 2189; x_wconf 89' lang='lat' dir='ltr'>illius</span> <span class='ocrx_word' id='word_1_297' title='bbox 977 2151 1160 2190; x_wconf 90' lang='lat' dir='ltr'>victoriae</span> <span class='ocrx_word' id='word_1_298' title='bbox 1199 2152 1360 2202; x_wconf 83' lang='lat' dir='ltr'>gloriam</span> <span class='ocrx_word' id='word_1_299' title='bbox 1399 2166 1489 2191; x_wconf 88' lang='lat' dir='ltr'>curn</span> <span class='ocrx_word' id='word_1_300' title='bbox 1572 2142 1576 2191; x_wconf 77' lang='lat' dir='ltr'>l</span> 
     </span>
    </p>
   </div>
   <div class='ocr_carea' id='block_1_3' title="bbox 1576 299 1582 338">
    <p class='ocr_par' dir='ltr' id='par_1_6' title="bbox 1576 299 1582 338">
     <span class='ocr_line' id='line_1_33' title="bbox 1576 299 1582 338; baseline 0 -4"><span class='ocrx_word' id='word_1_301' title='bbox 1576 299 1582 338; x_wconf 73' lang='lat' dir='ltr'>l</span> 
     </span>
    </p>
   </div>
   <div class='ocr_carea' id='block_1_4' title="bbox 1570 0 1600 1304">
    <p class='ocr_par' dir='ltr' id='par_1_7' title="bbox 1570 0 1600 1304">
     <span class='ocr_line' id='line_1_34' title="bbox 1570 0 1600 1304; baseline 0 0"><span class='ocrx_word' id='word_1_302' title='bbox 1570 0 1600 1304; x_wconf 95' lang='lat' dir='ltr'> </span> 
     </span>
    </p>
   </div>
   <div class='ocr_carea' id='block_1_5' title="bbox 1580 1293 1589 1531">
    <p class='ocr_par' dir='ltr' id='par_1_8' title="bbox 1580 1293 1589 1531">
     <span class='ocr_line' id='line_1_35' title="bbox 1580 1293 1589 1531; baseline 0 1173"><span class='ocrx_word' id='word_1_303' title='bbox 1580 1293 1589 1531; x_wconf 95' lang='lat' dir='ltr'> </span> 
     </span>
    </p>
   </div>
   <div class='ocr_carea' id='block_1_6' title="bbox 1596 1774 1600 1795">
    <p class='ocr_par' dir='ltr' id='par_1_9' title="bbox 1596 1774 1600 1795">
     <span class='ocr_line' id='line_1_36' title="bbox 1596 1774 1600 1795; baseline 0 0"><span class='ocrx_word' id='word_1_304' title='bbox 1596 1774 1600 1795; x_wconf 75' lang='lat'><em>2</em></span> 
     </span>
    </p>
   </div>
   <div class='ocr_carea' id='block_1_7' title="bbox 1580 1562 1587 1814">
    <p class='ocr_par' dir='ltr' id='par_1_10' title="bbox 1580 1562 1587 1814">
     <span class='ocr_line' id='line_1_37' title="bbox 1580 1562 1587 1814; baseline 0 890"><span class='ocrx_word' id='word_1_305' title='bbox 1580 1562 1587 1814; x_wconf 95' lang='lat' dir='ltr'> </span> 
     </span>
    </p>
   </div>
   <div class='ocr_carea' id='block_1_8' title="bbox 1580 1815 1587 1835">
    <p class='ocr_par' dir='ltr' id='par_1_11' title="bbox 1580 1815 1587 1835">
     <span class='ocr_line' id='line_1_38' title="bbox 1580 1815 1587 1835; textangle 90"><span class='ocrx_word' id='word_1_306' title='bbox 1580 1815 1587 1835; x_wconf 60' lang='lat' dir='ltr'>-a</span> 
     </span>
    </p>
   </div>
   <div class='ocr_carea' id='block_1_9' title="bbox 1589 2214 1591 2225">
    <p class='ocr_par' dir='ltr' id='par_1_12' title="bbox 1589 2214 1591 2225">
     <span class='ocr_line' id='line_1_39' title="bbox 1589 2214 1591 2225; baseline 0 0"><span class='ocrx_word' id='word_1_307' title='bbox 1589 2214 1591 2225; x_wconf 76' lang='lat' dir='ltr'>l</span> 
     </span>
    </p>
   </div>
   <div class='ocr_carea' id='block_1_10' title="bbox 167 2253 1491 2337">
    <p class='ocr_par' dir='ltr' id='par_1_13' title="bbox 167 2253 1491 2337">
     <span class='ocr_line' id='line_1_40' title="bbox 206 2253 1491 2295; baseline 0.003 -13"><span class='ocrx_word' id='word_1_308' title='bbox 206 2263 225 2291; x_wconf 84' lang='lat'>3</span> <span class='ocrx_word' id='word_1_309' title='bbox 253 2253 294 2284; x_wconf 86' lang='lat' dir='ltr'>M.</span> <span class='ocrx_word' id='word_1_310' title='bbox 315 2253 400 2283; x_wconf 83' lang='lat' dir='ltr'>codd.</span> <span class='ocrx_word' id='word_1_311' title='bbox 423 2254 477 2294; x_wconf 81' lang='lat' dir='ltr'>(ut</span> <span class='ocrx_word' id='word_1_312' title='bbox 491 2254 588 2284; x_wconf 65' lang='lat' dir='ltr'>elsam</span> <span class='ocrx_word' id='word_1_313' title='bbox 609 2257 645 2291; x_wconf 58' lang='grc' dir='ltr'>ἐξ</span> <span class='ocrx_word' id='word_1_314' title='bbox 664 2263 694 2293; x_wconf 77' lang='grc'>5,</span> <span class='ocrx_word' id='word_1_315' title='bbox 716 2264 744 2293; x_wconf 89' lang='lat'>7,</span> <span class='ocrx_word' id='word_1_316' title='bbox 768 2254 820 2293; x_wconf 57' lang='lat'>14⁸)</span> <span class='ocrx_word' id='word_1_317' title='bbox 1028 2257 1049 2286; x_wconf 88' lang='lat'><strong>6</strong></span> <span class='ocrx_word' id='word_1_318' title='bbox 1073 2256 1180 2295; x_wconf 84' lang='lat' dir='ltr'>ipsum</span> <span class='ocrx_word' id='word_1_319' title='bbox 1197 2255 1312 2288; x_wconf 68' lang='lat' dir='ltr'>Eberlz.</span> <span class='ocrx_word' id='word_1_320' title='bbox 1337 2255 1491 2288; x_wconf 70' lang='lat' dir='ltr'>Zielinski</span> 
     </span>
     <span class='ocr_line' id='line_1_41' title="bbox 167 2295 483 2337; baseline 0 -11"><span class='ocrx_word' id='word_1_321' title='bbox 167 2306 204 2334; x_wconf 91' lang='lat'>17</span> <span class='ocrx_word' id='word_1_322' title='bbox 230 2306 266 2326; x_wconf 82' lang='lat' dir='ltr'>ac</span> <span class='ocrx_word' id='word_1_323' title='bbox 286 2295 367 2327; x_wconf 89' lang='lat' dir='ltr'>felix</span> <span class='ocrx_word' id='word_1_324' title='bbox 389 2295 483 2337; x_wconf 48' lang='grc' dir='ltr'>ΘΗΚ</span> 
     </span>
    </p>
   </div>
   <div class='ocr_carea' id='block_1_11' title="bbox 1568 2197 1591 2550">
    <p class='ocr_par' dir='ltr' id='par_1_14' title="bbox 1568 2197 1591 2550">
     <span class='ocr_line' id='line_1_42' title="bbox 1570 2197 1575 2267; baseline 0 -45"><span class='ocrx_word' id='word_1_325' title='bbox 1570 2197 1575 2267; x_wconf 51' lang='grc' dir='ltr'><em>ᾗ</em></span> 
     </span>
     <span class='ocr_line' id='line_1_43' title="bbox 1569 2307 1591 2423; baseline 0 -83"><span class='ocrx_word' id='word_1_326' title='bbox 1569 2307 1591 2423; x_wconf 54' lang='grc' dir='ltr'>ξι</span> 
     </span>
     <span class='ocr_line' id='line_1_44' title="bbox 1568 2434 1591 2506; baseline 0 -5"><span class='ocrx_word' id='word_1_327' title='bbox 1568 2434 1591 2506; x_wconf 58' lang='grc' dir='ltr'>ἵ,</span> 
     </span>
     <span class='ocr_line' id='line_1_45' title="bbox 1568 2510 1573 2550; baseline 0 0"><span class='ocrx_word' id='word_1_328' title='bbox 1568 2510 1573 2550; x_wconf 80' lang='grc' dir='ltr'>ἰ</span> 
     </span>
    </p>
   </div>
   <div class='ocr_carea' id='block_1_12' title="bbox 1547 2558 1592 2704">
    <p class='ocr_par' dir='ltr' id='par_1_15' title="bbox 1547 2558 1592 2704">
     <span class='ocr_line' id='line_1_46' title="bbox 1547 2558 1592 2704; baseline 0 0"><span class='ocrx_word' id='word_1_329' title='bbox 1547 2558 1592 2704; x_wconf 70' lang='lat' dir='ltr'>l</span> 
     </span>
    </p>
   </div>
   <div class='ocr_carea' id='block_1_13' title="bbox 1566 2552 1573 2648">
    <p class='ocr_par' dir='ltr' id='par_1_16' title="bbox 1566 2552 1573 2648">
     <span class='ocr_line' id='line_1_47' title="bbox 1566 2552 1573 2648; baseline 0 56"><span class='ocrx_word' id='word_1_330' title='bbox 1566 2552 1573 2648; x_wconf 95' lang='lat' dir='ltr'> </span> 
     </span>
    </p>
   </div>
  </div>
 </body>
</html>
