1600 2704
99 157 153 201 64
177 168 235 200 151
540 145 597 181 M.
628 139 797 178 'rvLLl
829 129 1135 175 eiCERoNJs

176 261 337 302 minoris
376 270 495 308 quam
535 250 705 305 potuerit
748 244 972 286 vendidisse
988 255 998 288 3
1044 246 1086 277 ut
1125 233 1277 275 etiamsi
1315 230 1386 270 tibi
1424 231 1501 268 hoc

177 327 406 370 concedam,
442 318 622 359 Minucio
657 316 747 353 ideo
781 320 820 349 te
849 322 930 347 non
959 303 1165 344 tradidisse
1194 298 1303 348 quod
1332 296 1411 333 iam
1439 293 1504 331 ad-

179 392 341 431 dixisses
379 384 558 436 Apronio
596 380 723 432 (aiunt
761 377 866 414 enim
906 381 943 410 te
982 370 1035 407 ita
1072 366 1261 409 dictitare,
1295 360 1403 410 quod
1432 369 1504 406 ego

181 461 365 505 exspecto
403 450 601 500 cupioque
630 452 668 482 te
707 441 803 479 illud
833 432 1255 483 defendere)—-verum
1285 432 1328 463 ut
1359 423 1414 461 ita
1443 421 1503 467 sit,

183 531 315 559 tamen
338 530 420 555 non
449 521 561 563 potes
590 512 667 548 hoc
697 503 808 555 quasi
834 501 1075 552 praeclarum
1095 492 1245 542 aliquid
1270 486 1506 540 praedicare,
1530 494 1546 525 5
1598 498 1600 527 ;

185 596 328 633 magno
349 590 387 619 te
408 582 595 618 decumas
615 569 851 613 vendidisse,
875 578 965 604 cum
987 563 1105 600 fuisse
1125 559 1269 596 fateare
1293 552 1362 602 qui
1385 550 1510 588 multo

186 649 305 699 pluris
326 643 490 684 voluerit
511 651 651 679 emere.

113 695 168 770 6·5
241 714 415 749 Tenetur
436 706 550 755 igitur
579 703 671 748 iam,
691 697 852 741 iudices,
876 702 915 731 et
935 690 1144 729 manifesto
1165 690 1318 723 tenetur
1341 677 1511 723 avaritia,

109 764 167 793 ¹³²
189 775 383 826 cupiditas
413 767 596 813 hominis,
630 765 768 807 scelus,
801 755 1045 808 improbitas,
1072 748 1248 789 audacia.
1308 743 1446 793 Quid?
1484 739 1516 777 si

191 845 288 879 haec
309 850 410 888 quae
437 834 528 873 dico
548 831 670 881 ipsius
691 825 806 865 amici
827 823 1135 866 defensoresque
1164 813 1397 854 iudicarunt,
1421 804 1518 855 quid
1539 818 1577 841 10
1599 823 1600 826 =

192 905 360 955 amplius
384 899 532 938 vultis?
598 895 784 932 Adventu
805 890 849 926 L.
875 883 1027 924 Metelli
1047 877 1246 931 praetoris,
1269 886 1361 912 curn
1390 870 1519 910 omnis

195 972 277 1009 eius
317 964 481 1005 comites
515 963 586 999 iste
618 958 692 996 sibi
731 967 803 992 suo
841 951 908 988 illo
946 946 1183 998 panchresto
1228 937 1522 978 medicamento

196 1035 345 1073 amicos
392 1027 637 1070 reddidisset,
678 1019 829 1059 aditum
877 1021 935 1052 est
972 1012 1024 1050 ad
1062 1007 1300 1051 Metellum3
1358 1001 1523 1039 eductus

198 1107 256 1137 est
290 1093 500 1146 Apronius.
577 1085 725 1126 Eduxit
754 1083 809 1121 vir
853 1077 1070 1130 primarius,
1101 1074 1145 1113 C.
1178 1070 1315 1109 Gallus
1346 1071 1526 1108 senator3

200 1159 410 1214 postulavit
441 1158 492 1195 ab
514 1158 556 1193 L.
582 1151 747 1191 Metello
768 1155 810 1185 ut
832 1159 878 1184 ex
899 1142 1031 1182 edicto
1050 1151 1122 1177 suo
1144 1133 1334 1174 iudicium
1356 1131 1466 1169 daret
1486 1126 1526 1164 in
1548 1138 1586 1171 15

203 1225 435 1278 Apronium,
459 1224 583 1270 QVOD
613 1228 692 1254 PER
723 1224 799 1250 vm
822 1221 900 1248 AVT
930 1216 1077 1245 METVM
1107 1208 1384 1242 ABSTVLISSET,
1408 1204 1528 1243 quam

203 1293 411 1332 formulam
451 1283 711 1326 Octavianam
751 1285 789 1316 et
829 1278 982 1314 Romae
1024 1268 1210 1307 Metellus
1257 1263 1449 1300 habuerat
1492 1264 1531 1295 et

204 1357 376 1396 habebat
415 1355 455 1391 in
493 1346 703 1400 provincia.
774 1344 868 1380 Non
907 1340 1099 1387 impetrat,
1140 1343 1232 1370 cum
1269 1330 1346 1367 hoc
1385 1324 1533 1363 diceret

208 1422 405 1466 Metellus,
436 1412 720 1468 praeiudicium
760 1421 802 1446 se
840 1406 890 1444 de
928 1402 1056 1451 capite
1094 1399 1138 1437 C.
1180 1393 1311 1433 Verris
1353 1403 1422 1440 per
1459 1389 1535 1426 hoc

209 1486 398 1526 iudicium
428 1482 533 1520 nolle
563 1476 656 1516 fieri.
726 1474 831 1510 Tota
861 1465 1014 1507 Metelli
1044 1463 1187 1501 cohors
1215 1457 1424 1496 hominum
1455 1463 1536 1489 non

209 1554 448 1602 ingratorum
468 1546 603 1584 aderat
624 1537 802 1590 Apronio
822 1550 831 1582 3
861 1535 907 1573 C.
930 1531 1080 1576 Gallus,
1100 1528 1222 1564 homo
1241 1519 1358 1560 vestri
1378 1515 1536 1561 ordinis,

211 1632 233 1655 a
249 1628 320 1654 suo
334 1607 634 1651 familiarissimo
651 1606 695 1642 L.
715 1601 879 1640 Metello
898 1594 1088 1635 iudicium
1105 1604 1151 1629 ex
1171 1587 1302 1627 edicto
1316 1597 1396 1623 non
1413 1587 1541 1632 potest

134 1694 192 1725 153
213 1682 429 1729 impetrare.
500 1674 595 1711 Non
624 1665 870 1718 reprehendo
901 1649 1353 1703 Metellum,--pepercit
1391 1642 1543 1684 homini

215 1744 343 1783 amico
363 1750 412 1788 et,
431 1751 550 1789 quem
570 1736 622 1774 ad
641 1733 807 1771 modum
829 1728 958 1778 ipsum
979 1723 1110 1762 dicere
1130 1716 1273 1763 audivi,
1296 1708 1517 1752 necessario
1537 1721 1544 1744 :

218 1822 298 1847 non
331 1804 587 1856 reprehendo,
621 1799 794 1847 inquam,
829 1791 1049 1834 Metellum,
1090 1785 1160 1823 sed
1193 1784 1270 1820 hoc
1309 1777 1437 1821 miror,
1466 1784 1546 1823 quo

221 1874 341 1913 modo
373 1872 423 1909 de
454 1881 534 1917 quo
562 1862 724 1903 homine
759 1854 1043 1909 praeiudicium
1082 1846 1251 1888 noluerit
1284 1842 1366 1881 fieri
1396 1852 1463 1890 per
1494 1849 1548 1874 re-

221 1944 479 1988 cuperatores,
512 1933 562 1969 de
600 1931 677 1966 hoc
706 1926 790 1974 ipse
824 1934 905 1960 non
941 1918 1063 1956 modo
1101 1906 1375 1964 praeiudicarit
1413 1914 1548 1942 verum

223 1999 446 2053 gravissime
473 2009 518 2034 ac
545 1987 892 2032 vehementissime
921 1979 1111 2021 iudicarit.
1173 1975 1347 2014 Primum
1376 1969 1482 2009 enim
1519 1965 1550 2004 si

270 2115 289 2134 2
314 2104 391 2134 ideo
409 2107 443 2132 te
456 2106 479 2140 p
497 2099 558 2130 rell.
577 2110 582 2128 :
607 2102 640 2127 te
658 2096 734 2126 ideo
753 2093 783 2123 O
802 2090 870 2122 edd.
1066 2096 1085 2121 4
1109 2081 1190 2112 illud
1203 2084 1228 2119 p
1249 2076 1314 2108 rell.
1331 2086 1338 2105 :
1362 2075 1409 2104 ita
1428 2072 1458 2102 O
1477 2082 1483 2101 :
1508 2070 1553 2100 ita

229 2149 308 2179 illud
327 2151 334 2165 ‘
348 2145 398 2176 N'
418 2144 481 2184 (CI.
503 2142 579 2173 Rev.
601 2140 668 2170 xvi.
689 2138 767 2176 404)
860 2143 879 2172 5
905 2129 1101 2171 praedicare
1118 2122 1308 2163 Naugerius
1326 2130 1332 2149 ε
1357 2115 1553 2156 praedicere

225 2198 247 2230 p
265 2191 327 2220 rell.
348 2201 354 2219 :
380 2192 552 2227 praestare
572 2184 602 2214 O
737 2190 753 2218 7
778 2175 924 2208 voluerit
943 2174 972 2204 O
992 2184 997 2202 :
1022 2171 1086 2201 -int
1099 2174 1123 2209 p
1140 2166 1204 2197 rell.
1350 2171 1386 2190 11
1413 2157 1554 2196 amplius

231 2234 332 2264 uoltis
353 2232 383 2261 V
396 2230 499 2271 (prob.
517 2226 681 2262 Zielinski,
695 2230 729 2264 p.
745 2223 819 2261 196>
837 2232 843 2250 ι
868 2230 899 2251 u.
919 2215 1019 2254 ampl.
1044 2213 1096 2252 Op
1114 2210 1177 2241 rell.
1288 2215 1326 2243 13
1351 2200 1556 2233 reddidisset

236 2276 333 2306 VcO:
358 2273 557 2304 redemisset
571 2275 594 2310 p
612 2269 676 2299 rell.
816 2273 854 2300 15
877 2262 918 2291 ab
941 2258 1037 2289 VcO:
1061 2260 1117 2295 ap
1134 2252 1198 2284 rell.
1219 2250 1281 2291 (iii,
1304 2251 1319 2285 §
1339 2248 1373 2284 2)
1518 2240 1556 2271 16

233 2324 266 2350 et
283 2322 407 2348 metum
430 2316 460 2345 V
558 2314 596 2343 18
621 2312 749 2342 diceret
766 2308 797 2338 ei
823 2306 852 2336 V
947 2313 986 2341 19
1009 2312 1027 2331 a
1045 2309 1082 2330 se
1099 2297 1146 2328 cO
1252 2301 1289 2323 21
1317 2291 1509 2330 ignotorum
1530 2281 1558 2312 V

235 2362 338 2393 nostri
357 2359 405 2390 cO
539 2366 577 2393 27
604 2356 675 2394 ipse
697 2351 771 2383 VcO
790 2362 796 2380 :
822 2352 895 2388 ipso
908 2352 932 2387 p
950 2345 1012 2375 rell.

1558 1464 1594 1488 20

1567 1784 1600 1817 25
