1600 2704
143 121 412 161 ACTIONIS
444 123 504 161 IN
535 122 582 164 C,
603 121 846 161 VERREM
875 123 1176 162 SECVNDAE
1207 124 1311 161 LIB.
1334 124 1371 159 V
1412 123 1468 169 64
1495 124 1557 158 166

144 233 372 269 Romanum
393 244 479 271 esse
498 231 657 278 diceret,
679 231 786 281 apud
806 238 845 270 te
869 239 1089 281 praetorem
1116 232 1148 270 si
1170 245 1253 272 non
1282 232 1469 282 effugium

141 308 193 334 ne
221 308 373 335 moram
402 296 564 346 quidem
590 295 726 334 mortis
747 295 949 335 mentione
968 304 1087 345 atque
1108 296 1361 346 usurpatione
1382 297 1470 335 civi-

141 360 231 399 tatis
256 361 421 411 adsequi
444 360 601 411 potuit?
657 360 856 399 Homines
886 368 1036 408 tenueS,
1058 361 1228 399 obscuro
1257 363 1346 400 loco
1376 361 1470 409 nati,

140 425 335 476 navigant,
353 426 501 464 adeunt
521 425 573 464 ad
593 438 641 465 ea
658 426 747 464 loca
766 437 868 475 quae
895 438 1115 475 numquam
1138 433 1254 464 antea
1275 425 1466 472 viderunt,

103 500 120 532 5
139 489 209 527 ubi
242 502 372 540 neque
401 488 486 528 noti
514 502 600 528 esse
626 488 672 528 iis
702 503 782 540 quo
809 497 1011 536 venerunt,
1041 503 1170 540 neque
1197 503 1352 540 semper
1378 503 1469 528 cum

139 553 406 604 cognitoribus
427 567 512 594 esse
532 562 708 606 possunt.
769 556 860 594 Hac
880 568 959 594 una
978 562 1111 594 tamen
1132 555 1277 595 fiducia
1303 555 1468 594 civitatis

137 630 220 657 non
240 619 363 658 modo
381 619 488 670 apud
508 626 663 658 nostros
688 619 949 670 magistratus,
969 619 1036 670 qui
1057 626 1095 658 et
1116 621 1246 670 legum
1276 627 1314 659 et
1344 620 1469 659 existi-

137 682 321 722 mationis
359 683 535 733 periculo
579 683 841 731 continentur,
882 697 1013 734 neque
1059 685 1168 735 apud
1206 684 1299 723 civis
1338 686 1467 723 solum

138 747 354 795 Romanos,
395 747 464 797 qui
502 755 540 787 et
579 748 770 787 sermonis
808 755 848 787 et
886 748 978 787 iuris
1017 755 1055 787 et
1089 749 1300 787 multarum
1339 762 1466 788 rerum

79 824 119 848 10
136 811 324 851 societate
357 811 482 851 iuncti
518 820 621 860 sunt,
656 813 738 852 fore
771 825 813 851 se
842 820 948 851 tutos
979 812 1224 860 arbitrantur,
1260 814 1344 860 sed,
1372 826 1466 863 quo-

135 888 308 927 cumque
334 876 523 925 venerint,
545 878 649 916 hanc
677 877 751 916 sibi
777 890 859 916 rem
887 877 1085 928 praesidio
1105 886 1261 928 sperant
1282 879 1462 916 futuram.

135 941 250 980 Tolle
281 942 384 980 hanc
415 955 537 992 spem,
572 943 665 981 tolle
699 943 776 980 hoc
810 941 1050 992 praesidium
1077 942 1228 981 civibus
1259 941 1463 988 Romanis,
1487 948 1549 981 168

133 1005 331 1045 constitue
351 1005 449 1044 nihil
468 1019 554 1046 esse
573 1007 660 1057 opis
680 1006 720 1045 in
738 1008 812 1046 hac
835 1019 946 1054 voce,
969 1010 977 1026 ‘
991 1006 1098 1046 Civis
1126 1008 1332 1045 Romanus
1353 1009 1465 1053 sum‚'

133 1083 250 1121 posse
279 1070 442 1122 impune
471 1078 690 1121 praetorem
719 1078 787 1110 aut
819 1071 939 1110 alium
969 1071 1197 1121 quempiam
1227 1071 1464 1121 supplicium

77 1147 114 1180 15
133 1136 244 1185 quod
264 1135 355 1174 velit
376 1135 416 1174 in
437 1148 528 1174 eum
549 1135 788 1174 constituere
817 1136 885 1186 qui
912 1149 953 1174 se
980 1135 1106 1174 civem
1129 1137 1358 1174 Romanum
1378 1148 1463 1174 esse

132 1199 250 1247 dicat,
286 1201 395 1250 quod
426 1200 495 1251 qui
526 1200 575 1239 sit
612 1200 789 1251 ignoret:
832 1200 908 1238 iam
950 1199 1078 1238 omnis
1113 1198 1344 1250 provincias,
1385 1198 1462 1237 iam

132 1264 267 1303 omnia
305 1278 434 1315 regna,
474 1264 553 1303 iarn
592 1264 721 1303 omnis
766 1264 907 1304 liberas
953 1264 1144 1311 civitates,
1182 1263 1259 1302 iam
1301 1276 1462 1302 omnem

131 1329 270 1368 orbern
305 1336 504 1377 terrarum,
544 1329 612 1380 qui
650 1342 805 1380 semper
843 1329 985 1368 nostris
1024 1328 1253 1368 hominibus
1293 1328 1462 1367 maxime

130 1393 270 1444 patuit,
285 1394 437 1433 civibus
459 1393 652 1432 Romanis
672 1394 745 1432 ista
760 1393 991 1433 defensione
1007 1392 1272 1444 praecluseris.
1323 1392 1463 1441 Quid?

71 1473 114 1497 20
131 1458 164 1497 si
185 1460 227 1496 L.
253 1458 457 1505 Raecium,
479 1458 654 1508 equitem
676 1460 917 1505 Romanum,
938 1457 1006 1508 qui
1031 1466 1114 1496 tum
1144 1465 1225 1495 erat
1249 1456 1289 1494 in
1316 1455 1457 1502 Sicilia,

130 1523 373 1571 nominabat,
406 1523 577 1563 etiamne
608 1523 650 1563 id
681 1536 867 1574 magnum
896 1522 980 1570 fuit,
1014 1524 1284 1561 Panhormum
1314 1522 1459 1560 litteras

130 1587 316 1627 mittere?
371 1589 632 1628 Adservasses
666 1587 871 1626 hominem
905 1586 1094 1626 custodiis
1130 1585 1458 1626 Mamertinorum

129 1659 297 1700 tuorum,
329 1652 505 1691 vinctum
534 1654 712 1692 clausum
739 1651 956 1699 habuisses,
978 1652 1074 1691 dum
1102 1651 1329 1689 Panhormo
1359 1652 1459 1689 Rae-

127 1717 211 1757 cius
249 1717 399 1757 veniret
416 1732 427 1765 3
471 1724 727 1768 cognosceret
765 1716 980 1763 hominem,
1025 1715 1175 1766 aliquid
1213 1716 1264 1754 de
1301 1728 1458 1754 summo

69 1797 108 1829 25
128 1781 323 1832 supplicio
348 1782 564 1821 remitteres
579 1797 590 1830 3
618 1782 650 1821 si
674 1782 880 1832 ignoraret,
901 1788 999 1829 tum,
1019 1780 1051 1819 si
1080 1780 1133 1818 ita
1159 1779 1230 1818 tibi
1249 1779 1455 1825 videretur,

128 1846 205 1884 hoc
235 1845 328 1885 iuris
359 1846 399 1884 in
428 1846 557 1886 omnis
586 1846 856 1893 constitueres,
888 1853 941 1893 ut,
973 1844 1041 1895 qui
1071 1856 1200 1894 neque
1234 1843 1306 1882 tibi
1339 1850 1457 1882 notus

127 1918 229 1950 esset
263 1923 393 1961 neque
427 1910 671 1961 cognitorem
708 1912 948 1962 locupletem
986 1911 1108 1955 daret,
1143 1908 1322 1960 quamvis
1361 1907 1456 1946 civis

128 1976 335 2014 Romanus
365 1982 477 2022 esset,
509 1975 550 2013 in
579 1988 736 2015 crucem
765 1976 975 2014 tolleretur.

1489 343 1545 388 65

1493 400 1554 442 167

174 2090 188 2111 1
215 2084 322 2120 praet.
341 2078 456 2120 populi
475 2078 623 2110 Romani
643 2077 760 2110 Eberlz.
778 2078 824 2120 (v,
846 2081 883 2116 ἐξ
903 2078 955 2117 28,
975 2078 1053 2118 136)
1196 2086 1216 2114 4
1240 2080 1319 2107 ante
1336 2075 1378 2106 rrk
1395 2076 1452 2116 (iv,

129 2126 167 2161 ξς
188 2133 260 2162 104,
277 2130 367 2162 '1323
391 2133 420 2161 v,
438 2124 477 2160 ἐξ
496 2132 548 2161 20,
569 2122 643 2161 167)
663 2133 670 2152 :
692 2126 794 2153 antea
810 2122 966 2153 adierant
982 2131 1093 2161 neque
1112 2120 1190 2151 Gell.
1211 2120 1232 2151 i.
1251 2130 1279 2158 7,
1298 2129 1317 2149 2
1435 2127 1456 2158 5

126 2176 263 2206 semper
279 2177 348 2197 om.
367 2166 408 2196 nk
538 2177 559 2206 9
583 2176 693 2197 rerum
710 2176 776 2197 om.
790 2165 856 2206 prk
989 2174 1025 2195 11
1051 2165 1198 2195 futuram
1209 2163 1274 2203 prk
1290 2162 1455 2203 (futurum

129 2209 204 2241 Gell.
224 2210 243 2241 Ι.
258 2210 299 2248 c.)
315 2220 320 2239 :
346 2219 422 2240 esse
438 2209 582 2240 suturam
599 2220 619 2249 q
775 2219 812 2246 14
837 2208 1027 2248 quempiam
1043 2207 1105 2237 uk:
1131 2205 1313 2246 quemlibet
1330 2206 1346 2235 δ
1362 2204 1453 2244 vulg.

129 2255 169 2284 16
191 2253 247 2292 qui
268 2253 310 2283 sit
333 2251 466 2284 Halmz
489 2253 566 2292 quis
589 2254 626 2283 6:
651 2262 727 2283 eum
751 2253 826 2291 quis
849 2252 916 2282 nh:
941 2261 1016 2282 eum
1041 2251 1097 2290 qui
1121 2250 1165 2281 sit
1188 2249 1308 2287 Riclzt„
1336 2247 1452 2278 Eberlz.

131 2306 169 2335 19
193 2297 256 2327 ista
270 2296 317 2336 pk
334 2307 341 2326 z
365 2296 428 2327 hac
446 2306 488 2337 qr
625 2305 668 2327 20
692 2295 853 2326 Raecium
870 2294 978 2325 Halm
997 2296 1028 2336 (ξ
1051 2295 1108 2325 161
1128 2292 1245 2334 supra)
1262 2303 1268 2322 t
1296 2291 1453 2326 Recium,

127 2339 277 2370 Pretium
298 2339 387 2370 codd.
480 2344 553 2370 erat
569 2349 633 2370 om.
655 2341 670 2369 δ
687 2350 693 2368 :
718 2339 752 2369 in
771 2338 887 2370 Sicilia
904 2343 976 2369 erat
992 2348 1013 2377 q
