1600 2704
129 174 174 214 15

143 1199 184 1230 34

141 1676 189 1714 16

151 1743 190 1774 35

195 180 234 211 33
562 159 619 196 M.
649 156 818 195 TVLLI
851 150 1155 194 CICERONIS

192 278 246 314 At
260 275 311 313 ita
327 272 526 312 studiosus
544 277 601 308 est
617 267 731 306 huius
749 266 967 316 praeclarae
989 258 1296 303 existimationis,
1311 265 1354 296 ut
1366 263 1523 308 putetur

193 341 233 379 in
263 339 370 378 hisce
404 337 521 376 rebus
556 334 785 382 intellegens
815 343 910 375 esse,
944 335 985 366 ut
1012 323 1321 376 nuper-videte
1352 320 1522 360 hominis

192 404 720 451 amentiam-posteaquam
751 403 809 435 est
839 390 1221 444 comperendinatus,
1244 400 1335 427 cum
1355 386 1432 424 iam
1454 398 1523 435 pro

194 471 383 509 damnato
425 473 659 513 mortuoque
700 468 812 507 esset,
849 457 951 497 ludis
991 454 1230 495 circensibus
1265 464 1381 490 mane
1418 451 1524 500 apud

196 537 238 573 L.
262 533 480 576 Sisennam,
504 528 629 567 virum
662 524 900 576 primarium,
930 534 1020 561 cum
1053 526 1184 559 essent
1213 516 1379 556 triclinia
1409 522 1527 554 strata
1545 530 1562 561 5

194 606 480 649 argentumque
528 590 748 642 expositum
788 588 828 626 in
866 586 1042 632 aedibus,
1084 596 1175 622 curn
1220 594 1291 632 pro
1338 579 1527 629 dignitate

197 666 239 701 L.
264 663 452 701 Sisennae
482 659 625 697 domus
655 661 756 693 esset
783 653 899 703 plena
918 649 1125 690 hominum
1147 645 1528 690 honestissimorum,

196 726 360 765 accessit
380 725 431 763 ad
451 728 666 771 argentum,
690 715 948 767 contemplari
977 727 1101 752 unum
1132 711 1307 762 quidque
1337 709 1461 748 otiose
1491 716 1529 747 et

198 790 446 830 considerare
485 785 625 836 coepit.
686 781 822 821 Mirari
857 778 1061 819 stultitiam
1100 776 1178 824 alii,
1217 776 1326 825 quod
1364 773 1404 811 in
1443 773 1528 823 ipso

198 853 457 895 iudicio.eius
488 851 609 902 ipsius
638 846 864 899 cupiditatis
893 844 1004 884 cuius
1029 842 1317 881 insimularetur
1344 837 1529 888 suspicio-
1552 851 1592 875 10

200 934 291 960 nem
321 926 489 969 augeret,
511 916 576 954 alii
605 912 830 959 amentiam,
854 911 918 950 cui
947 906 1310 959 comperendinato,
1332 917 1423 943 cum
1450 911 1529 941 tam

201 984 313 1024 multi
334 991 452 1023 testes
473 981 672 1026 dixissent,
697 977 910 1028 quicquam
937 974 1092 1013 illorum
1114 970 1262 1011 veniret
1283 969 1322 1007 in
1344 975 1528 1006 mentem.

203 1050 318 1088 Pueri
347 1056 480 1087 autem
510 1046 710 1089 Sisennae,
735 1043 864 1089 credo,
888 1039 956 1091 qui
985 1037 1187 1077 audissent
1216 1047 1317 1085 quae
1347 1033 1386 1071 in
1415 1032 1533 1070 istum

202 1112 428 1154 testimonia
466 1118 596 1150 essent
634 1109 749 1155 dicta,
790 1107 926 1146 oculos
961 1105 1011 1143 de
1043 1102 1117 1141 isto
1150 1113 1344 1150 nusquam
1379 1098 1533 1137 deicere

204 1192 333 1229 neque
370 1178 420 1216 ab
459 1183 621 1226 argento
659 1172 826 1222 digitum
864 1169 1077 1208 discedere.
1151 1167 1221 1204 Est
1260 1163 1355 1203 boni
1393 1161 1534 1201 iudicis
1557 1172 1594 1206 15

204 1244 331 1294 parvis
357 1256 402 1281 ex
430 1242 545 1279 rebus
572 1238 839 1278 coniecturam
860 1236 986 1273 facere
1008 1232 1123 1271 unius
1144 1230 1334 1279 cuiusque
1364 1235 1401 1266 et
1431 1226 1535 1277 cupi-

205 1308 337 1348 ditatis
368 1315 406 1345 et
435 1303 712 1344 continentiae
774 1300 854 1350 Qui
883 1312 981 1345 10115,
1014 1306 1052 1336 01
1080 1309 1167 1335 reus
1196 1297 1280 1345 lege
1311 1305 1536 1343 comperen-

206 1374 374 1418 dinatus,
389 1386 429 1411 re
450 1379 488 1409 et
509 1369 696 1420 opinione
717 1365 924 1405 hominum
942 1376 1066 1414 paene
1083 1363 1303 1406 damnatus,
1321 1367 1536 1408 temperare

205 1453 286 1478 non
316 1436 485 1488 potuerit
515 1433 686 1473 maximo
713 1437 911 1470 conventu
932 1428 1027 1479 quin
1048 1429 1091 1465 L.
1115 1426 1304 1465 Sisennae
1333 1429 1536 1473 argentum

206 1510 386 1543 tractaret
407 1509 445 1540 et
465 1498 740 1543 consideraret,
763 1497 869 1534 hunc
897 1500 1116 1544 praetorem
1147 1490 1187 1528 in
1213 1487 1413 1539 provincia
1437 1486 1537 1536 quis-
1560 1499 1600 1521 20

207 1582 326 1619 quam
357 1565 510 1617 putabit
539 1577 561 1602 a
591 1562 812 1602 Siculorum
832 1566 993 1610 argento
1020 1555 1277 1607 cupiditatem
1306 1560 1372 1592 aut
1400 1562 1539 1590 manus

208 1632 404 1673 abstinere
424 1629 598 1681 potuisse
614 1630 629 1665 ?

264 1698 413 1735 Verum
453 1703 495 1733 111
534 1692 777 1742 Lilybaeum,
813 1691 919 1729 unde
953 1689 1124 1739 digressa
1159 1695 1216 1726 est
1251 1684 1384 1731 oratio,
1421 1694 1541 1721 rever-

211 1771 350 1807 tamur,
393 1759 552 1798 Diocles
586 1765 654 1804 est,
692 1754 888 1805 Pamphili
919 1768 1047 1805 gener,
1085 1752 1185 1790 illius
1225 1764 1248 1789 a
1285 1762 1365 1800 quo
1405 1745 1541 1796 hydria

211 1827 341 1866 ablata
371 1833 438 1871 est,
464 1823 637 1873 Popilius
662 1820 908 1871 cognomine.
969 1819 1034 1857 Ab
1054 1820 1130 1856 hoc
1151 1814 1263 1855 abaci
1283 1827 1374 1852 vasa
1395 1811 1538 1856 omnia,
1561 1821 1600 1856 25

212 1900 254 1930 ut
275 1890 452 1941 exposita
472 1891 639 1934 fuerunt,
661 1886 831 1925 abstulit.
889 1884 1006 1923 Dicat
1027 1896 1067 1921 se
1088 1881 1179 1920 licet
1199 1879 1366 1925 emisse3
1396 1875 1541 1915 etenim

213 1957 276 1994 hic
316 1962 473 2006 propter
512 1951 824 2003 magnitudinem
863 1948 954 1987 furti
993 1954 1094 1993 sunt,
1131 1952 1173 1983 ut
1211 1942 1360 1993 opinor,
1394 1940 1543 1979 litterae

213 2023 351 2060 factae
409 2018 528 2058 Iussit
547 2016 842 2056 Timarchidem
862 2012 1066 2052 aestimare
1087 2017 1301 2061 argentum,
1323 2020 1403 2057 quo
1424 2006 1544 2044 modo

216 2087 283 2137 qui
317 2097 505 2135 umquam
540 2081 768 2122 tenuissime
802 2080 843 2117 in
877 2077 1133 2117 donationem
1172 2072 1405 2112 histrionum
1434 2069 1545 2109 aesti-

218 2150 345 2189 mavit.
405 2147 583 2187 Tametsi
615 2147 692 2184 iam
724 2145 877 2184 dudum
912 2155 985 2192 ego
1019 2153 1103 2179 erro
1135 2138 1202 2189 qui
1233 2146 1312 2175 tam
1343 2137 1465 2174 multa
1494 2135 1544 2172 de
1565 2145 1600 2177 30

217 2215 292 2254 tuis
324 2213 591 2264 emptionibus
625 2210 743 2249 verba
772 2208 923 2253 faciam,
957 2214 994 2244 et
1029 2217 1213 2255 quaeram
1243 2210 1372 2240 utrum
1407 2198 1545 2238 emeris

263 2318 293 2347 8.
309 2326 329 2355 9
355 2315 441 2345 For!
460 2313 662 2345 accesserit:
689 2310 839 2371 coeperit
966 2309 1004 2338 16
1030 2313 1062 2338 et
1079 2318 1142 2338 om.
1158 2304 1222 2336 RS
1345 2313 1385 2341 23
1412 2306 1446 2332 ut
1464 2300 1545 2331 RS:

222 2360 269 2390 uti
286 2349 356 2389 kald.
446 2363 655 2387 revertamur
671 2355 749 2394 Sp(
754 2354 852 2384 ·‘''lzbn
868 2352 933 2383 dno
951 2361 1116 2382 manuscr.
1125 2347 1270 2379 ’Lama
1277 2349 1310 2386 ).
1336 2348 1546 2377 revertantur

222 2402 255 2433 R
271 2415 276 2433 ;
307 2412 364 2432 rex
367 2405 494 2431 ertatur
512 2402 527 2429 δ
545 2399 613 2430 cdd
640 2409 679 2435 x,
701 2401 716 2435 ξ
735 2398 793 2437 59)
895 2406 937 2435 29
961 2392 1164 2425 aestimarit
1161 2394 1167 2409 ⁷
1269 2400 1311 2430 30
1336 2388 1467 2420 tametsi
1485 2397 1546 2425 ego

223 2446 347 2477 dudum
360 2453 434 2474 erro
453 2454 474 2471 π
