1600 2704
1477 56 1495 70 *s

1469 64 1571 89 2³qu

61 113 330 153 ACTIONIS
353 114 414 152 IN
435 113 480 153 c.
499 114 742 152 VERREM
764 114 1065 153 SECVNDAE
1090 115 1192 152 LIB.
1218 116 1284 152 111
1347 123 1389 162 17
1409 130 1452 162 44

59 227 110 264 ad
140 226 293 265 Siciliae
322 225 498 265 civitates
527 225 684 272 miserit,
718 239 786 276 per
816 239 913 276 quas
938 226 1114 264 hortatur
1143 234 1181 264 et
1210 234 1319 275 rogat
1348 234 1390 264 ut

59 299 181 337 arent,
210 298 253 328 ut
281 297 422 329 serant.
481 291 530 329 In
559 290 756 328 beneficio
784 298 940 340 praetor
964 291 1040 328 hoc
1068 289 1164 339 petit
1189 289 1391 339 aliquanto

59 363 149 395 ante
179 355 394 394 adventum
425 369 540 395 suum
570 363 608 394 et
638 356 753 394 simul
784 355 957 395 ostendit
987 369 1028 393 se
1058 357 1142 405 lege
1173 354 1390 394 Hieronica

58 420 320 467 venditurum,
344 421 421 459 hoc
442 427 500 459 est
520 420 561 458 in
582 420 691 458 omni
712 420 863 458 ratione
883 421 1140 458 decumarum
1163 419 1259 458 nihil
1281 419 1390 458 istius

20 499 37 530 5
58 484 184 523 simile
211 485 416 523 facturum.
474 487 609 535 Atque
630 486 728 523 haec
756 498 836 523 non
859 484 1076 535 cupiditate
1103 484 1235 534 aliqua
1256 484 1389 523 scribit

58 549 243 587 inductus
281 556 324 587 ut
366 549 407 587 in
445 549 614 588 alienam
658 549 901 599 provinciam
943 549 1071 588 mittat
1114 549 1259 588 litteras
1297 556 1389 588 ante

58 621 224 664 tempus,
260 615 331 653 sed
365 613 542 661 consilio,
581 627 640 660 ne,
677 614 709 652 si
749 621 904 664 tempus
933 614 1094 653 sationis
1128 614 1388 664 praeterisset,

56 691 220 729 granum
241 691 288 716 ex
307 677 509 728 provincia
529 678 660 717 Sicilia
680 680 832 717 nullum
855 679 1100 717 haberemus.
1147 678 1387 729 Cognoscite
1406 690 1448 722 45

59 743 209 781 Metelli
232 743 389 782 litteras.
450 744 600 782 Recita.
663 745 869 782 EptsrvLA
892 745 934 782 L.
960 746 1168 782 METELLI.

1 820 39 842 10
113 809 203 846 Hae
245 807 407 855 litterae,
448 808 608 855 iudices,
651 811 694 846 L.
742 808 908 856 Metelli,
948 822 1045 859 quas
1090 809 1269 856 audistis,
1311 810 1388 847 hoc
1408 810 1452 847 18

56 880 250 923 quantum
288 881 347 912 est
386 887 434 912 ex
471 873 602 912 Sicilia
641 873 825 912 frumenti
871 873 1071 912 hornotini
1110 881 1388 912 exaraverunt:

55 938 210 987 glebam
250 946 490 976 commosset
528 938 568 976 in
607 952 699 988 agro
737 939 961 977 decumano
996 937 1150 977 Siciliae
1189 951 1321 985 nemos.
1358 939 1388 975 si

57 1003 244 1040 Metellus
284 1004 386 1041 hanc
425 1002 633 1053 epistulam
669 1016 750 1041 non
785 1002 964 1041 misisset.
1025 1002 1165 1050 Quid?
1223 1003 1389 1040 Metello

55 1067 242 1106 divinitus
272 1069 350 1106 hoc
373 1068 479 1106 venit
508 1068 549 1106 in
579 1076 752 1106 mentem
782 1080 833 1105 an
862 1068 914 1105 ab
941 1067 1094 1114 Siculis,
1122 1066 1189 1116 qui
1216 1069 1386 1105 Romam

0 1147 35 1179 ¹5
55 1132 360 1182 frequentissimi
377 1140 653 1180 convenerant,
671 1132 1061 1183 negotiatoribusque
1078 1131 1232 1170 Siciliae
1246 1133 1387 1170 doctus

47 1199 143 1236 est?
171 1211 338 1248 quorum
367 1197 504 1247 quanti
525 1205 743 1236 conventus
772 1198 823 1236 ad
846 1198 1068 1244 Marcellos,
1091 1197 1387 1246 antiquissimos

55 1262 210 1302 Siciliae
230 1270 429 1313 patronos,
456 1262 593 1313 quanti
623 1263 674 1301 ad
700 1264 774 1301 Cn.
807 1262 1043 1312 Pompeium
1075 1270 1158 1300 tum
1181 1263 1383 1300 consulein

55 1327 315 1377 designatum,
356 1335 588 1377 ceterosque
628 1327 728 1365 illius
769 1327 993 1377 provinciae
1025 1326 1265 1365 necessarios
1305 1327 1384 1365 fieri

56 1391 158 1430 soliti
206 1392 296 1440 sint,
343 1392 431 1442 quis
474 1392 654 1442 ignorat?
697 1393 805 1442 quod
850 1391 1026 1442 quidem,
1070 1391 1231 1438 iudices,
1278 1392 1385 1429 nullo

0 1471 38 1494 20
55 1469 244 1506 umquam
275 1458 325 1495 de
352 1457 514 1496 homine
543 1458 689 1495 factum
720 1465 791 1496 est,
816 1465 857 1494 ut
887 1457 1030 1495 absens
1059 1463 1307 1494 accusaretur
1335 1456 1385 1494 ab

55 1521 100 1560 iis
129 1523 258 1572 palam
288 1535 456 1572 quorum
486 1522 526 1560 in
557 1523 662 1561 bona
691 1522 913 1571 liberosque
945 1535 1144 1560 summum
1177 1521 1383 1571 imperium

59 1594 374 1637 potestatemque
422 1587 595 1626 haberet.
667 1589 796 1625 Tanta
844 1586 901 1624 vis
950 1594 1030 1625 erat
1074 1585 1300 1624 iniuriarum
1343 1594 1384 1624 ut

55 1651 234 1690 homines
266 1652 422 1702 quidvis
456 1652 607 1702 perpeti
642 1665 761 1702 quam
792 1665 872 1689 non
903 1652 954 1690 de
989 1651 1098 1689 istius
1133 1650 1384 1701 improbitate

55 1717 258 1767 deplorare
305 1724 343 1756 et
387 1717 576 1767 conqueri
616 1718 788 1755 mallent.
863 1718 973 1765 Quas
1017 1715 1163 1754 litteras
1202 1728 1291 1753 cum
1331 1716 1383 1754 ad
1403 1716 1446 1758 46

0 1794 35 1826 ²5
55 1782 182 1820 omnis
243 1782 419 1821 civitates
482 1795 605 1832 prope
668 1781 895 1832 suppliciter
958 1780 1126 1819 misisset
1184 1781 1384 1819 Metellus.

53 1855 183 1886 tamen
215 1847 423 1898 antiquum
454 1848 618 1886 modum
658 1846 818 1886 sationis
856 1848 964 1885 nulla
997 1860 1044 1885 ex
1077 1854 1186 1896 parte
1219 1846 1383 1895 adsequi

53 1913 204 1963 potuit:
251 1912 485 1962 diffugerant
527 1912 633 1951 enim
676 1911 874 1962 permulti,
921 1911 961 1950 id
1005 1912 1113 1961 quod
1161 1911 1384 1956 ostendam,

53 1990 126 2016 nec
165 1978 293 2015 solum
332 1977 526 2015 arationes
565 1978 635 2015 sed
674 1977 792 2015 etiam
828 1977 942 2014 sedes
974 1989 1063 2014 suas
1095 1974 1238 2025 patrias
1272 1974 1382 2012 istius

53 2041 201 2080 iniuriis
230 2041 411 2092 exagitati
441 2041 686 2091 reliquerant.

99 2169 112 2188 1
140 2158 292 2189 civitates
311 2157 446 2188 Siciliae
467 2157 499 2186 V
667 2167 686 2186 ς.)
712 2161 848 2195 praetor
872 2154 945 2186 lD:
969 2157 1075 2196 pfp:
1099 2154 1214 2195 populi
1234 2155 1379 2186 Romani

55 2201 119 2233 rell.
141 2202 175 2243 (i.
198 2205 214 2240 ξ
232 2203 266 2240 4)
443 2212 462 2239 4
488 2201 584 2232 istius
606 2199 651 2231 V:
679 2200 732 2230 isti
748 2205 771 2239 p
789 2200 854 2230 rell.
1033 2200 1055 2229 6
1078 2199 1207 2229 litteras
1226 2200 1336 2230 mittat
1357 2199 1387 2228 V

54 2245 74 2274 8
97 2255 139 2275 ex
156 2244 225 2276 cO:
249 2245 292 2276 de
313 2244 361 2274 V:
387 2244 422 2274 in
440 2244 504 2276 rell.
528 2245 575 2283 (ii,
598 2247 635 2281 ἐξ
655 2253 706 2282 24,
729 2244 812 2283 1893
837 2243 883 2280 iii,
903 2246 919 2281 ᾗ
941 2252 1021 2281 ῐ4ῐ;
1047 2243 1091 2282 iv,
1113 2247 1127 2278 ξ
1149 2244 1181 2282 7)
1361 2254 1382 2282 9

56 2287 174 2320 Recita
190 2299 256 2319 om.
280 2288 313 2318 V
421 2297 458 2326 ¹4
483 2298 500 2318 a
519 2287 643 2319 Siculis
665 2287 696 2316 V
809 2296 847 2326 15
872 2297 891 2317 a
910 2286 1173 2325 negotiatoribus
1198 2285 1229 2314 V
1344 2296 1380 2324 17

54 2336 122 2362 tum
140 2332 264 2404 Maiys⁷
287 2330 357 2362 edd.
379 2342 449 2362 νει-ε.
467 2342 473 2361 :
499 2336 591 2361 tuum
614 2330 660 2360 V:
680 2340 748 2360 om.
769 2330 834 2361 rell.
973 2331 1015 2360 26
1038 2330 1176 2369 adsequi
1199 2329 1295 2360 VsO:
1321 2341 1380 2360 ex-

53 2375 148 2413 sequi
169 2376 214 2406 rel
227 2401 232 2406 .
