1600 2704
1444 50 1545 88 sk?

95 111 364 152 ACTIONIS
386 111 447 149 IN
468 109 512 150 C.
535 110 778 147 VERREM
801 110 1100 149 SECVNDAE
1122 112 1226 149 LIB.
1250 113 1317 150 ΙΙΙ
1369 122 1423 159 42
1442 126 1486 160 99

93 222 291 263 Venuleio
320 224 473 269 dantur,
501 233 550 261 ne
579 222 755 268 accedat,
785 221 901 260 tritici
931 223 1036 261 mod.
1066 224 1126 261 ν-ιῑ
1156 229 1195 260 et
1223 231 1424 272 praeterea

95 288 166 326 HS
187 291 218 326 ῑῐ
237 303 244 327 :
275 301 321 326 ex
341 300 422 338 quo
442 286 556 325 facile
582 294 744 336 apparet
773 299 874 337 quae
904 299 1054 325 merces
1075 287 1297 334 decumani,
1322 300 1424 337 quae

93 352 280 404 praetoris
300 353 445 404 praeda
465 364 551 390 esse
571 351 758 390 videatur.
820 352 934 391 Cedo
955 352 1303 391 Thermitanorum
1326 352 1423 390 mihi

92 417 238 456 litteras
277 425 315 456 et
353 415 635 456 testimonium.
706 417 904 454 TABVLAE
944 418 1332 456 THERMlTANORvM
1372 429 1424 455 ET

53 497 70 528 5
91 492 394 520 TESTIMONJVM.
457 480 747 519 Imacharensis
783 481 860 519 iam
893 480 1002 520 omni
1038 482 1236 520 frumento
1276 482 1420 528 ablato,
1448 500 1510 523 ιω

91 547 169 585 iam
190 545 375 586 omnibus
396 545 545 584 iniuriis
562 546 638 585 tuis
661 545 890 593 exinanitos,
910 546 1101 585 tributum
1119 548 1245 586 facere
1260 546 1423 585 miseros

90 625 135 650 ac
156 610 329 662 perditos
360 610 533 661 coegisti,
560 619 603 649 ut
623 611 802 661 Apronio
831 612 970 650 darent
1001 611 1071 649 HS
1093 611 1163 650 x—x.
1225 612 1365 650 Recita
1385 620 1424 651 et

91 677 293 715 decretum
324 677 375 715 de
404 675 558 714 tributis
584 683 622 715 et
652 675 856 726 publicum
890 676 1173 715 testimonium.
1234 677 1423 716 SENATVS

90 752 338 780 CONSVLTVM
396 752 450 779 DE
508 752 688 779 TRIBVTO
735 752 1030 781 CONFERVNDO.
1117 743 1422 780 TEST1MON1VM

34 822 72 843 ιο
92 806 463 844 IMACHARENswm.
522 807 772 852 Hennenses,
796 819 886 844 cum
909 807 1102 845 decumae
1123 806 1322 845 venissent
1343 807 1423 858 agri

92 870 321 909 Hennensis
353 872 456 910 med.
491 871 630 917 ΠΕΟ,
666 870 847 920 Apronio
885 870 1011 910 coacti
1051 879 1142 910 sunt
1180 872 1274 910 dare
1308 871 1424 910 tritici

91 935 270 974 modium
292 948 398 973 xvm
421 943 459 974 et
485 935 555 972 HS
580 946 623 972 111
651 935 767 973 milia.
831 936 1002 984 Quaeso,
1030 935 1224 975 attendite
1251 944 1422 986 quantus

90 1013 275 1039 numerus
297 999 482 1038 frumenti
503 1008 664 1050 cogatur
685 1013 731 1038 ex
756 1000 865 1038 omni
895 1013 988 1051 agro
1020 1002 1255 1040 decumano.
1316 1002 1420 1039 Nam

89 1078 158 1115 per
187 1065 316 1105 omnis
346 1065 521 1104 civitates
552 1077 654 1114 quae
685 1065 874 1103 decumas
905 1065 1054 1104 debent
1086 1065 1274 1115 percurrit
1295 1066 1420 1105 oratio

33 1143 67 1174 15
90 1143 187 1178 mea,
225 1138 263 1169 et
294 1129 334 1167 in
366 1131 442 1168 hoc
473 1142 616 1180 genere
650 1142 767 1176 nunc,
798 1129 960 1176 iudices,
990 1143 1132 1177 versor,
1165 1143 1245 1169 non
1271 1130 1310 1168 in
1341 1144 1421 1181 quo

89 1194 312 1244 singillatim
344 1202 514 1232 aratores
549 1193 672 1232 eversi
708 1193 822 1233 bonis
862 1194 1049 1233 omnibus
1089 1194 1180 1242 sint,
1214 1196 1285 1234 sed
1320 1208 1421 1245 quae

89 1259 246 1310 publice
276 1258 508 1298 decumanis
538 1260 644 1297 lucra
675 1259 767 1297 (lata
796 1258 883 1306 sint,
907 1267 950 1297 ut
977 1259 1195 1309 aliquando
1217 1274 1262 1298 ex
1283 1273 1420 1298 eorum

87 1324 186 1375 agris
215 1332 334 1375 atque
364 1323 528 1362 urbibus
559 1323 702 1374 expleti
723 1332 842 1373 atque
863 1323 1022 1362 saturati
1050 1337 1140 1362 cum
1163 1326 1239 1363 hoc
1261 1327 1422 1364 cumulo

89 1398 275 1440 quaestus
307 1389 555 1428 decederent.
619 1389 833 1428 Calactinis
866 1402 986 1439 quam
1019 1389 1072 1427 ob
1105 1402 1187 1428 rem
1221 1389 1420 1440 imperasti
1440 1375 1503 1458 ‘³31

30 1471 70 1493 20
88 1467 195 1493 anno
215 1454 330 1493 tertio
350 1461 391 1492 ut
413 1455 602 1493 decumas
623 1453 702 1503 agri
726 1453 796 1501 sui,
820 1466 917 1504 quas
939 1454 1123 1493 Calactae
1145 1455 1238 1493 dare
1258 1467 1422 1494 consue—

87 1527 233 1567 verant,
251 1518 464 1558 Amestrati
487 1520 543 1556 M.
564 1517 707 1558 Caesio
725 1519 949 1557 decumano
971 1520 1139 1557 darent?
1168 1521 1276 1568 quod
1291 1533 1421 1570 neque

86 1594 177 1623 ante
198 1593 236 1623 te
256 1592 475 1635 praetorem
497 1583 550 1621 illi
567 1584 740 1622 fecerant
762 1597 891 1634 neque
908 1591 950 1622 tu
967 1583 1050 1634 ipse
1066 1585 1143 1623 hoc
1164 1584 1217 1623 ita
1231 1593 1420 1624 statueras

86 1658 201 1689 antea
222 1663 290 1700 per
310 1649 525 1688 biennium.
588 1650 882 1687 Theomnastus
916 1649 1182 1699 Syracusanus
1213 1649 1252 1688 in
1283 1663 1420 1701 agrum

88 1716 365 1765 Mutycensem
405 1727 472 1753 cur
510 1714 582 1752 abs
621 1722 659 1753 te
699 1713 897 1752 immissus
932 1715 1023 1752 est?
1066 1714 1133 1763 qui
1164 1723 1335 1754 aratores
1367 1715 1420 1753 ita

29 1794 68 1826 ²5
86 1780 237 1819 vexavit
258 1788 300 1819 ut
329 1779 383 1818 illi
414 1779 453 1817 in
484 1781 623 1818 alteras
655 1780 857 1826 decumas,
878 1778 919 1818 id
949 1780 1058 1830 quod
1082 1779 1121 1817 in
1146 1779 1230 1818 aliis
1259 1793 1420 1830 quoque

86 1844 308 1883 civitatibus
348 1845 568 1891 ostendam,
612 1843 783 1882 triticum
829 1857 960 1882 emere
999 1844 1222 1883 necessario
1261 1853 1420 1895 propter

86 1909 261 1960 inopiam
282 1917 524 1959 cogerentur.
587 1909 672 1947 Iam
694 1922 786 1947 vero
807 1922 854 1947 ex
880 1908 1146 1958 Hyblensium
1167 1909 1418 1959 pactionibus
1442 1926 1502 1949 102

86 1974 329 2025 intellegetiS,
365 1987 465 2024 quae
504 1975 629 2013 factae
665 1982 755 2013 sunt
787 1987 879 2013 cum
914 1976 1137 2013 decumano
1163 1975 1237 2014 Cn.
1271 1974 1416 2025 Sergio,

87 2040 238 2079 sexiens
273 2047 384 2079 tanto
417 2052 537 2089 quarn
570 2047 762 2089 quantum
798 2047 926 2078 satum
959 2039 1008 2078 sit
1039 2040 1214 2078 ablatum
1248 2051 1333 2079 esse
1367 2041 1418 2078 ab

25 2118 70 2150 30
86 2104 314 2144 aratoribus.
376 2104 516 2143 Recita
537 2104 707 2143 sationes
729 2112 768 2143 et
787 2103 991 2154 pactiones
1012 2118 1059 2143 ex
1078 2103 1214 2143 litteris
1235 2104 1415 2155 publicis.

130 2218 149 2248 3
174 2218 249 2240 esse
270 2208 334 2240 vid.
358 2208 485 2248 praeda
505 2207 534 2239 O
558 2209 591 2239 'ii
612 2211 649 2247 ἐξ
668 2209 720 2246 61,
745 2209 819 2239 108Ὗ
836 2219 843 2237 z
868 2208 994 2248 praeda
1012 2208 1119 2239 abesse
1135 2208 1234 2240 malit
1248 2208 1414 2249 Zielinski,

82 2257 116 2292 p.
140 2262 198 2292 195
333 2262 350 2291 7
376 2258 409 2283 et
427 2253 515 2284 decr.
541 2251 570 2283 O
588 2263 593 2282 :
619 2258 652 2283 et
670 2263 733 2283 om.
748 2258 773 2294 p
791 2251 852 2282 rell.
991 2262 1029 2291 15
1053 2262 1120 2283 non
1138 2253 1172 2282 in
1190 2263 1255 2292 quo
1276 2252 1306 2284 O
1324 2253 1392 2284 edd.
1408 2265 1414 2284 ε

87 2295 118 2326 in
136 2306 201 2335 quo
218 2305 284 2326 non
296 2300 322 2336 p
338 2296 403 2327 rell.
559 2306 601 2327 20
626 2295 759 2336 Calacte
771 2301 796 2336 p
812 2305 817 2325 :
841 2294 978 2326 Calacte
996 2306 1015 2334 q
1031 2295 1132 2327 Prisc.
1153 2295 1223 2327 edd.
1375 2299 1416 2328 28

87 2338 194 2370 factae
211 2338 258 2370 cO
276 2350 282 2370 :
307 2345 426 2378 pactae
438 2344 463 2379 p
481 2338 544 2370 rell.
568 2341 700 2379 (partae
718 2340 753 2379 q)
902 2348 943 2378 29
969 2343 1063 2370 tanto
1084 2339 1114 2370 Ο
1129 2351 1135 2370 :
1161 2344 1291 2371 tantum
1305 2345 1330 2381 p
1348 2340 1411 2371 rell.

85 2382 146 2412 An
163 2383 299 2414 sexiens
315 2388 444 2414 tantum
460 2388 619 2421 quantum
633 2385 643 2414 ἲ
