1600 2704
125 105 175 142 24
198 111 238 143 59
564 97 619 134 M.
652 97 821 134 TVLLI
853 96 1158 136 CICERONIS

197 206 334 245 micior
371 214 438 245 aut
477 206 654 245 infestior
692 206 773 244 fuit.
835 206 955 244 Mitto
986 206 1124 253 vincla,
1163 206 1276 245 mitto
1310 220 1516 254 carcerem,

196 272 311 310 mitto
331 272 502 319 verbera,
527 271 640 310 mitto
665 271 821 318 securis,
845 283 1002 309 crucem
1030 270 1202 321 denique
1226 271 1331 310 illam
1356 279 1521 322 praeter-

197 337 311 377 mitto
332 350 450 387 quam
472 337 545 375 iste
566 336 716 375 civibus
740 335 932 375 Romanis
953 343 1093 374 testem
1118 336 1371 375 humanitatis
1392 336 1432 375 in
1452 350 1520 375 eos

194 416 240 442 ac
275 402 568 441 benivolentiae
600 415 693 440 suae
725 401 848 440 voluit
887 401 1166 448 esse,—mitto,
1210 401 1381 451 inquam,
1423 402 1521 440 haec

195 468 329 507 omnia
357 475 475 518 atque
505 467 544 505 in
571 466 679 505 aliud
708 466 867 505 dicendi
898 474 1053 516 tempus
1085 466 1230 513 reici03
1260 468 1310 505 de
1330 466 1519 513 decumis,
1542 480 1559 511 5

195 534 245 571 de
274 532 419 571 civium
451 533 725 569 Romanorum
754 530 991 570 condicione
1015 530 1055 568 in
1076 530 1317 569 arationibus
1338 530 1497 581 disputo
1512 545 1522 577 3

195 596 262 647 qui
294 609 412 647 quem
446 597 497 634 ad
530 596 693 633 modum
728 601 858 633 essent
889 594 1052 645 accepti,
1083 594 1243 641 iudices,
1280 594 1444 634 audistis
1473 609 1521 634 ex

134 668 175 698 60
194 660 287 710 ipsis
303 675 312 708 3
342 661 448 698 bona
477 658 550 697 sibi
581 665 714 708 erepta
740 671 825 697 esse
858 658 1050 697 dixerunt.
1109 660 1257 697 Verum
1288 660 1396 706 haec,
1429 673 1522 709 quo-

195 725 302 763 niam
339 725 422 763 eius
461 723 571 762 modi
605 736 722 761 causa
755 722 837 770 fuit,
878 724 1039 762 ferenda
1077 731 1178 770 sunt,
1219 723 1316 762 nihil
1354 724 1521 764 valuisse

193 789 444 840 aequitatem,
468 788 565 826 nihil
586 787 917 827 consuetudinem
936 803 946 836 ,-
975 789 1122 826 damna
1149 788 1333 839 denique,
1357 789 1517 836 iudices,
1543 805 1580 827 10

194 857 300 893 nulla
329 862 437 893 tanta
467 860 558 892 sunt
587 866 689 903 quae
720 866 801 891 non
832 852 901 890 viri
931 854 1049 891 fortes
1078 866 1125 891 ac
1155 866 1299 903 magno
1331 862 1369 892 et
1397 854 1520 893 libero

193 920 327 959 animo
364 919 508 959 adfecti
558 919 720 967 ferenda
761 918 1009 957 arbitrentur.
1086 917 1196 967 Quid
1244 918 1275 957 si
1323 919 1521 970 equitibus

196 985 387 1024 Romanis
417 998 499 1023 non
531 983 709 1023 obscuris
740 996 869 1033 neque
900 983 1054 1034 ignotis,
1089 984 1160 1022 sed
1194 984 1370 1022 honestis
1405 992 1443 1023 et
1467 984 1521 1022 in-

193 1050 379 1089 lustribus
409 1062 550 1088 manus
578 1049 630 1086 ab
657 1047 836 1098 Apronio
862 1047 937 1086 isto
967 1055 1145 1098 praetore
1166 1047 1250 1087 sine
1270 1050 1348 1087 ulla
1369 1048 1520 1087 dubita-

193 1115 300 1154 tione
329 1115 637 1153 adferebantur?
694 1112 803 1162 Quid
831 1112 1076 1163 exspectatis,
1102 1112 1199 1163 quid
1225 1112 1393 1163 amplius
1414 1127 1438 1152 a
1457 1127 1521 1153 me
1544 1128 1579 1160 15

192 1180 407 1219 dicendum
429 1178 604 1229 putatis?
661 1179 726 1216 An
754 1177 794 1216 id
824 1178 1023 1227 agendum
1048 1185 1090 1216 ut
1117 1191 1165 1216 eo
1190 1177 1353 1217 celerius
1375 1179 1424 1217 de
1444 1178 1519 1217 isto

191 1245 449 1294 transigamus
474 1256 554 1293 quo
580 1241 768 1281 maturius
795 1243 847 1281 ad
868 1241 1090 1292 Apronium
1115 1242 1324 1293 possimus,
1345 1242 1385 1282 id
1411 1244 1519 1293 quod

190 1322 263 1359 ego
284 1309 338 1347 illi
360 1308 436 1346 iam
458 1307 498 1345 in
520 1307 651 1346 Sicilia
673 1306 870 1357 pollicitus
892 1319 990 1353 sum,
1014 1306 1248 1357 pervenire?
1277 1307 1345 1357 qui
1366 1308 1410 1347 C.
1436 1309 1519 1345 Ma-

190 1373 360 1419 trinium‚
383 1371 543 1419 iudices,
567 1384 721 1410 summa
740 1370 881 1409 virtute
901 1371 1117 1416 hominem,
1140 1385 1294 1410 summa
1314 1371 1515 1418 industria,

190 1451 344 1476 summa
372 1436 506 1487 gratia,
537 1435 741 1475 Leontinis
771 1436 811 1474 in
840 1435 1001 1486 publico
1025 1436 1191 1475 biduum
1213 1436 1348 1475 tenuit.
1407 1439 1445 1475 A
1466 1439 1514 1486 Q.
1540 1450 1578 1472 20

190 1503 381 1553 Apronio,
394 1501 555 1548 iudices,
573 1501 735 1540 homine
756 1501 796 1539 in
817 1502 1013 1540 dedecore
1034 1508 1138 1548 nato,
1160 1503 1212 1541 ad
1232 1501 1516 1552 turpitudinem

188 1569 368 1614 educato,
418 1568 469 1606 ad
514 1565 645 1605 Verris
694 1565 839 1616 flagitia
888 1565 1152 1616 libidinesque
1198 1569 1513 1615 accommodato,

187 1633 361 1683 equitem
398 1633 626 1671 Romanum
659 1631 798 1669 scitote
834 1630 1001 1670 biduum
1036 1631 1127 1670 cibo
1165 1638 1350 1682 tectoque
1388 1633 1515 1682 prohi-

188 1697 326 1745 bitum,
348 1697 515 1736 biduum
538 1695 743 1735 Leontinis
764 1696 804 1734 in
826 1697 911 1734 foro
931 1696 1120 1735 custodiis
1140 1697 1291 1747 Aproni
1319 1704 1513 1738 retentum

186 1770 305 1812 atque
325 1763 589 1809 adservatum,
608 1774 738 1811 neque
767 1768 857 1800 ante
878 1760 1085 1800 dimissum
1105 1774 1224 1812 quam
1244 1763 1295 1801 ad
1317 1763 1513 1802 condicio·
1536 1778 1573 1810 25
1597 1760 1600 1809 ἐ

187 1840 278 1866 nern
299 1826 382 1866 eius
404 1828 593 1877 depectus
615 1834 685 1865 est.
1596 1814 1600 1838 ²

229 1931 249 1961 8
271 1941 346 1961 esse
363 1941 430 1964 om.
449 1930 480 1960 V
564 1931 721 1962 dixerunt
739 1931 800 1963 VO
815 1943 820 1961 :
846 1931 962 1962 dixere
980 1931 1043 1963 rell,
1169 1941 1190 1970 9
1213 1931 1286 1962 eius
1304 1932 1391 1962 modi
1413 1931 1488 1963 VcO
1505 1944 1511 1964 :

186 1974 375 2005 huiusmodi
388 1979 413 2014 p
429 1974 471 2005 al.
492 1974 550 2013 (iv,
573 1978 587 2012 ξ
605 1975 641 2015 6)
772 1985 872 2006 causa
889 1975 950 2006 suit
965 1973 1035 2005 cO:
1065 1984 1161 2006 casus
1179 1974 1239 2006 fuit
1259 1975 1309 2005 V:
1340 1985 1437 2006 casus
1455 1976 1510 2006 ad-

185 2017 245 2048 suit
262 2018 304 2048 vrk
463 2027 496 2047 11
524 2019 627 2049 sortes
646 2028 765 2058 magno
782 2029 819 2049 ac
837 2018 942 2049 libero
962 2018 992 2049 O
1154 2028 1191 2048 12
1215 2018 1421 2050 arbitrentur
1440 2018 1510 2059 Vp:

186 2066 338 2091 -arentur
355 2060 402 2091 cO
538 2071 575 2100 15
599 2061 741 2101 amplius
758 2073 776 2092 a
792 2072 845 2092 me
867 2061 949 2093 VO:
975 2072 993 2091 a
1010 2071 1063 2092 me
1079 2062 1261 2101 ampliusp
1278 2061 1341 2092 rell.
1472 2063 1510 2093 16

185 2105 353 2142 agendum
372 2109 423 2135 est
445 2105 476 2134 V
637 2115 675 2144 17
699 2106 824 2145 possim
847 2104 879 2134 V
1030 2106 1068 2135 18
1092 2114 1156 2144 ego
1171 2115 1238 2135 om.
1261 2104 1330 2145 Vpk
1348 2104 1393 2143 (v,
1417 2107 1432 2142 ξ
1451 2108 1506 2145 72)

186 2148 366 2185 pervenire
388 2148 483 2178 VcO:
509 2148 659 2188 venirep
676 2149 741 2179 rell.
843 2158 886 2178 20
909 2147 1041 2187 publico
1059 2147 1111 2179 ελ.
1125 2147 1164 2187 p²
1245 2147 1276 2178 A
1292 2147 1333 2187 Q.
1354 2148 1506 2187 Apronio

186 2189 298 2220 issadv.
318 2190 385 2222 edd.
404 2202 411 2221 z
451 2191 563 2231 Atque
581 2190 734 2231 Apronio
760 2190 832 2231 Opk
848 2191 892 2222 al.
911 2202 918 2222 ι
956 2201 1023 2230 quo
1041 2190 1195 2230 Apronio
1217 2190 1264 2221 V:
1303 2202 1321 2222 a
1338 2201 1404 2230 quo
1421 2190 1504 2230 Apr.

183 2234 264 2264 com'.
285 2233 382 2263 Klotz
537 2245 577 2272 24
600 2235 632 2264 in
652 2235 816 2266 custodiis
838 2233 915 2275 V(§
937 2243 999 2272 140
1014 2234 1116 2274 infra)
1271 2244 1312 2274 25
1339 2234 1507 2265 condicio-

187 2286 262 2306 nem
295 2276 372 2307 VO:
410 2287 462 2308 —es
491 2278 557 2308 rell.
822 2278 864 2308 26
888 2277 1053 2317 depectus
1071 2282 1096 2318 p
1124 2277 1216 2318 (corr.
1243 2287 1281 2308 ex
1303 2277 1505 2318 depactus):

186 2319 365 2359 despectus
390 2319 436 2349 V:
464 2320 614 2351 deiectus
631 2320 678 2351 cO
