1600 2704
1393 44 1475 70 T·5

1397 71 1403 74 -
1458 71 1464 78 ,

58 108 329 147 ACTIONIs
352 109 414 146 IN
435 108 479 147 c,
499 108 743 146 VERREM
764 108 1065 147 SECVNDAE
1089 110 1192 147 LIB.
1216 111 1282 147 111
1340 118 1389 157 77
1412 78 1472 157 ἧς

57 232 112 258 xv
127 220 168 258 in
184 220 443 266 medimnum,
466 218 608 257 iterum
628 220 778 269 populo
801 220 998 265 Romano,
1016 232 1039 257 a
1059 232 1140 269 quo
1163 221 1232 258 HS
1253 233 1326 258 xxi
1349 221 1389 258 in

56 283 257 322 medimna
276 297 348 334 pro
368 284 512 322 eodem
531 282 599 322 illo
619 284 817 321 frumento
837 283 1043 321 abstulisti.

109 351 163 387 At
191 349 297 387 enim
328 349 568 386 frumentum
595 347 944 397 Centuripinorum
977 356 1015 386 et
1042 348 1387 398 Agrigentinorum
1413 359 1472 389 180

54 421 93 453 et
116 427 198 452 non
224 415 423 452 nullorum
451 414 616 451 fortasse
645 420 845 462 praeterea
872 412 1046 462 probasti
1076 420 1114 450 et
1141 413 1201 451 his
1232 414 1388 464 populis

15 493 33 526 5
53 478 263 530 pecuniam
286 476 510 516 dissolvisti.
570 477 656 516 Sint
683 490 778 516 sane
804 477 959 527 aliquae
986 477 1162 516 civitates
1182 478 1222 516 in
1244 491 1292 517 eo
1319 492 1388 516 nu-

53 556 172 589 mero,
188 555 354 592 quarum
369 543 610 580 frumentum
627 541 850 592 improbare
866 542 1037 580 nolueris
1056 557 1066 589 ;
1091 542 1187 592 quid
1201 544 1387 582 tandem?

52 607 112 645 his
141 606 364 645 civitatibus
393 605 574 645 omnisne
603 606 771 656 pecunia
797 619 899 656 quae
928 620 999 656 pro
1028 608 1226 645 frumento
1252 608 1386 646 debita

52 680 110 710 est
130 671 321 710 dissoluta
340 678 400 709 est
414 673 432 709 ?
460 672 595 709 Vnum
617 670 715 708 mihi
735 671 859 721 reperi
881 684 962 709 non
986 673 1192 722 populum,
1216 673 1285 711 sed
1307 686 1386 711 ara-

51 746 203 775 torem:
238 736 338 784 xide,
370 749 524 787 quaere,
556 736 824 786 circumspice,
855 738 886 774 si
922 736 1008 786 quis
1038 738 1137 776 forte
1176 745 1234 776 est
1263 751 1310 776 ex
1339 751 1385 776 ea

0 815 32 838 ιο
51 801 264 852 provincia,
280 801 320 839 in
337 815 414 851 qua
434 809 476 840 tu
490 801 701 840 triennium
723 801 934 851 praefuisti,
954 803 1020 852 qui
1039 809 1076 840 te
1099 802 1195 841 nolit
1216 802 1383 852 perisse:

51 881 186 914 unum,
205 867 379 917 inquam,
393 868 445 905 da
466 867 562 905 mihi
578 880 624 905 ex
645 867 718 905 illis
733 867 951 906 aratoribus
971 867 1038 917 qui
1053 867 1122 905 tibi
1143 869 1193 906 ad
1215 876 1383 906 statuam

51 932 260 982 pecuniam
274 934 537 980 contulerunt,
559 932 625 982 qui
643 931 718 971 sibi
739 932 845 971 dicat
860 945 980 971 omne
993 946 1078 971 esse
1099 945 1170 982 pro
1185 934 1384 972 frumento

50 998 160 1047 quod
180 997 395 1047 oportuerit
424 999 609 1036 solutum.
670 998 886 1043 Confirmo,
902 997 1064 1043 iudices,
1083 998 1283 1036 neminem
1297 1011 1383 1037 esse

51 1061 260 1101 dicturum.
1427 1092 1451 1130 8

0 1142 30 1174 ¹5
107 1128 167 1164 Ex
186 1126 295 1166 omni
315 1127 483 1178 pecunia
503 1139 622 1177 quarn
651 1127 868 1165 aratoribus
895 1128 1045 1165 solvere
1070 1126 1242 1165 debuisti
1267 1126 1381 1165 certis
1406 1154 1462 1184 181

53 1191 283 1230 nominibus
312 1191 573 1231 deductiones
604 1192 684 1230 fieri
717 1192 909 1238 solebant,
933 1191 1101 1241 primum
1134 1204 1204 1241 pro
1233 1201 1383 1241 specta-

50 1256 158 1293 tione
191 1264 230 1294 et
263 1256 434 1306 collybo,
469 1256 615 1295 deinde
647 1269 717 1306 pro
752 1257 888 1295 nescio
920 1269 1001 1307 quo
1035 1257 1194 1296 cerario.
1266 1258 1381 1295 Haec

49 1319 193 1366 omnia,
209 1320 375 1368 iudices,
394 1334 475 1359 non
497 1334 625 1359 rerum
647 1328 851 1367 certarum,
872 1322 943 1360 sed
964 1322 1155 1359 furtorum
1177 1321 1382 1371 improbis-

50 1386 239 1424 simorum
274 1394 365 1424 sunt
398 1387 600 1425 vocabula.
661 1387 767 1424 Nam
805 1387 985 1436 collybus
1019 1399 1104 1425 esse
1135 1386 1203 1436 qui
1238 1394 1377 1436 potest,

0 1467 31 1490 ιο
49 1464 139 1489 cum
179 1458 342 1488 utuntur
374 1465 512 1490 omnes
545 1465 626 1490 uno
659 1464 802 1501 genere
832 1453 1118 1490 nummorum?
1176 1451 1379 1490 Cerarium

48 1515 326 1566 vero—quid?
355 1529 436 1566 quo
465 1517 587 1554 modo
617 1517 693 1554 hoc
723 1529 871 1555 nomen
899 1517 951 1555 ad
981 1516 1151 1555 rationes
1183 1515 1380 1566 magistra-

47 1588 122 1618 tus.
143 1592 223 1631 quo
244 1581 367 1619 modo
386 1581 437 1618 ad
458 1580 668 1630 pecuniam
698 1580 898 1630 publicam
928 1581 1103 1619 adlatum
1125 1582 1216 1619 est?
1273 1582 1376 1619 Nam

47 1645 143 1683 illud
172 1658 296 1696 genus
325 1645 483 1684 tertium
513 1645 766 1685 deductionis
794 1654 875 1684 erat
899 1646 982 1684 eius
1011 1646 1130 1693 modi,
1154 1645 1265 1695 quasi
1296 1659 1377 1685 non

47 1711 168 1748 modo
189 1710 323 1749 liceret
349 1712 420 1750 sed
447 1710 564 1750 etiarn
593 1718 802 1761 oporteret,
826 1724 900 1749 nec
921 1712 1048 1749 solum
1079 1718 1276 1760 oporteret
1306 1712 1377 1750 sed

0 1790 27 1823 :5
45 1775 162 1823 plane
182 1788 344 1814 necesse
359 1783 472 1814 esset.
533 1775 692 1814 Scribae
712 1774 875 1813 nomine
896 1776 946 1813 de
968 1783 1049 1813 tota
1071 1774 1239 1824 pecunia
1260 1775 1374 1815 binae

45 1839 395 1889 quinquagesimae
433 1840 754 1879 detrahebantur.
814 1840 914 1889 Quis
950 1839 1021 1877 tibi
1055 1840 1132 1878 hoc
1166 1840 1372 1886 concessit,

44 1917 145 1953 quae
176 1905 247 1950 lex,
280 1917 382 1954 quae
406 1912 565 1943 senatus
595 1904 818 1951 auctoritas,
842 1917 944 1954 quae
974 1917 1092 1954 porro
1120 1904 1309 1954 aequitas,
1332 1912 1375 1942 ut

44 1976 193 2006 tantam
233 1969 443 2018 pecuniam
477 1968 605 2007 scriba
639 1977 729 2007 tuus
767 1970 934 2007 auferret
969 1969 1050 2007 sive
1089 1969 1139 2007 de
1177 1976 1374 2007 aratorum

43 2033 158 2072 bonis
179 2032 260 2072 sive
280 2034 330 2072 de
351 2033 488 2084 populi
520 2033 692 2072 Romani
719 2033 1008 2083 vectigalibus?
1066 2034 1170 2071 Nam
1193 2033 1222 2071 si
1244 2040 1374 2083 potest
1397 2039 1455 2070 182

0 2109 26 2140 ιο
43 2097 115 2136 ista
145 2097 313 2148 pecunia
340 2097 423 2136 sine
449 2105 645 2136 aratorum
674 2097 812 2135 iniuria
840 2097 1004 2139 detrahi.
1028 2099 1198 2148 populus
1230 2099 1374 2136 Roma-

86 2211 105 2241 5
129 2212 213 2233 sane
230 2201 277 2233 cO
294 2212 301 2232 :
325 2212 390 2233 om.
404 2206 430 2242 p
448 2200 512 2232 rell.
617 2212 638 2240 9
662 2206 712 2232 est
729 2200 815 2232 forte
834 2201 864 2231 O
968 2211 1003 2232 11
1030 2200 1110 2232 mihi
1127 2201 1170 2232 da
1186 2201 1322 2240 inquam
1341 2201 1372 2232 O

42 2250 169 2276 statuas
184 2245 347 2284 pecunias
365 2245 396 2276 O
517 2254 554 2275 21
583 2245 663 2284 quid
680 2244 728 2275 cO
744 2255 750 2274 :
775 2245 854 2284 quid
871 2254 972 2275 vocas
985 2250 1010 2285 p
1024 2245 1088 2275 rell.
1208 2254 1248 2284 25
1273 2243 1372 2284 plane

43 2299 184 2319 necesse
201 2294 292 2320 esset
310 2288 342 2319 Ο
361 2288 424 2319 reH.
443 2287 556 2320 Muell.
572 2299 579 2320 :
605 2297 746 2319 necesse
764 2293 855 2319 esset
872 2288 972 2328 plane
990 2287 1060 2319 edd.
1078 2298 1150 2320 recc.
1329 2289 1372 2318 26

42 2331 104 2364 hoc
121 2332 181 2363 tibi
199 2332 230 2362 Ο
373 2333 416 2363 28
439 2331 587 2363 auferret
598 2337 623 2371 p
641 2343 648 2362 :
671 2336 844 2362 averreret
864 2342 886 2363 c.
907 2336 1040 2362 averret
1059 2331 1090 2361 Ο
1106 2343 1113 2361 z
1136 2335 1308 2362 averteret
1325 2331 1367 2361 al.

44 2377 54 2414 (
61 2379 75 2412 ξ
94 2386 155 2413 224
173 2376 275 2416 infra)
