1600 2704
70 170 123 207 44
147 171 205 205 109
508 143 565 182 M.
596 136 765 177 TVLLI
796 124 1103 173 CICERONIS

145 269 176 308 si
214 261 389 317 potestis,
431 255 527 309 quin
559 264 650 292 eum
688 248 760 286 iste
798 240 1048 296 potissimum
1086 247 1133 273 ex
1163 228 1272 270 omni
1303 235 1470 265 numero

147 328 333 382 delegerit
380 324 445 365 cui
482 325 585 361 hanc
628 311 840 367 cognitoris
879 306 964 346 falsi
1001 300 1224 352 improbam
1262 302 1471 345 personam

148 399 380 447 imponeret,
398 401 517 440 quem
539 392 577 424 et
596 381 689 422 huic
708 372 1023 417 inimicissimum
1044 374 1082 405 et
1103 362 1177 403 sibi
1192 356 1474 399 amicissimum

151 474 237 501 esse
274 453 549 497 arbitraretur!
618 445 700 485 Hic
733 454 803 480 vos
841 430 1084 477 dubitabitis,
1124 425 1290 470 iudices,
1325 426 1477 459 tantam

151 525 262 564 istius
282 518 500 563 audaciam,
518 519 668 553 tantam
688 503 972 547 crudelitatem,
994 501 1143 535 tantam
1162 487 1344 529 iniuriam
1357 480 1480 522 vindi·
1498 493 1516 524 5

154 589 270 629 care?
313 578 546 625 dubitabitis
585 572 809 622 exemplum
853 567 1008 604 illorum
1047 557 1224 598 iudicum
1264 549 1375 601 sequi
1413 545 1481 596 qui

156 657 344 695 damnato
375 650 449 689 Cn.
484 641 694 683 Dolabella
727 630 1025 675 damnationem
1058 618 1283 662 Philodami
1316 611 1482 665 Opuntii

157 718 409 760 resciderunt,
451 710 560 761 quod
593 706 626 744 is
656 715 738 742 non
769 701 912 739 absens
951 704 1038 732 reus
1069 691 1195 728 factus
1233 690 1346 728 esset,
1383 690 1486 729 quae

158 797 218 823 res
247 776 494 831 iniquissima
521 780 640 822 atque
668 762 921 806 acerbissima
949 764 1018 804 est,
1052 755 1122 793 sed
1153 763 1245 789 cum
1277 747 1312 786 ei
1341 742 1486 794 legatio

159 850 237 887 iam
263 848 435 884 Romam
464 853 487 878 a
516 836 596 877 suis
624 832 775 873 civibus
802 833 904 867 esset
933 821 1054 862 data?
1110 815 1233 865 Quod
1257 812 1312 850 illi
1335 807 1487 848 iudices
1509 816 1548 839 10

162 914 287 951 multo
318 909 358 947 in
391 904 537 945 leviore
571 910 690 940 causa
720 895 938 934 statuerunt
975 884 1216 935 aequitatem
1251 874 1384 920 secuti,
1418 884 1489 910 vos

163 979 204 1016 id
225 982 393 1014 statuere
420 970 461 1008 in
481 963 708 1019 gravissima
730 969 859 1003 causa,
882 947 1110 1005 praesertim
1135 944 1301 984 aliorum
1327 934 1491 977 auctori-

165 1049 244 1080 tate
264 1039 342 1078 iarn
364 1035 651 1075 confirmatum,
675 1019 937 1065 dubitabitis?

88 1086 149 1170 ἓξ
221 1107 274 1143 At
301 1114 420 1153 quem
444 1096 659 1139 hominem,
693 1091 739 1130 C.
765 1089 918 1131 Verres,
947 1087 1056 1120 tanta
1079 1084 1160 1116 tam
1188 1069 1331 1121 insigni
1355 1064 1496 1106 iniuria

168 1167 376 1210 adfecisti?
414 1175 533 1215 quem
566 1155 771 1198 hominem
811 1151 1017 1189 absentem
1051 1144 1102 1181 de
1133 1136 1270 1178 litteris
1304 1129 1496 1181 corruptis
1517 1136 1555 1169 15

170 1247 288 1275 causa
321 1227 522 1279 incognita
554 1215 860 1263 condemnasti?
902 1211 1013 1250 cuius
1051 1203 1225 1245 absentis
1259 1210 1406 1239 nornen
1444 1207 1498 1232 re-

171 1296 338 1349 cepisti?
377 1305 495 1344 quern
525 1290 731 1328 absentem
761 1292 842 1319 non
876 1276 999 1315 modo
1030 1271 1115 1310 sine
1146 1265 1309 1306 crimine
1343 1268 1382 1300 et
1415 1259 1500 1298 sine

172 1370 280 1409 teste,
304 1370 440 1398 verum
461 1353 579 1394 etiarn
600 1350 684 1389 sine
704 1350 931 1386 accusatore
951 1332 1177 1377 damnasti?
1225 1331 1358 1378 Quem
1377 1321 1502 1363 homi-

172 1427 294 1467 nem?
323 1423 364 1463 di
384 1418 624 1460 immortales
641 1418 648 1453 ἒ
675 1425 756 1451 non
777 1408 907 1449 dicam
927 1402 1099 1442 amicum
1119 1405 1246 1442 tuum,
1266 1391 1375 1443 quod
1395 1387 1503 1439 apud

174 1490 356 1531 homines
376 1483 635 1526 clarissimum
659 1484 728 1524 est,
750 1486 832 1513 non
847 1468 1056 1520 hospitem,
1078 1462 1188 1514 quod
1212 1454 1502 1498 sanctissimum
1523 1461 1565 1484 20

175 1564 234 1596 est
250 1571 260 1604 3
301 1552 400 1593 nihil
433 1549 539 1590 enim
577 1545 707 1584 minus
740 1539 907 1579 libenter
941 1535 992 1573 de
1026 1526 1190 1570 Sthenio
1222 1529 1504 1563 commemoro,

178 1621 275 1661 nihil
299 1619 407 1658 aliud
433 1616 474 1655 in
501 1626 549 1653 eo
573 1610 682 1661 quod
711 1599 945 1656 reprehendi
970 1595 1093 1649 possit
1118 1589 1278 1632 invenio
1304 1585 1378 1625 nisi
1399 1581 1509 1633 quod

179 1688 302 1724 homo
321 1677 603 1731 frugalissimus
623 1680 741 1722 atque
761 1663 1032 1716 integerrimus
1052 1667 1101 1706 te,
1123 1653 1327 1695 hominem
1347 1649 1510 1699 plenum

182 1747 304 1799 stupri
325 1744 445 1796 flagiti
472 1738 638 1785 sceleris,
663 1737 829 1775 domum
851 1741 961 1769 suam
987 1720 1175 1767 invitavit,
1198 1716 1273 1756 nisi
1300 1713 1419 1765 quod,
1443 1708 1511 1760 qui

184 1815 228 1854 C.
267 1810 380 1857 Mari,
415 1810 488 1848 Cn.
527 1800 702 1853 Pompei,
740 1800 783 1838 C.
823 1792 1011 1839 Marcelli,
1047 1791 1090 1828 L.
1125 1785 1323 1827 Sisennae,
1357 1777 1414 1816 tui
1447 1776 1513 1814 de·
1533 1783 1572 1814 25

185 1876 362 1922 fensoris,
398 1880 617 1912 ceterorum
650 1865 822 1904 virorum
862 1856 1163 1899 fortissimorum
1194 1851 1339 1897 hospes
1378 1840 1515 1880 fuisset

187 1952 305 1994 atque
344 1946 457 1985 esset,
497 1936 549 1974 ad
586 1945 678 1973 eum
716 1938 925 1968 numerum
965 1918 1269 1961 clarissimorum
1307 1906 1515 1948 hominum

110 2030 165 2051 111
188 2019 301 2048 tuum
322 2015 482 2056 quoque
505 2011 653 2039 nornen
677 1991 892 2044 adscripsit.
953 1989 1086 2037 Quare
1105 1984 1156 2023 de
1179 1975 1352 2029 hospitio
1372 1972 1517 2011 violato

236 2122 255 2142 2
279 2111 365 2141 hanc
377 2107 444 2139 cO:
462 2116 529 2137 om.
547 2103 612 2135 rell.
632 2103 733 2141 (hanc
751 2094 937 2137 cognitoris
946 2090 1022 2124 falsi
1034 2099 1099 2120 om.
1117 2083 1207 2125 bal.)
1311 2088 1331 2118 3
1355 2072 1519 2108 amicissi-

195 2164 282 2187 mum
301 2153 357 2183 cO¹
377 2163 383 2181 z
412 2150 557 2181 amicum
587 2147 652 2178 rell.
781 2143 802 2172 6
825 2140 956 2170 illorum
975 2134 1122 2166 iudicum
1142 2128 1214 2159 On:
1242 2124 1308 2156 iud.
1328 2121 1373 2152 ill.
1393 2119 1412 2149 b
1427 2117 1517 2156 vulg.

194 2210 216 2238 9
246 2202 346 2236 atque
381 2194 469 2235 Opq:
512 2198 545 2222 et
577 2191 614 2221 ὂδ
898 2190 937 2220 13
969 2175 1130 2210 dubitatis
1161 2170 1209 2202 cO
1240 2170 1292 2208 (ut
1320 2169 1423 2204 supra
1456 2159 1520 2195 05)

199 2251 237 2280 15
261 2249 361 2279 quem
386 2261 393 2268 .
422 2261 428 2267 .
456 2261 462 2267 .
494 2237 534 2266 16
567 2228 799 2265 condemnasti
824 2225 872 2257 cO
901 2222 1038 2264 (probat
1062 2216 1141 2248 Zz'el.
1161 2220 1196 2255 p.
1227 2211 1324 2250 1440:
1358 2216 1423 2237 om.
1454 2201 1520 2233 rell.

199 2290 278 2323 (om.
311 2288 334 2322 j>
370 2290 407 2319 15
441 2281 482 2309 de
515 2278 727 2313 litteris—17
762 2272 937 2303 absentem
966 2275 1005 2296 ex
1035 2256 1307 2292 homoeoteleuto.-
1347 2249 1419 2281 dein
1448 2248 1525 2286 post

198 2325 351 2358 adfecisti
369 2323 474 2364 suppl.
490 2320 529 2362 p²
543 2320 637 2351 cuius
654 2316 803 2349 absentis
823 2320 946 2344 nomen
965 2303 1140 2345 recepisti)
1299 2305 1337 2334 19
1361 2299 1453 2324 tuum
1470 2287 1520 2319 s.I.

195 2370 237 2411 [ἓ
371 2369 412 2398 26
435 2366 581 2396 virorum
599 2361 666 2393 cO:
690 2370 754 2391 om.
778 2357 842 2389 rell.
979 2351 1020 2382 28
1043 2342 1263 2385 adscripserit
1277 2346 1322 2381 pq
1338 2337 1374 2367 ὺδ
