1600 2704
1524 65 1600 82 s*-

100 96 372 137 ACTIONIs
394 96 456 134 IN
477 96 521 135 c.
539 96 781 133 VERREM
803 96 1102 135 SECVNDAE
1125 97 1227 134 LIB.
1253 98 1319 135 111
1381 107 1433 145 25
1452 103 1490 134 61
1520 85 1563 92 “’

157 207 261 245 Nam
289 205 386 256 quid
414 218 487 256 ego
517 207 567 245 de
588 206 636 254 Q.
661 204 802 252 Lolli0,
832 204 994 252 iudices,
1023 205 1165 253 dicam,
1196 207 1328 256 equite
1354 200 1431 246 Ro'-
1451 193 1500 274 6²5

102 284 220 310 mano
240 278 418 321 spectato
437 279 556 321 atque
575 271 777 309 honesto?
834 270 950 309 Clara
970 283 1029 308 res
1047 278 1104 308 est
1117 283 1237 320 quam
1256 271 1430 311 dicturus
1478 255 1490 275 I

101 349 200 382 sum,
233 343 316 374 tota
349 335 480 377 Sicilia
513 334 768 374 celeberrima
799 342 917 384 atque
949 334 1164 373 notissima.
1225 335 1305 384 Qui
1340 349 1430 375 cum

100 408 224 439 araret
257 400 298 438 in
325 400 528 448 Aetnensi,
557 412 729 450 cumque
764 399 796 438 is
829 412 920 449 ager
955 399 1134 450 Apronio
1166 413 1256 438 cum
1292 402 1430 440 ceteris

58 478 80 510 5
100 465 200 515 agris
220 472 322 504 esset
346 464 522 512 traditus,
544 464 715 515 equestri
735 471 864 503 vetere
890 463 955 502 illa
983 464 1214 503 auctoritate
1245 473 1282 503 et
1309 466 1430 515 gratia

100 531 219 568 fretus
257 528 479 568 adfirmavit
517 541 559 568 se
596 528 828 568 decumanis
867 530 954 579 plus
994 541 1112 579 quam
1153 529 1315 568 deberet
1349 544 1429 568 non

99 595 294 632 daturum.
355 594 537 632 Refertur
563 593 646 632 eius
672 606 801 631 sermo
828 594 879 631 ad
901 593 1133 643 Apronium.
1196 593 1314 631 Enim
1336 608 1429 632 vero

98 659 170 697 iste
199 658 325 696 ridere
353 671 400 696 ac
432 658 561 696 mirari
594 658 765 696 Lollium
798 657 895 696 nihil
925 659 975 696 de
1012 658 1209 704 Matrinio,
1247 658 1343 696 nihil
1378 661 1428 698 de

98 722 235 761 ceteris
256 723 373 761 rebus
393 722 560 761 audisse.
622 723 746 761 Mittit
766 724 817 762 ad
845 722 1048 761 hominem
1069 723 1274 762 Venerios.
1335 726 1428 763 Hoc

41 799 79 822 ro
98 800 258 837 quoque
278 787 480 835 attendite,
499 787 740 838 apparitores
762 801 784 826 a
805 796 982 838 praetore
999 788 1225 838 adsignatos
1241 789 1427 828 habuisse

97 853 375 899 decumanum,
412 851 443 891 si
479 854 556 891 hoc
589 852 789 891 mediocre
821 860 1096 902 argumentum
1133 853 1254 891 videri
1296 861 1425 903 potest

96 916 214 955 istum
235 918 547 956 decumanorum
569 917 731 956 nomine
751 919 802 956 ad
824 930 915 956 suos
936 925 1122 967 quaestus
1144 931 1229 956 esse
1242 919 1421 957 abusum.

95 981 320 1020 Adducitur
348 995 371 1020 a
400 981 580 1020 Veneriis
608 990 728 1031 atque
757 983 858 1020 adeo
888 981 1092 1020 attrahitur
1127 982 1289 1027 Lollius,
1320 996 1425 1021 com-

94 1047 261 1084 modum
290 1059 381 1085 cum
411 1046 611 1096 Apronius
640 1060 662 1085 e
691 1047 882 1096 palaestra
910 1045 1085 1092 redisset,
1118 1054 1156 1084 et
1185 1046 1224 1084 in
1255 1046 1425 1085 triclinio

36 1123 72 1156 ¹5
93 1112 203 1160 quod
232 1110 272 1148 in
302 1112 388 1149 foro
416 1113 569 1149 Aetnae
599 1118 784 1149 straverat
813 1110 1067 1149 recubuisset.
1127 1111 1316 1149 Statuitur
1336 1113 1424 1150 Lol-

93 1174 167 1213 lius
196 1174 236 1213 in
266 1175 333 1213 illo
362 1175 596 1225 tempestivo
625 1175 886 1225 gladiatorum
907 1175 1099 1214 convivio.
1159 1177 1253 1213 Non
1274 1178 1422 1215 meher-
1443 1179 1482 1211 62

90 1240 179 1278 cule
213 1240 311 1278 haec
345 1252 447 1289 quae
481 1241 622 1290 loquor
661 1240 873 1286 crederem,
911 1239 1072 1286 iudices,
1115 1240 1271 1278 tametsi
1304 1242 1422 1290 vulgo

90 1304 303 1351 audieram,
340 1304 415 1343 nisi
447 1318 604 1344 mecum
638 1304 722 1354 ipse
753 1318 883 1349 senex,
918 1318 1009 1343 cum
1043 1305 1140 1343 mihi
1171 1313 1290 1355 atque
1329 1306 1421 1344 huic

91 1369 283 1407 voluntati
303 1368 566 1408 accusationis
587 1383 698 1408 meae
720 1369 927 1408 lacrimans
948 1370 1089 1420 gratias
1109 1379 1250 1420 ageret,
1267 1385 1421 1410 summa

30 1445 75 1468 20
93 1446 183 1471 cum
216 1433 449 1473 auctoritate
480 1442 582 1473 esset
616 1436 782 1473 locutus.
844 1435 1043 1482 Statuitur,
1078 1443 1120 1474 ut
1154 1436 1258 1482 dico,
1299 1449 1420 1486 eques

94 1499 299 1537 Romanus
329 1512 455 1538 annos
488 1512 611 1550 prope
643 1512 788 1538 Lxxxx
821 1508 936 1539 natus
968 1501 1007 1538 in
1038 1500 1189 1550 Aproni
1225 1501 1417 1548 convivio,

91 1576 181 1601 cum
202 1563 350 1603 interea
369 1564 569 1614 Apronius
600 1573 718 1614 caput
747 1574 866 1615 atque
896 1579 939 1603 os
968 1578 1083 1603 suum
1107 1575 1310 1616 unguento
1330 1580 1420 1605 con-

89 1628 252 1667 fricaret.
314 1629 445 1678 ‘Quid
472 1637 542 1676 est,
564 1630 718 1668 Lolli?'
748 1630 900 1680 inquit3
935 1635 1000 1668 ‘tu
1027 1630 1101 1669 nisi
1128 1633 1232 1669 malo
1259 1640 1419 1670 coactus

89 1701 193 1732 recte
222 1695 349 1732 facere
378 1694 560 1733 nescis?'
618 1696 755 1734 Homo
785 1695 881 1745 quid
915 1704 1056 1746 ageret,
1088 1703 1232 1734 taceret
1263 1709 1420 1747 respon-

32 1770 70 1801 25
90 1758 208 1804 deret,
231 1758 327 1808 quid
358 1760 501 1798 faceret
531 1759 704 1809 denique
734 1761 798 1798 illa
828 1767 956 1799 aetate
986 1768 1024 1799 et
1053 1761 1284 1800 auctoritate
1314 1775 1419 1811 prae-

89 1822 194 1861 ditus
240 1823 452 1861 nesciebat.
540 1824 741 1874 Apronius
795 1824 942 1863 interea
997 1837 1135 1863 cenam
1184 1838 1229 1863 ac
1277 1828 1419 1875 pocula

87 1887 277 1936 poscebat
294 1903 304 1935 3
335 1887 433 1926 servi
463 1896 595 1927 autem
626 1889 720 1934 eius,
752 1889 819 1939 qui
850 1897 887 1928 et
918 1889 1093 1928 moribus
1126 1889 1251 1928 isdem
1287 1899 1418 1928 essent

75 1951 232 2000 -quibus
271 1951 457 1991 dominus
497 1960 535 1991 et
575 1954 717 1992 eodem
751 1967 893 2003 genere
925 1966 971 1991 ac
1005 1955 1094 1991 loco
1134 1953 1224 2000 nati,
1267 1962 1418 2003 praeter

88 2017 225 2053 oculos
260 2015 362 2053 Lolli
394 2017 492 2054 haec
526 2017 659 2055 omnia
691 2018 877 2055 ferebant.
940 2017 1086 2056 Ridere
1121 2017 1321 2064 convivae,
1359 2031 1417 2056 ca-

26 2091 70 2123 30
88 2080 275 2119 chinnare
298 2080 382 2130 ipse
402 2080 613 2130 Apronius,
637 2081 712 2119 nisi
742 2083 841 2120 forte
872 2081 1100 2120 existimatis
1132 2095 1222 2120 eum
1253 2082 1293 2120 in
1324 2082 1416 2121 vino

134 2194 147 2215 1
176 2184 284 2215 dicam
301 2184 428 2216 iudices
451 2184 481 2215 Ο
499 2186 552 2225 (ςξ
573 2196 625 2225 25,
647 2186 702 2224 80}
812 2196 847 2216 11
874 2187 937 2218 hoc
961 2185 1055 2218 VcO:
1080 2197 1144 2218 om.
1160 2192 1185 2227 p
1203 2186 1268 2218 rell.
1379 2196 1416 2225 13

89 2228 299 2257 commodum
324 2227 444 2260 Lanzb.
466 2239 572 2270 marg.
595 2231 677 2268 1584
696 2241 702 2260 :
735 2231 908 2260 commodo
929 2229 959 2260 O
980 2232 1045 2270 [tle.
1068 2231 1141 2260 -εἰῡχ
1159 2242 1165 2260 :
1201 2230 1416 2269 commodep

89 2270 567 2312 releracteerostrnodum.
587 2273 821 2312 (Postmodum
840 2284 914 2304 cum
931 2297 939 2304 .
960 2297 967 2304 .
986 2298 992 2304 .
1015 2275 1235 2305 recubuisset.
1256 2274 1417 2304 statuitur

86 2312 198 2351 Klotz)
293 2316 331 2344 16
355 2316 524 2346 mehercle
544 2315 574 2346 O
675 2327 714 2356 19
737 2317 926 2348 lacrumans
948 2317 979 2346 V
1075 2328 1115 2348 22
1140 2314 1342 2348 confricaret
1362 2317 1392 2347 O
1410 2328 1416 2346 ε

87 2355 287 2392 perfricaret
298 2362 324 2397 p
341 2358 406 2388 rell.
539 2369 579 2399 23
603 2359 691 2398 Quid
709 2365 760 2391 est
777 2383 784 2391 .
805 2383 812 2390 .
833 2384 839 2391 .
860 2365 988 2392 taceret
1005 2360 1039 2391 in
1058 2371 1124 2401 mg.
1138 2360 1198 2401 p22
1223 2371 1329 2434 ‘ms-Z

1287 2414 1306 2434 O
