1600 2704
115 136 168 180 76
195 144 256 180 ¹77
548 134 603 170 M.
637 134 805 171 TVLLI
837 134 1143 174 CICERONIS

187 244 305 294 gessit
332 245 605 285 hereditariam
636 252 897 295 quaesturam,
929 258 1019 282 cum
1051 259 1074 283 a
1100 246 1307 283 Dolabella
1337 259 1516 296 magnam

188 309 399 359 pecuniam
420 309 567 357 avertit,
587 311 657 349 sed
678 309 761 348 eius
782 309 975 348 rationem
995 323 1086 347 curn
1117 309 1372 348 damnatione
1403 312 1519 348 Dola-

188 375 314 413 bellae
343 375 578 424 permiscuit.
650 374 874 414 Commissa
903 382 962 413 est
990 374 1159 424 pecunia
1187 382 1294 412 tanta
1324 375 1520 425 praetori3

192 453 272 478 non
307 440 506 490 reperietis
542 439 744 478 hominem
784 439 922 478 timide
962 453 1036 478 nec
1070 439 1204 478 leviter
1242 441 1339 477 haec
1378 439 1518 490 impro-

187 504 346 543 bissima
370 507 476 542 lucra
504 504 793 554 ligurrieriten13
821 506 1009 543 devorare
1033 518 1193 542 omnem
1221 504 1429 554 pecuniam
1451 518 1517 554 pu-
1537 522 1554 552 5

187 568 330 607 blicam
371 582 452 607 non
492 568 696 607 dubitavit.
758 570 819 606 Ita
853 568 972 618 serpit
1003 568 1100 607 illud
1124 568 1285 606 insitum
1314 568 1354 606 in
1379 575 1516 606 natura

185 635 331 671 malum
371 632 658 671 consuetudine
697 632 888 683 peccandi
928 633 1061 680 libera,
1090 634 1209 672 finem
1248 641 1291 671 ut
1328 633 1516 672 audaciae

102 705 162 746 178
187 706 355 736 statuere
385 698 467 747 ipse
497 711 577 736 non
608 697 741 747 possit.
801 699 977 736 Tenetur
1010 697 1125 747 igitur
1155 697 1380 748 aliquando,
1408 706 1446 736 et
1476 697 1514 735 in

183 763 299 801 rebus
329 775 420 801 cum
451 762 629 800 maximis
657 770 740 800 tum
768 762 983 801 manifestis
1008 770 1186 810 tenetur3
1213 770 1331 812 atque
1361 762 1400 800 in
1428 776 1513 800 eam

183 829 360 866 fraudem
389 827 485 865 mihi
506 827 660 866 videtur
689 827 877 866 divinitus
901 826 1096 875 incidisse,
1119 840 1201 865 non
1227 829 1355 865 solun]
1382 835 1424 865 ut
1449 840 1513 865 eas
1537 842 1575 865 10

183 905 331 942 poenas
362 906 458 942 quas
489 892 665 943 proxime
696 891 901 931 meruisset
928 893 1104 937 solveret,
1135 893 1205 930 sed
1235 899 1277 930 ut
1303 891 1368 929 illa
1396 892 1513 930 etiam

183 959 328 996 scelera
349 957 432 996 eius
453 957 493 995 in
510 958 735 998 Carbonem
756 964 794 995 et
815 956 855 994 in
878 958 1128 996 Dolabellam
1157 956 1456 996 vindicarentur.

113 1027 163 1065 77
238 1022 396 1061 Etenim
426 1035 529 1060 nova
558 1035 719 1072 quoque
756 1021 832 1060 alia
870 1035 941 1067 res,
979 1021 1140 1070 iudices,
1176 1021 1321 1060 exstitit
1358 1021 1398 1060 in
1438 1024 1513 1060 hoc

181 1087 354 1133 crimine,
391 1100 492 1137 quae
522 1088 632 1125 tollat
662 1100 824 1125 onmem
853 1085 1144 1126 dubitationem
1176 1086 1384 1136 superioris
1411 1086 1512 1125 illius

180 1152 390 1190 decumani
431 1151 613 1190 criminis.
676 1153 779 1190 Nam
818 1160 861 1190 ut
899 1152 997 1191 illud
1036 1153 1199 1191 missum
1238 1152 1389 1198 faciam,
1431 1166 1569 1203 per-15

181 1218 325 1255 multos
354 1225 524 1257 aratores
554 1216 593 1255 in
624 1219 762 1255 alteras
791 1219 980 1256 decumas
1009 1225 1047 1256 et
1076 1217 1115 1256 in
1146 1219 1244 1256 haec
1273 1229 1378 1256 DCCC
1406 1217 1511 1255 milia

181 1281 369 1329 modium,
405 1283 513 1331 quod
546 1290 723 1332 emptum
751 1284 901 1333 populo
931 1284 1116 1321 Romano
1142 1284 1292 1329 darent,
1326 1296 1408 1321 non
1446 1284 1509 1320 ha-

179 1347 321 1394 buisse,
344 1356 381 1385 et
402 1360 424 1385 a
445 1355 513 1385 tuo
534 1355 796 1396 procuratore,
819 1349 895 1386 hoc
916 1355 974 1385 est
994 1348 1046 1385 ab
1065 1347 1255 1397 Apronio,
1285 1347 1435 1393 emisse,
1463 1361 1509 1385 ex

177 1424 258 1461 quo
291 1411 462 1462 intellegi
492 1420 622 1462 potest
651 1411 748 1449 nihil
778 1420 816 1450 te
844 1411 1061 1450 aratoribus
1090 1411 1227 1461 reliqui
1257 1412 1507 1459 fecisse‚—ut

177 1478 253 1514 hoc
281 1484 530 1526 praeteream,
559 1478 667 1526 quod
695 1478 907 1514 multorum
929 1484 987 1514 est
1008 1475 1242 1514 testimoniis
1272 1476 1503 1526 expositum,
1529 1494 1567 1516 20

176 1550 305 1591 potest
340 1541 406 1579 illo
428 1541 642 1591 quicquam
665 1554 750 1579 esse
771 1541 925 1587 certius,
949 1541 988 1578 in
1010 1549 1077 1579 tua
1097 1548 1289 1591 potestate
1318 1549 1436 1591 atque
1467 1542 1505 1579 in
1599 1544 1600 1548 ’

176 1606 251 1644 tuis
282 1606 428 1645 horreis
460 1620 579 1645 omne
611 1608 855 1649 frumentum,
876 1606 1030 1646 Siciliae
1057 1619 1125 1655 per
1151 1606 1360 1644 triennium
1388 1615 1506 1657 atque

96 1685 155 1716 179
177 1671 305 1709 omnis
325 1672 472 1709 fructus
494 1671 574 1720 agri
596 1671 807 1710 decumani
828 1671 980 1709 fuisse?
1037 1672 1141 1710 Cum
1171 1671 1277 1709 enim
1304 1685 1327 1709 a
1347 1671 1506 1710 civitati-

175 1737 248 1774 bus
269 1750 339 1785 pro
361 1738 556 1775 frumento
579 1737 787 1786 pecuniam
809 1736 1001 1785 exigebas,
1027 1737 1133 1774 unde
1160 1744 1240 1774 erat
1263 1737 1502 1775 frumentum

174 1803 283 1850 quod
306 1803 476 1839 Romam
499 1801 680 1847 mitteres,
706 1801 736 1839 si
758 1809 799 1839 tu
820 1801 860 1840 id
890 1815 969 1839 non
992 1814 1110 1839 omne
1130 1802 1307 1839 clausum
1335 1810 1373 1840 et
1400 1815 1502 1840 com-
1525 1817 1561 1848 25
1588 1823 1600 1896 ἓΙ

174 1879 350 1915 pressum
382 1865 644 1915 possidebas?
703 1868 763 1904 Ita
793 1866 831 1903 in
864 1879 912 1904 eo
940 1867 1136 1904 frumento
1169 1865 1317 1915 primus
1342 1865 1412 1904 tibi
1440 1866 1504 1904 ille
1589 1867 1600 1920 ζ,

173 1938 358 1979 quaestus
379 1938 459 1969 erat
480 1930 608 1980 ipsum
630 1932 884 1978 frumentum,
905 1932 1014 1979 quod
1041 1938 1122 1968 erat
1142 1938 1320 1980 ereptum
1345 1931 1397 1968 ab
1425 1944 1505 1969 ara·
1587 1914 1600 1985 ij

174 1995 333 2042 toribus,
355 1997 461 2042 alter,
485 1997 592 2044 quod
620 1997 859 2033 frumentum
887 1994 1179 2044 improbissime
1204 2008 1272 2045 per
1293 1995 1501 2033 triennium
1585 1981 1600 2047 ῘῙ

174 2069 326 2109 partum
356 2074 436 2098 non
471 2062 591 2098 semel
619 2062 688 2098 sed
716 2059 785 2106 bis,
818 2073 948 2109 neque
978 2073 1058 2098 uno
1087 2061 1157 2098 sed
1187 2060 1344 2098 duobus
1371 2059 1502 2109 pretiis
1583 2030 1588 2073 ξ

174 2138 295 2162 unum
317 2134 353 2163 et
375 2125 480 2163 idem
518 2127 755 2163 frumentum
786 2124 1009 2171 vendidisti,
1032 2125 1153 2162 semel
1180 2123 1402 2162 civitatibus
1431 2126 1500 2162 HS
1520 2136 1558 2168 30
1579 2116 1597 2182 j

1580 2191 1584 2215 i

1594 1642 1600 1706 ἒ

1593 1714 1597 1751 i

1592 1760 1597 1811 l

220 2236 232 2254 1
260 2228 336 2256 acO
355 2238 361 2256 ;
386 2238 452 2257 0111.
467 2233 490 2266 p
508 2228 572 2258 rell.
697 2228 719 2257 6
743 2227 775 2256 in
794 2238 858 2257 om.
880 2226 911 2256 O
1031 2237 1048 2265 7
1073 2226 1236 2257 audaciae
1253 2230 1289 2257 ut
1308 2226 1338 2256 Ο
1464 2236 1500 2255 io
1578 2224 1582 2258 l

173 2270 306 2299 videtur
324 2271 402 2300 mihi
419 2271 552 2302 videtur
570 2272 599 2301 O
771 2280 809 2309 13
833 2271 899 2300 iud.
912 2275 937 2309 p
954 2281 961 2299 :
987 2270 1162 2301 iudicanda
1173 2270 1212 2310 p²
1336 2270 1450 2300 existit
1469 2270 1499 2299 Ο
1578 2267 1581 2278 ”

178 2322 214 2351 15
239 2313 414 2352 decumas>
434 2315 625 2352 <decumani
640 2316 692 2353 p2')
841 2324 883 2352 23
906 2324 924 2343 a
941 2324 1006 2344 om.
1029 2312 1060 2343 O
1199 2322 1240 2351 25
1263 2323 1363 2344 omne
1381 2324 1446 2343 non
1467 2312 1497 2343 Ο
1594 2350 1595 2353 ¹

174 2366 213 2393 27
240 2357 344 2394 ipsum
364 2356 568 2387 frumentum
587 2358 633 2387 cO
652 2369 658 2388 z
683 2358 751 2388 -ius
769 2356 808 2387 -ti
821 2362 845 2396 p
862 2356 925 2387 rell.
1083 2356 1125 2387 28
1149 2356 1353 2387 frumentum
1371 2356 1418 2387 cO
1434 2367 1440 2386 τ
1466 2356 1496 2386 id
1593 2359 1595 2362 '

173 2399 269 2429 frum.
285 2405 308 2437 p
326 2400 389 2429 rell.
480 2411 540 2438 pcr
557 2401 737 2430 tricnnium
755 2401 803 2431 cO
820 2412 826 2430 :
851 2411 914 2431 om.
930 2405 956 2440 p
973 2399 1036 2430 rell.

1575 2303 1580 2352 ἑ

1573 2379 1578 2420 i

1572 2424 1593 2476 η

1569 2492 1581 2554 ³1

1563 2633 1575 2704 l
