1600 2704
326 427 393 474 M.
445 427 657 475 TVLLI
711 427 1113 477 CICERONIS

130 536 567 591 ACTIONIS
630 538 724 591 IN
784 539 844 592 C.
908 539 1295 594 VERREM

471 634 966 690 SECVNDAE

477 759 646 797 LIBER
688 759 935 807 QVINTVS

163 859 271 915 QVI
320 860 735 904 INSCRIBITVR
780 863 866 904 DE
911 862 1252 907 SVPPLICIIS

100 978 267 1017 Naxum
303 978 419 1018 video
458 980 625 1019 dubium
665 993 760 1028 esse,
795 981 957 1029 iudices,
1000 981 1095 1032 quin
1134 967 1414 1047 apertissime¹

45 1043 89 1083 C.
113 1045 255 1083 Verres
285 1044 325 1082 in
347 1043 477 1083 Sicilia
499 1058 607 1084 sacra
634 1046 877 1096 profanaque
908 1045 1041 1085 omnia
1072 1054 1110 1085 et
1135 1046 1314 1097 privatim
1341 1055 1378 1085 et

43 1108 203 1159 publice
220 1109 406 1160 spoliarit,
425 1118 681 1161 versatusque
695 1110 743 1149 sit
760 1110 844 1149 sine
860 1113 939 1150 ulla
952 1124 1033 1150 non
1055 1113 1178 1150 modo
1192 1111 1378 1161 religione

43 1187 178 1213 verum
209 1174 326 1213 etiam
357 1174 669 1214 dissimulatione
699 1175 738 1213 in
765 1175 874 1215 omni
904 1189 1046 1226 genere
1075 1175 1227 1214 furandi
1259 1184 1378 1226 atque

5 1257 23 1288 5
42 1239 270 1290 praedandi.
332 1240 411 1279 Sed
432 1241 628 1290 quaedam
659 1240 756 1278 mihi
787 1241 995 1291 magnifica
1017 1250 1054 1280 et
1076 1242 1273 1291 praeclara
1295 1242 1378 1279 eius

43 1304 223 1344 defensio
253 1305 474 1345 ostenditur
491 1320 501 1353 3
530 1305 591 1344 cui
622 1318 741 1356 quem
771 1307 822 1344 ad
851 1307 1014 1345 modum
1044 1305 1219 1345 resistam
1253 1308 1377 1345 multo

42 1369 137 1408 mihi
163 1377 255 1410 ante
279 1378 348 1417 est,
372 1370 533 1418 iudices,
555 1370 857 1421 providendum.
920 1372 980 1409 Ita
1005 1371 1110 1410 enirn
1140 1384 1255 1409 causa
1287 1384 1377 1409 con-

41 1434 222 1483 stituitur,
262 1435 505 1486 provinciam
554 1434 725 1474 Siciliam
765 1435 905 1474 virtute
951 1435 1062 1474 istius
1101 1444 1139 1474 et
1177 1435 1376 1486 vigilantia

41 1499 225 1551 singulari
241 1500 373 1539 dubiis
394 1500 740 1551 formidolosisque
757 1501 1001 1551 temporibus
1023 1514 1045 1539 a
1065 1500 1235 1552 fugitivis
1256 1509 1375 1551 atque

1 1580 23 1604 0
39 1579 63 1605 a
82 1565 175 1605 belli
196 1565 377 1616 periculis
398 1572 523 1604 tutam
545 1578 630 1605 esse
651 1574 853 1604 servatam.
914 1566 1023 1614 Quid
1044 1579 1168 1616 agam,
1191 1565 1342 1605 iudices
1359 1566 1375 1603 ?
1396 1583 1411 1604 2

40 1644 120 1683 quo
139 1630 401 1670 accusationis
422 1643 533 1669 meae
549 1630 740 1669 rationem
758 1631 957 1669 conferam
974 1633 990 1669 ?
1019 1644 1099 1681 quo
1120 1644 1183 1669 me
1197 1631 1375 1669 vertam?

38 1698 89 1736 ad
119 1695 248 1735 omnis
278 1694 385 1735 enim
419 1708 530 1734 meos
565 1695 735 1746 impetus
771 1695 881 1744 quasi
915 1708 1048 1734 murus
1080 1695 1241 1746 quidam
1277 1694 1373 1733 boni

39 1749 195 1800 nomen*
216 1760 460 1811 imperatoris
491 1761 713 1812 opponitur.
775 1760 879 1800 Novi
910 1762 1041 1799 locum
1060 1776 1070 1809 3
1099 1760 1216 1800 video
1243 1761 1311 1798 ubi
1333 1773 1373 1799 se

38 1825 250 1865 iactaturus
290 1828 338 1865 sit
382 1826 632 1865 Hortensius.
713 1827 812 1866 Belli
861 1826 1045 1877 pericula,
1094 1834 1271 1876 tempora
1319 1825 1372 1864 rei

2 1905 20 1939 5
39 1891 232 1943 publicae,
263 1891 543 1943 imperatorum
573 1892 778 1942 penuriam
809 1891 1165 1938 commemorabit3
1194 1898 1277 1928 tum
1308 1891 1372 1928 de-

38 1956 261 2008 precabitur
289 1970 312 1995 a
341 1956 465 2004 vobis,
497 1964 582 1994 tum
612 1956 729 1995 etiam
760 1969 831 2006 pro
862 1969 934 1995 suo
964 1956 1046 1994 iure
1076 1956 1291 1993 contendet
1322 1967 1372 1993 ne

37 2021 241 2073 patiamini
280 2023 398 2060 talem
431 2021 707 2071 imperatorem
743 2022 892 2071 populo
928 2022 1114 2059 Romano
1149 2019 1370 2058 Siculorum

37 2085 272 2126 testimoniis
293 2085 401 2137 eripi,
425 2099 474 2124 ne
495 2085 620 2125 obteri
642 2087 800 2124 laudem
829 2085 1118 2135 imperatoriam
1141 2083 1370 2123 criminibus

37 2151 220 2190 avaritiae
238 2150 375 2190 velitis.

1 2227 22 2250 0
93 2216 186 2253 Non
218 2228 380 2266 possum
415 2214 671 2262 dissimulare,
703 2214 852 2254 iudices
870 2230 879 2262 3
918 2214 1039 2253 timeo
1074 2228 1123 2253 ne
1153 2215 1197 2254 C.
1227 2216 1368 2253 Verres
1389 2222 1406 2253 3

82 2329 102 2359 5
126 2318 198 2350 eius
215 2318 367 2350 defensio
382 2318 437 2358 Rp
452 2329 458 2348 z
483 2317 549 2349 des.
567 2318 641 2349 eius
658 2317 718 2350 ΒΨ
827 2328 843 2357 7
869 2317 949 2348 mihi
967 2322 1045 2349 ante
1062 2323 1114 2348 est
1131 2318 1258 2349 iudices
1273 2317 1346 2358 Rp&
1361 2329 1367 2347 :

39 2368 116 2394 ante
133 2368 184 2394 est
202 2362 281 2393 mihi
299 2362 377 2403 (om.
399 2362 483 2404 iud.)
501 2360 560 2392 ΞΨ
