1600 2704
127 105 397 149 ACTIONrs
428 112 490 150 IN
521 113 566 153 c.
588 115 832 157 VERREM
861 120 1161 166 SECVNDAE
1190 129 1295 170 LIB.
1318 134 1361 171 11
1413 146 1457 183 14
1476 112 1549 185 35*

123 214 208 266 ipse
235 217 464 260 discederet.
524 225 735 275 Adprobat
763 230 974 270 consilium
988 247 999 280 3
1027 243 1164 275 auctor
1183 247 1242 277 est
1268 249 1310 279 ut
1332 256 1451 293 quam

119 280 291 330 primum
328 297 443 335 agere
480 287 680 339 incipiant,
716 293 1001 346 hominemque
1038 298 1080 338 id
1109 303 1247 342 aetatis
1286 307 1449 348 minime

118 344 331 396 litigiosum
379 364 500 401 quam
550 357 902 399 tumultuosissime
953 363 1190 405 adoriantur.
1258 371 1448 411 Scribitur

117 409 307 452 Heraclio
359 415 457 454 dica.
535 419 668 459 Primo
716 422 906 462 mirantur
955 440 1094 468 omnes
1150 431 1442 482 improbitatem
1465 448 1508 487 15

74 487 93 518 5
114 476 336 517 calumniae
349 494 361 526 ,-
389 480 536 521 deinde
555 484 623 534 qui
643 485 762 525 istum
786 498 948 529 nossent
968 493 1108 542 partim
1129 497 1439 549 suspicabantur,

111 539 253 588 partim
286 544 404 592 plane
437 546 625 587 videbant
662 551 862 592 adiectum
902 568 988 595 esse
1021 560 1181 598 oculum
1220 563 1437 604 hereditati.

111 603 267 643 Interea
301 607 386 647 dies
423 611 583 650 advenit
621 627 702 664 quo
740 616 805 656 die
843 631 929 658 sese
968 634 1014 659 ex
1052 622 1232 664 instituto
1268 640 1314 666 ac
1353 631 1438 680 lege

108 667 269 718 Rupilia
299 671 408 712 dicas
442 677 669 716 sortiturum
701 680 900 730 Syracusis
930 684 1003 724 iste
1031 687 1213 728 edixerat.
1272 694 1435 734 Paratus

103 733 156 770 ad
197 734 301 774 hanc
340 737 472 777 dicam
512 741 753 782 sortiendam
797 757 966 787 venerat.
1025 753 1129 791 Tum
1178 768 1268 793 eum
1315 758 1434 797 docet

45 809 84 831 10
103 796 313 838 Heraclius
334 814 415 840 non
436 816 552 853 posse
573 819 622 845 eo
642 808 707 846 die
731 810 869 858 sortiri,
892 815 1000 862 quod
1021 816 1082 854 lex
1107 819 1266 869 Rupilia
1285 830 1432 862 vetaret

101 860 242 901 diebus
269 875 359 903 xxx
389 868 516 907 sortiri
545 870 675 909 dicam
706 873 850 922 quibus
875 877 1017 928 scripta
1046 890 1156 920 esset.
1218 884 1313 924 Dies
1339 898 1430 926 xxx

99 928 280 967 nondum
307 931 470 971 fuerant.
530 935 720 984 Sperabat
751 940 970 989 Heraclius,
1002 943 1033 981 si
1062 944 1172 985 illum
1201 949 1306 988 diem
1337 953 1428 990 effu-

96 989 227 1039 gisset,
249 1001 341 1033 ante
361 996 522 1036 alteram
548 999 794 1040 sortitionem
822 1005 871 1053 Q.
895 1006 1063 1055 Arrium,
1087 1022 1205 1059 quem
1225 1015 1426 1063 provincia

95 1062 180 1093 tum
204 1057 374 1098 maxime
394 1063 659 1115 exspectabat,
679 1078 963 1108 successurum.
1019 1073 1099 1111 Iste
1120 1077 1304 1116 omnibus
1325 1079 1423 1119 dicis
1445 1088 1487 1129 38

35 1134 73 1167 15
93 1119 199 1158 diem
219 1121 380 1171 distulit,
399 1133 438 1163 et
458 1139 545 1165 eam
565 1127 672 1167 diem
692 1132 895 1172 constituit
916 1142 958 1173 ut
978 1137 1080 1176 hanc
1097 1139 1270 1180 Heraclii
1292 1143 1422 1183 dicam

91 1184 217 1223 sortiri
238 1195 327 1236 post
347 1189 432 1228 dies
454 1191 610 1242 triginta
630 1207 677 1232 ex
696 1196 782 1246 lege
801 1207 946 1247 posset.
989 1203 1251 1254 Posteaquam
1269 1221 1314 1246 ea
1335 1210 1420 1248 dies

88 1249 206 1297 venit,
228 1250 300 1291 iste
330 1254 467 1305 incipit
488 1256 672 1298 simulare
698 1272 740 1299 se
766 1263 866 1301 velle
892 1265 1029 1304 sortiri.
1091 1270 1299 1311 Heraclius
1327 1287 1417 1313 cum

86 1314 288 1355 advocatis
312 1318 395 1358 adit
422 1327 461 1359 et
490 1324 662 1372 postulat
692 1332 735 1363 ut
762 1326 837 1365 sibi
866 1341 956 1367 cum
986 1333 1228 1383 palaestritis,
1256 1338 1333 1377 hoc
1358 1348 1416 1378 est

85 1390 175 1416 cum
223 1384 374 1432 populo
421 1385 676 1436 Syracusano,
721 1402 851 1441 aequo
898 1393 980 1433 iure
1027 1396 1244 1448 disceptare
1287 1403 1411 1443 liceat.

24 1455 66 1478 20
83 1444 307 1484 Adversarii
337 1451 538 1498 postulant
566 1460 607 1491 ut
635 1453 675 1491 in
705 1467 791 1493 eam
822 1470 904 1496 rem
934 1458 1083 1500 iudices
1106 1464 1258 1512 dentur,
1290 1481 1337 1506 ex
1366 1469 1412 1509 iis

81 1507 304 1550 civitatibus
334 1525 436 1562 quae
465 1515 505 1553 in
535 1516 576 1556 id
604 1519 732 1557 forum
762 1523 1020 1563 convenirent
1049 1528 1174 1575 electi,
1205 1531 1273 1580 qui
1298 1527 1409 1572 Verri

77 1571 326 1614 viderentur:
370 1579 580 1621 Heraclius
613 1592 759 1631 contra,
790 1594 832 1624 ut
865 1587 1015 1628 iudices
1044 1604 1091 1630 ex
1128 1594 1213 1644 lege
1249 1597 1408 1648 Rupilia

77 1638 229 1686 dentur,
256 1649 299 1680 ut
324 1643 376 1682 ab
401 1643 588 1685 institutis
615 1650 872 1698 superiorum,
900 1653 952 1691 ab
975 1656 1206 1696 auctoritate
1233 1670 1402 1711 senatus,

73 1702 126 1742 ab
151 1703 234 1743 iure
260 1707 439 1747 omnium
467 1710 688 1751 Siculorum
715 1727 766 1753 ne
791 1718 1005 1757 recedatur.
1066 1721 1174 1769 Quid
1201 1736 1273 1774 ego
1293 1725 1403 1767 istius
1424 1770 1464 1803 39

13 1783 53 1817 ²5
73 1767 113 1806 in
144 1767 227 1808 iure
265 1771 442 1813 dicundo
479 1775 686 1816 libidinem
720 1786 759 1817 et
789 1783 936 1821 scelera
973 1784 1272 1827 demonstrem?
1314 1792 1402 1842 quis

71 1840 243 1873 vestrum
290 1849 372 1875 non
418 1837 459 1877 in
506 1840 656 1880 urbana
697 1842 790 1883 iuris
832 1845 1007 1887 dictione
1048 1852 1262 1901 cognovit?
1313 1857 1400 1905 quis

69 1909 259 1947 umquam
280 1899 356 1940 isto
381 1911 559 1952 praetore
589 1907 813 1948 Chelidone
842 1910 963 1950 invita
992 1914 1077 1964 lege
1103 1928 1216 1965 agere
1240 1919 1399 1968 potuit?

67 1962 163 2000 Non
189 1962 318 2011 istum,
342 1973 385 2004 ut
405 1980 486 2006 non
511 1970 722 2019 neminem,
746 1974 946 2023 provincia
970 1979 1142 2028 corrupit
1155 1994 1166 2027 3
1196 1980 1302 2020 idem
1324 1984 1396 2023 fuit

64 2027 133 2076 qui
168 2029 333 2069 Romae.
393 2032 496 2072 Cum
531 2034 572 2074 id
609 2038 719 2086 quod
757 2050 895 2078 omnes
929 2040 1208 2093 intellegebant
1246 2047 1394 2089 diceret

3 2103 46 2135 30
65 2091 285 2142 Heraclius,
335 2095 395 2135 ius
442 2111 528 2138 esse
575 2108 726 2139 certum
774 2102 913 2143 Siculis
961 2107 1061 2145 inter
1103 2121 1145 2148 se
1185 2123 1266 2161 quo
1308 2113 1391 2154 iure

108 2205 146 2234 14
168 2197 254 2228 dicis
270 2198 347 2231 cO¹:
374 2200 614 2244 iudiciisprell.
731 2207 770 2236 16
794 2212 970 2247 postquam
989 2209 1020 2241 O
1122 2223 1164 2245 20
1189 2214 1230 2246 iis
1248 2215 1387 2250 Lamb.:

61 2237 114 2269 his
129 2239 218 2273 codd.
328 2253 367 2274 21
394 2253 624 2279 convenerant
639 2247 698 2279 cO¹
813 2260 854 2280 22
877 2262 921 2282 ex
935 2254 978 2283 vrk
997 2255 1029 2293 (ξ
1048 2266 1090 2294 42
1106 2257 1210 2298 infra)
1227 2270 1233 2289 :
1259 2270 1278 2291 e
1294 2262 1382 2303 vulg.

58 2291 101 2320 23
125 2282 246 2314 dentur
261 2295 305 2316 ne
321 2287 363 2317 ab
379 2294 465 2321 auct.
489 2290 621 2330 (medias
636 2292 783 2331 omissis)
802 2317 809 2324 .
830 2317 838 2324 .
857 2317 864 2324 .
885 2298 1063 2329 recedatur
1080 2298 1123 2330 Οι
1343 2315 1384 2344 25

56 2324 204 2357 dicundo
219 2326 279 2358 cO¹
297 2329 338 2361 al.
359 2342 366 2360 :
391 2332 534 2364 dicendo
548 2340 595 2374 pq
641 2340 674 2365 et
684 2337 857 2367 scelerae:
882 2340 1014 2372 scelera
1028 2341 1080 2373 0:
1103 2353 1168 2376 om.
1183 2345 1249 2378 rell.
1342 2350 1383 2379 26

56 2367 92 2397 in
109 2368 158 2399 O:
183 2380 226 2400 ex
242 2371 307 2404 rell.
424 2385 468 2415 30
491 2384 620 2409 certum
636 2377 687 2410 ius
701 2388 777 2410 esse
795 2379 826 2411 Ο
1210 2432 1250 2462 9*

1523 91 1600 121 l'g‘
