1600 2704
65 99 334 140 ACTIONIS
356 100 416 138 IN
438 99 482 139 C.
506 100 749 137 VERREM
771 98 1069 139 SECVNDAE
1094 101 1194 138 LIB.
1222 102 1280 138 IV
1347 110 1398 148 55

65 208 199 248 omnia
229 207 391 247 victoria
425 207 490 246 illa
523 221 593 246 sua
632 208 794 257 profana
833 207 999 254 fecisset,
1038 215 1169 246 tamen
1210 209 1396 259 religione

64 272 278 323 impeditus
318 286 399 312 non
438 272 563 323 attigit
581 288 592 320 3
634 272 718 320 iste,
752 286 843 311 cum
879 272 943 310 illa
977 281 1135 323 propter
1169 273 1395 312 diuturnam

64 350 204 388 pacem
234 337 545 388 fidelitatemque
574 337 710 387 populi
741 336 972 386 Syracusani
1005 350 1112 375 sacra
1139 337 1396 388 religiosaque

63 402 290 454 accepisset,
332 402 460 442 omnis
508 415 573 442 eas
612 402 766 440 tabulas
804 401 976 449 abstulit,
1017 401 1183 452 parietes
1229 415 1395 452 quorum

27 480 44 512 5
64 475 224 505 ornatus
246 474 303 505 tot
334 469 489 506 saecula
519 474 754 513 manserant,
788 474 845 506 tot
877 467 978 505 bella
1008 468 1233 517 effugerant,
1267 468 1396 506 nudos

63 544 110 570 ac
149 532 389 571 deformatos
428 531 593 582 reliquit.
657 533 707 570 Et
743 533 956 570 Marcellus
996 531 1075 581 qui,
1116 531 1147 570 si
1188 532 1396 581 Syracusas

63 596 242 648 cepisset,
272 599 354 636 duo
383 598 530 647 templa
559 610 600 636 se
632 598 786 636 Romae
816 596 1090 635 dedicaturum
1112 604 1280 643 voverat,
1304 596 1335 635 is
1356 596 1396 635 id

62 662 172 711 quod
192 669 273 700 erat
293 661 568 703 aedificaturus
590 662 635 700 iis
656 662 772 701 rebus
793 675 931 701 ornare
952 674 1049 711 quas
1070 669 1227 712 ceperat
1247 661 1372 700 noluit
1390 676 1396 699 :

62 725 203 764 Verres
238 726 306 776 qui
340 739 421 765 non
455 727 611 765 Honori
644 740 775 777 neque
809 726 967 775 Virtuti,
1000 740 1118 776 quem
1148 727 1200 766 ad
1230 728 1394 765 modum

5 806 45 830 ιο
62 789 137 837 ille,
179 792 250 830 sed
289 790 434 829 Veneri
474 799 511 830 et
552 791 742 841 Cupidini
781 800 873 831 vota
912 791 1087 839 deberet,
1119 791 1149 829 is
1191 791 1395 830 Minervae

62 856 255 905 templum
287 855 454 906 spoliare
489 864 654 895 conatus
694 864 762 895 est.
826 858 898 896 Ille
929 857 1026 896 deos
1059 857 1224 895 deorum
1260 856 1395 907 spoliis

61 919 189 958 ornari
218 920 355 967 noluit,
379 920 443 959 hic
473 929 704 960 ornamenta
735 921 940 960 Minervae
969 920 1126 971 virginis
1156 921 1196 959 in
1227 921 1395 960 meretri-

61 983 163 1022 ciam
180 986 345 1023 domum
367 986 571 1024 transtulit.
617 986 766 1037 Viginti
787 995 825 1026 et
846 994 997 1036 septem
1019 994 1219 1036 praeterea
1240 986 1393 1025 tabulas

61 1049 324 1099 pulcherrime
354 1050 478 1100 pictas
508 1063 555 1089 ex
579 1051 719 1090 eadem
740 1052 839 1090 aede
868 1050 1034 1097 sustulit,
1058 1050 1098 1088 in
1119 1051 1264 1100 quibus
1285 1059 1395 1090 erant

3 1129 41 1161 15
62 1112 252 1164 imagines
283 1114 437 1153 Siciliae
467 1128 600 1165 regum
636 1129 681 1154 ac
714 1123 978 1165 tyrannorum,
1018 1128 1118 1165 quae
1154 1128 1234 1153 non
1267 1117 1393 1154 solum

61 1177 256 1228 pictorum
287 1178 451 1217 artificio
481 1179 742 1226 delectabant,
768 1181 837 1219 sed
868 1179 985 1219 etiam
1017 1180 1397 1219 commemoratione

61 1242 269 1282 hominum
318 1251 355 1282 et
404 1244 629 1294 cognitione
678 1246 901 1283 formarum.
976 1247 1036 1282 Ac
1075 1244 1206 1283 videte
1246 1253 1396 1294 quanto

61 1308 219 1347 taetrior
257 1308 320 1347 hic
360 1316 546 1359 tyrannus
586 1310 836 1358 Syracusanis
873 1309 985 1348 fuerit
1026 1323 1144 1359 quam
1185 1309 1394 1360 quisquam

62 1373 319 1424 superiorum,
353 1374 454 1424 quia,
478 1388 568 1413 cum
600 1375 653 1412 illi
685 1383 817 1413 tamen
848 1374 1021 1414 ornarint
1052 1376 1199 1425 templa
1229 1375 1394 1413 deorum

3 1457 43 1480 20
61 1437 354 1486 immortalium,
374 1438 437 1477 hic
455 1439 571 1477 etiam
587 1439 741 1479 illorum
756 1447 1015 1479 monumenta
1028 1446 1146 1489 atque
1163 1448 1395 1478 ornamenta

61 1504 226 1543 sustulit.

117 1570 202 1607 Iarn
224 1582 316 1608 vero
337 1568 434 1619 quid
455 1582 527 1619 ego
549 1570 599 1607 de
620 1568 740 1607 valvis
767 1568 869 1607 illius
890 1568 1026 1619 templi
1053 1570 1395 1608 commemorem?

60 1634 210 1673 Vereor
240 1647 289 1672 ne
320 1635 417 1673 haec
450 1634 515 1684 qui
539 1647 619 1672 non
650 1633 832 1673 viderunt
854 1633 988 1673 omnia
1009 1647 1072 1672 me
1107 1633 1224 1671 nimis
1254 1646 1395 1683 augere

59 1706 178 1749 atque
200 1711 337 1737 ornare
353 1698 587 1737 arbitrentur
607 1714 615 1745 3
646 1699 755 1748 quod
773 1705 905 1736 tamen
923 1711 1042 1737 nemo
1059 1697 1245 1747 suspicari
1263 1698 1391 1744 debet,

3 1781 39 1814 25
60 1771 140 1802 tarn
155 1774 240 1803 esse
256 1777 320 1802 me
341 1764 530 1813 cupidum
548 1772 589 1802 ut
611 1771 668 1803 tot
682 1764 783 1802 viros
801 1763 1004 1814 primarios
1021 1763 1149 1809 velim,
1168 1762 1395 1814 praesertim

60 1842 107 1868 ex
126 1828 302 1868 iudicum
324 1841 503 1875 numero,
520 1828 588 1879 qui
609 1828 808 1878 Syracusis
834 1828 987 1875 fuerint,
1011 1829 1078 1878 qui
1101 1828 1197 1866 haec
1214 1827 1393 1874 viderint,

59 1906 145 1932 esse
184 1893 391 1932 temeritati
425 1901 463 1932 et
503 1893 712 1932 mendacio
752 1906 842 1931 meo
883 1893 1075 1931 conscios.
1150 1893 1397 1931 Confirmare

59 1958 136 1997 hoc
167 1957 332 2007 liquido,
366 1957 529 2005 iudices,
568 1971 740 2008 possum,
784 1959 914 1996 valvas
947 1957 1314 2008 magnificentiores,
1349 1970 1395 1996 ex

105 2071 119 2091 1
147 2060 204 2091 illa
221 2061 359 2091 victoria
371 2062 414 2100 p5
572 2071 591 2100 5
616 2066 809 2092 manserat.
833 2085 840 2093 .
865 2085 872 2092 .
892 2061 1059 2101 effugerat
1072 2063 1115 2102 pb
1273 2072 1289 2101 7
1315 2063 1343 2093 is
1361 2062 1395 2094 id

59 2102 152 2134 RH:
176 2104 204 2134 is
220 2104 317 2144 Spin,
337 2103 449 2134 deinde
469 2104 501 2134 id
526 2103 601 2135 add.
622 2115 651 2136 s.
671 2105 691 2136 l.
708 2116 713 2134 z
745 2105 773 2134 is
793 2115 857 2136 om.
875 2107 918 2145 p&
1101 2115 1138 2136 12
1163 2104 1275 2136 ornari
1300 2105 1395 2136 RH:

59 2157 181 2178 ornare
206 2147 273 2187 Sp&
296 2148 347 2186 (cf.
367 2158 398 2186 ν,
417 2151 431 2185 ξ
451 2148 509 2183 68)
668 2149 707 2178 18
731 2153 896 2187 tyrannus
922 2148 1148 2187 Syracusanis
1168 2149 1255 2180 RS:
1290 2150 1335 2179 -is
1352 2150 1395 2180 -is

0 2213 1 2229 ἶ
52 2190 119 2229 pk:
161 2190 279 2230 Syrac.
314 2191 422 2222 abesse
447 2191 549 2222 voluit
571 2191 696 2231 Jacoby
858 2203 896 2231 19
921 2193 1008 2232 quia,
1037 2202 1114 2223 cum
1148 2193 1260 2233 scrspsi
1289 2193 1393 2232 (quod

58 2234 170 2273 euml)
187 2245 194 2264 :
229 2235 306 2273 quia
323 2234 352 2265 S
368 2246 374 2264 :
411 2239 476 2274 qua
495 2234 569 2264 RH
584 2234 685 2273 (unde
701 2245 857 2274 umquam
879 2235 986 2275 Orelli,
1005 2235 1094 2275 edd.)
1113 2247 1119 2265 z
1155 2246 1230 2266 curn
1244 2236 1311 2275 qu
1328 2235 1391 2274 (cl.

58 2276 138 2308 Rev.
154 2277 289 2317 xviii7p.
303 2278 382 2318 211)
456 2278 605 2309 ornarint
619 2279 792 2318 (ornarent
806 2278 879 2318 H).
896 2303 903 2310 .
918 2302 925 2309 .
940 2278 1076 2310 sustulit
1087 2278 1213 2310 RSH:
1232 2284 1395 2310 ornarent

648 2331 650 2333 ’
1011 2331 1029 2347 u

58 2375 66 2384 .
87 2376 94 2384 .
116 2377 124 2384 .
142 2354 314 2386 sustulerit
325 2355 367 2395 pB
500 2365 541 2396 23
565 2355 723 2386 viderunt
741 2354 870 2396 RHDp
886 2367 892 2386 :
921 2355 1068 2387 viderint
1085 2356 1135 2388 S:
1162 2357 1307 2388 viderint
1328 2356 1368 2397 Gl

101 2417 162 2439 cic.
181 2419 260 2440 sz.
581 2441 585 2444 ,
1263 2414 1303 2442 24

1448 37 1465 55 ς’
1477 39 1521 65 φῖ

1420 115 1478 137 122

1422 549 1482 579 123

1413 1534 1473 1581 56-

1419 1603 1480 1634 124
