1600 2704
77 113 106 150 9
127 119 167 148 ²4
498 89 556 127 M.
586 79 758 123 TVLLI
787 67 1093 116 CICERONIS

129 213 249 250 libere
281 201 531 246 comitiorum
566 200 674 233 metu
705 185 952 229 deterrebar:
994 171 1174 229 petitioni
1208 176 1293 208 toto
1323 165 1457 204 animo

132 274 272 316 servire
319 274 477 321 propter
522 257 711 301 iudicium
759 263 840 290 non
887 244 1031 284 licebat
1047 255 1056 288 3
1109 233 1249 276 minari
1286 228 1459 277 denique

134 337 369 379 divisoribus
402 328 500 369 ratio
531 337 612 365 non
643 327 735 365 erat,
766 320 972 368 propterea
1001 304 1110 356 quod
1141 313 1209 340 eos
1237 296 1462 343 intellegere

135 403 319 444 videbam
372 408 436 435 me
484 394 561 430 hoc
610 383 757 425 iudicio
806 375 1025 418 districtum
1078 375 1196 415 atque
1248 358 1463 409 obligatum

81 472 324 514 25rfutururn.
389 463 521 508 Atque
559 456 636 492 hoc
674 449 762 499 ipso
799 451 977 491 tempore
1016 431 1156 474 Siculis
1190 422 1464 466 denuntiatum
1487 430 1505 462 5

142 546 227 573 esse
264 527 383 568 audio
420 523 591 575 primum
629 515 680 554 ab
719 504 949 550 Hortensio,
985 502 1150 539 domum
1190 492 1242 531 ad
1279 489 1388 527 illurn
1425 491 1468 521 ut

143 596 344 639 venirent3
388 588 539 627 Siculos
569 583 608 621 in
639 592 687 617 eo
717 587 810 614 sane
839 570 983 609 liberos
1012 562 1144 606 fuisse,
1172 555 1238 607 qui
1269 564 1388 604 quam
1417 548 1471 587 ob

145 674 228 701 rem
257 658 542 696 arcesserentur
572 657 663 684 cum
690 640 971 686 intellegerent,
992 641 1074 668 non
1094 623 1257 663 venisse.
1318 618 1472 656 Interea

149 724 307 767 comitia
345 724 488 762 nostra,
522 720 690 763 quorum
724 706 796 743 iste
830 714 882 747 se,
918 705 961 736 ut
998 700 1216 732 ceterorum
1255 686 1332 722 hoc
1369 691 1476 718 anno

151 789 412 831 comitiorum,
434 777 641 821 dominum
663 783 747 810 esse
767 765 1036 806 arbitrabatur,
1057 752 1193 796 haberi
1213 756 1355 799 coepta
1374 751 1475 784 sunt.
1503 753 1538 774 10

154 860 320 898 Cursare
358 850 430 888 iste
468 847 591 883 honio
628 845 771 889 potens
810 843 899 870 cum
938 826 1020 864 filio
1056 820 1206 860 blando
1239 824 1277 854 et
1311 810 1480 864 gratioso

155 923 303 961 circum
334 914 482 957 tribus;
519 914 704 957 paternos
732 897 893 941 amicos,
924 894 1001 930 hoc
1032 894 1090 926 est
1117 882 1318 925 divisores,
1347 875 1481 926 appel·

158 991 237 1026 lare
268 980 396 1022 omnis
427 984 464 1015 et
494 968 714 1012 convenire.
774 960 896 1011 Quod
926 967 1017 994 cum
1044 957 1146 991 esset
1174 946 1418 986 intellectum
1446 945 1485 976 et

159 1048 488 1091 animadversum,
513 1036 605 1076 fecit
632 1031 767 1072 animo
792 1020 1053 1064 libentissimo
1081 1013 1251 1066 populus
1280 1008 1488 1046 Romanus

164 1124 217 1163 ut,
239 1112 350 1152 cuius
379 1104 538 1147 divitiae
568 1112 631 1139 me
660 1098 711 1135 de
740 1088 1044 1131 fide.deducere
1073 1093 1155 1119 non
1183 1072 1413 1127 potuissent,
1438 1079 1490 1105 ne
1513 1077 1548 1110 15

105 1190 147 1224 26
167 1178 343 1220 eiusdem
383 1167 550 1223 pecunia
588 1165 639 1202 de
675 1161 827 1198 honore
865 1150 1049 1191 deicerer.
1125 1145 1389 1187 Posteaquam
1426 1132 1492 1169 illa

168 1238 368 1297 petitionis
399 1244 541 1283 magna
572 1239 664 1267 cura
693 1223 879 1262 liberatus
913 1226 1012 1259 sum,
1046 1209 1180 1248 animo
1217 1199 1329 1251 coepi
1368 1198 1494 1236 rnulto

169 1306 292 1358 magis
312 1313 439 1342 vacuo
466 1310 512 1336 ac
542 1295 672 1333 soluto
700 1285 798 1326 nihil
827 1281 933 1321 aliud
961 1275 1037 1316 nisi
1066 1274 1117 1312 de
1145 1267 1292 1309 iudicio
1317 1275 1432 1314 agere
1458 1268 1496 1298 et

170 1372 351 1423 cogitare.
412 1359 596 1413 Reperio,
627 1353 789 1398 iudices,
820 1350 918 1386 haec
946 1344 997 1382 ab
1026 1338 1109 1378 istis
1142 1331 1308 1375 consilia
1335 1327 1432 1366 inita
1459 1332 1497 1362 et

173 1435 386 1478 constituta
414 1436 471 1476 ut,
491 1431 742 1476 quacumque
771 1425 871 1465 opus
900 1415 1002 1448 esset
1031 1403 1191 1447 ratione,
1213 1410 1275 1436 res
1303 1394 1356 1432 ita
1384 1393 1499 1430 duce·
1522 1402 1560 1426 20

175 1512 277 1542 retur
298 1507 340 1538 ut
359 1495 467 1546 apud
495 1492 552 1530 M.
577 1484 784 1526 Metellum
813 1483 1032 1528 praetorem
1052 1478 1171 1507 causa
1190 1462 1394 1502 diceretur.
1452 1455 1501 1493 In

176 1582 225 1608 eo
263 1577 348 1605 esse
386 1563 484 1599 haec
523 1549 759 1593 commoda:
806 1542 976 1594 primum
1015 1536 1071 1573 M.
1110 1529 1317 1570 Metellum
1356 1519 1505 1560 amicis—

179 1634 333 1675 simum,
369 1624 514 1665 deinde
554 1611 816 1656 Hortensium
855 1603 1071 1646 consulem,
1109 1607 1221 1645 neque
1255 1585 1506 1630 Hortensium

181 1699 320 1740 solum,
352 1692 421 1730 sed
455 1685 572 1726 etiam
604 1682 653 1729 Q.
687 1674 906 1717 Metellum,
940 1666 1007 1718 qui
1036 1674 1155 1714 quam
1186 1656 1249 1696 isti
1280 1654 1328 1693 sit
1358 1649 1509 1690 amicus

182 1757 397 1801 attendite3
435 1749 545 1791 dedit
580 1745 685 1785 enim
717 1733 1025 1792 praerogativam
1060 1738 1153 1766 suae
1181 1716 1394 1760 voluntatis
1427 1712 1511 1752 eius
1532 1723 1570 1756 ²5

125 1839 164 1875 27
186 1822 295 1865 modi
315 1828 357 1859 ut
378 1816 440 1856 isti
464 1826 534 1865 pro
563 1802 837 1861 praerogativis
858 1800 935 1838 iam
963 1790 1181 1834 reddidisse
1201 1785 1389 1824 videatur.
1449 1780 1513 1816 An

189 1902 251 1928 me
277 1884 485 1925 taciturum
513 1874 631 1915 tantis
657 1873 708 1911 de
735 1868 852 1908 rebus
879 1854 1176 1902 existimavistis,
1199 1858 1238 1890 et
1262 1846 1386 1887 mein
1405 1849 1516 1881 tanto

190 1954 243 1993 rei
269 1948 450 2003 publicae
475 1934 851 1982 existimationisque
881 1939 991 1966 meae
1018 1920 1192 1974 periculo
1219 1914 1403 1962 cuiquam
1428 1919 1518 1945 con-

237 2068 256 2087 2
280 2058 422 2095 propter
438 2047 596 2080 iudicium
609 2042 668 2083 [ννδ
689 2034 898 2079 (Zielinskip.
921 2029 995 2071 192)
1013 2039 1019 2058 :
1044 2036 1109 2056 om.
1129 2021 1192 2052 ΒΨ
1356 2008 1522 2049 denique]

195 2108 326 2140 quoque
339 2094 432 2137 pq¹K
559 2100 574 2128 7
601 2095 682 2117 sane
700 2083 735 2113 in
753 2090 793 2112 eo
810 2079 846 2109 ὸδ
961 2074 1000 2103 16
1023 2069 1176 2101 deicerer
1192 2058 1313 2100 DKZp
1330 2069 1336 2088 :
1361 2055 1524 2087 deiicerer

199 2144 276 2183 G2qs
292 2142 333 2172 al.
353 2152 359 2169 ε
385 2137 547 2168 deiiceret
565 2129 644 2169 6μῦ
664 2129 733 2168 (me
746 2123 895 2155 deiceret
912 2114 1069 2150 Zielinski
1082 2106 1156 2149 lle.)
1246 2112 1289 2142 23
1312 2107 1423 2138 neque
1434 2096 1524 2127 Hor-

199 2185 344 2218 tensium
378 2178 512 2212 addt'di:
549 2169 772 2205 Hortensium
808 2171 875 2197 cos.
913 2164 1054 2201 (eosque
1085 2154 1141 2193 Gl)
1172 2151 1193 2182 ᾗ
1224 2146 1298 2179 sols]
1331 2143 1392 2175 sed
1425 2139 1526 2171 etiam

201 2229 327 2269 DGlpr
341 2225 383 2257 al.
403 2236 409 2254 :
436 2219 607 2254 consulem
627 2223 695 2245 non
713 2211 821 2242 solum
839 2207 880 2246 Q.
900 2205 1000 2236 Hort.
1023 2196 1161 2231 Mueller
1176 2191 1239 2232 (CI.
1251 2189 1329 2221 Rev.
1349 2185 1429 2216 xvii.
1447 2180 1526 2221 200)

203 2284 245 2311 24
270 2271 344 2302 istis
355 2274 379 2309 p
507 2264 548 2293 26
577 2261 641 2290 iam
653 2254 792 2296 DGmpr
806 2264 814 2283 :
839 2259 912 2282 eam
931 2258 950 2287 q
966 2244 1008 2277 al.
1022 2255 1029 2274 :
1045 2251 1110 2273 om.
1123 2236 1158 2268 K
1284 2229 1438 2262 reddisse
1449 2223 1529 2265 Dp:

206 2315 334 2347 redisse
352 2310 381 2341 Z
397 2322 406 2338 ·.
429 2306 564 2338 dedisse
582 2301 617 2333 K
