1600 2704
89 150 116 188 6
139 161 175 195 17
502 135 561 173 M.
589 127 758 170 TVLLI
789 118 1095 165 CICERONIS

191 255 271 306 Qui
297 252 413 293 simul
433 257 551 298 atque
571 244 607 284 ei
631 248 733 281 sorte
757 234 957 289 provincia
983 228 1116 271 Sicilia
1136 223 1308 270 obvenit,
1330 220 1462 261 statim

139 326 303 366 Romae,
343 317 394 356 ab
432 314 529 353 urbe
562 317 776 357 antequam
811 299 1134 353 proficisceretur,
1167 300 1353 341 quaerere
1379 285 1464 335 ipse

139 400 272 428 secum
301 391 339 423 et
369 380 514 432 agitare
546 388 636 415 cum
667 370 746 411 suis
778 365 908 417 coepit
937 361 1177 413 quibusnam
1205 354 1322 393 rebus
1350 351 1392 389 in
1421 361 1468 388 ea

140 449 340 504 provincia
382 443 593 484 maximam
636 449 717 476 uno
755 444 861 472 anno
905 425 1113 479 pecuniam
1156 422 1284 459 facere
1321 420 1466 466 posset.

142 516 314 557 Nolebat
339 513 379 550 in
409 508 564 560 agendo
593 492 969 547 discere—tametsi
998 503 1079 529 non
1108 482 1334 538 provinciae
1362 478 1470 518 rudis
1491 488 1509 519 5

144 590 223 622 erat
240 588 277 619 et
298 578 371 617 tiro
388 593 394 615 :
426 573 515 626 [sed
536 564 708 618 Siciliae]
731 569 886 614 paratus
905 559 957 597 ad
977 555 1163 607 praedam
1180 548 1472 593 meditatusque

89 657 125 687 18
146 646 277 685 venire
302 640 496 691 cupiebat.
556 635 593 674 O
625 630 822 682 praeclare
852 623 1075 664 coniectum
1105 631 1128 656 a
1149 616 1267 664 vulgo
1296 611 1338 649 in
1366 609 1477 647 illam

146 709 388 762 provinciam
427 714 547 742 omen
578 693 800 737 communis
832 692 960 729 famae
991 692 1109 734 atque
1148 676 1349 721 sermonis,
1384 686 1476 712 cum

147 790 194 815 ex
236 771 397 812 nomine
438 766 548 806 istius
593 761 689 813 quid
728 760 800 797 iste
844 755 885 794 in
923 748 1124 804 provincia
1161 747 1333 784 facturus
1375 744 1478 778 esset

148 837 381 891 perridicule
409 830 591 872 homines
615 821 932 876 augurabantur!
990 813 1150 854 Etenim
1181 808 1268 859 quis
1298 803 1479 845 dubitare
1502 811 1540 833 10

150 910 294 956 posset,
327 912 419 939 cum
446 895 557 935 istius
585 892 625 930 in
656 894 866 940 quaestura
893 884 1025 932 fugam
1055 885 1093 917 et
1122 877 1269 914 furtum
1293 880 1483 918 recogno-

151 975 286 1014 sceret,
305 978 396 1004 cum
417 962 456 1000 in
476 957 671 1009 legatione
691 944 929 1003 oppidorum
949 946 1209 989 fanorumque
1230 933 1483 986 spoliationes

152 1032 353 1083 cogitaret,
387 1039 479 1066 cum
513 1023 662 1061 videret
691 1018 731 1056 in
765 1017 850 1054 foro
879 1007 1083 1050 latrocinia
1111 1009 1326 1056 praeturae,
1359 995 1485 1047 qualis

111 1107 134 1146 7
155 1100 226 1138 iste
260 1097 300 1134 in
334 1099 473 1144 quarto
506 1095 597 1127 actu
628 1078 890 1134 improbitatis
914 1077 1066 1114 futurus
1093 1069 1224 1110 esset?
1280 1067 1413 1113 Atque
1444 1068 1488 1099 ut

155 1159 389 1212 intellegatis
405 1169 497 1197 eum
519 1156 674 1192 Romae
695 1144 894 1198 quaesisse
916 1153 997 1179 non
1019 1137 1140 1176 modo
1161 1143 1304 1184 genera
1319 1125 1484 1171 furandi,
1512 1135 1548 1166 15

158 1230 228 1268 sed
267 1226 385 1265 etiam
424 1219 587 1260 nomina
624 1210 850 1255 certissima,
891 1202 1057 1253 accipite
1095 1201 1371 1249 argumentum
1410 1203 1490 1241 quo

158 1291 310 1332 facilius
330 1290 380 1328 de
401 1281 585 1334 singulari
605 1279 688 1318 eius
708 1270 954 1325 impudentia
974 1265 1193 1307 existimare
1213 1257 1380 1311 possitis.

216 1359 310 1406 Quo
344 1352 408 1392 die
443 1347 617 1388 Siciliam
648 1337 961 1391 attigit—videte
991 1330 1135 1370 satisne
1164 1331 1321 1377 paratus
1352 1335 1399 1360 ex
1425 1319 1493 1358 illo

162 1422 296 1462 omine
322 1418 476 1457 urbano
504 1412 555 1451 ad
585 1405 839 1448 everrendam
870 1395 1113 1450 provinciam
1142 1384 1493 1435 venerit‚—-statim

164 1489 352 1526 Messana
371 1481 517 1519 litteras
548 1475 765 1514 Halaesam
787 1465 905 1506 mittit
933 1462 1047 1514 (quas
1074 1471 1147 1508 ego
1167 1456 1285 1494 istum
1312 1451 1353 1490 in
1381 1448 1495 1488 Italia
1516 1458 1556 1480 20

165 1547 444 1599 conscripsisse
470 1540 635 1581 arbitror
651 1552 661 1585 3
690 1547 783 1574 nam
804 1529 919 1570 simul
946 1534 1065 1576 atque
1085 1536 1106 1562 e
1126 1519 1216 1560 navi
1238 1527 1414 1568 egressus
1438 1519 1497 1552 est

166 1615 305 1665 dedit),
347 1607 588 1651 Halaesinus
627 1603 679 1641 ad
718 1612 759 1638 se
799 1595 879 1635 Dio
918 1590 1109 1632 continuo
1147 1583 1322 1629 veniret3
1368 1592 1409 1618 se
1448 1577 1498 1616 de

167 1679 385 1720 hereditate
423 1674 522 1713 velle
560 1676 799 1719 cognoscere
837 1672 938 1711 quae
976 1656 1059 1695 eius
1098 1651 1179 1691 filio
1216 1662 1240 1687 a
1276 1644 1500 1698 propinquo

113 1770 152 1792 20
169 1745 344 1788 homine,
369 1737 614 1791 Apollodoro
636 1729 873 1781 Laphirone,
895 1721 1077 1762 venisset.
1142 1717 1201 1755 Ea
1221 1719 1312 1759 erat,
1336 1708 1498 1753 iudices,

984 1783 1146 1830 iudices,
1174 1791 1280 1818 nunc
1307 1771 1502 1815 beneficio
1525 1782 1562 1814 25

104 1378 142 1410 19

171 1807 399 1863 pergrandis
426 1800 604 1855 pecunia.
664 1795 744 1834 Hic
774 1800 832 1831 est
863 1788 952 1835 Dio,

173 1879 222 1926 Q.
254 1870 407 1913 Metelli
433 1867 528 1908 civis
558 1867 765 1903 Romanus
792 1858 942 1900 factus3
971 1852 1021 1891 de
1051 1860 1131 1899 quo
1160 1842 1291 1884 multis
1315 1839 1405 1879 viris
1431 1836 1504 1888 pri-

219 1989 238 2009 2
264 1977 393 2008 Rornae
424 1971 465 2003 ab
497 1968 578 2000 urbe
613 1964 682 2003 CO,
715 1961 813 1993 Harl.
849 1958 935 1999 5428
967 1956 1054 1997 (A.D.
1086 1949 1183 1991 1469)
1203 1959 1210 1979 ε
1249 1946 1379 1977 Romae
1408 1945 1442 1971 et
1465 1938 1506 1969 ab

176 2023 258 2054 urbe
271 2026 295 2061 p
314 2019 378 2050 rell.
396 2027 403 2047 ε
433 2015 564 2046 Romae
581 2015 615 2041 et
631 2009 673 2040 ad
691 2006 805 2037 urbem
823 2003 912 2041 Asc.v
937 2000 1043 2030 Aras.
1064 1996 1163 2027 Mess.
1312 1998 1332 2027 3
1357 1985 1507 2023 cogitare

177 2068 213 2097 ὂδ
346 2071 365 2101 5
389 2070 456 2090 non
474 2067 540 2089 om.
561 2055 601 2084 nb
731 2051 753 2080 6
777 2047 838 2079 sed
859 2046 900 2083 (si
920 2044 964 2083 0]
985 2041 1100 2074 Sicilie
1119 2037 1199 2070 CO:
1225 2033 1285 2065 sed
1302 2031 1336 2062 in
1358 2027 1508 2060 Siciliam

175 2116 199 2150 p
217 2107 279 2139 rell.
297 2118 304 2136 ε
336 2115 391 2145 ego
407 2100 531 2138 seclusi,
553 2095 768 2130 Gulielmium
785 2095 813 2123 et
833 2087 1043 2128 Madvigium
1061 2085 1188 2114 secutus
1233 2076 1297 2117 (cl.
1315 2073 1394 2104 Rev.
1414 2069 1506 2107 xviii,

177 2159 210 2193 p.
231 2153 287 2188 24⁸)
355 2151 491 2187 paratus
508 2147 579 2174 erat
593 2139 651 2172 CO
741 2147 758 2176 7
784 2146 803 2166 a
822 2133 892 2165 Cn:
915 2131 956 2162 ab
976 2130 994 2160 b
1011 2139 1018 2159 :
1044 2137 1109 2158 om.
1124 2122 1189 2155 ,¹202
1264 2131 1285 2160 9
1309 2118 1371 2148 iste
1388 2125 1454 2146 om.
1474 2112 1511 2141 ὸδ

185 2206 224 2226 10
248 2190 450 2233 perridicule
470 2186 562 2219 CO¹k
579 2184 679 2215 Prisc.
699 2193 706 2212 ε
730 2175 924 2220 perridiculi
937 2180 962 2215 p
979 2171 1043 2203 rell.
1181 2166 1220 2196 16
1243 2161 1378 2195 nomina
1398 2156 1510 2188 certis-

182 2240 265 2270 sima
284 2234 377 2266 60¹:
409 2231 553 2263 nomina.
581 2225 803 2259 certissimum
829 2219 892 2251 rell.
1031 2215 1070 2244 18
1095 2210 1205 2250 attigit
1232 2205 1325 2239 COlz
1357 2200 1468 2240 tetigit
1487 2204 1512 2239 p

186 2281 250 2312 rell.
388 2287 426 2317 19
451 2272 665 2305 evertendam
686 2270 729 2309 pb
855 2273 893 2294 21
920 2256 1161 2296 conscripsisse
1181 2251 1258 2284 CO:
1286 2246 1510 2286 scripsisses),

186 2325 264 2355 Asc.
370 2330 410 2350 22
434 2317 527 2349 dedit
546 2314 604 2346 CO
619 2325 626 2344 :
650 2311 741 2343 dedit
759 2316 896 2349 operam
914 2309 952 2335 ut
966 2303 1016 2335 vrb,
1036 2304 1064 2331 et
1086 2300 1130 2329 ita
1143 2296 1238 2337 falsa
1254 2302 1327 2324 cum
1345 2290 1519 2327 z'nterpmu

187 2369 287 2401 clz'onc
302 2364 372 2397 edd.
496 2371 537 2397 24
563 2357 730 2396 Lafyrone
750 2359 799 2394 p:
829 2349 983 2381 Lafirone
1007 2355 1055 2385 qr,
1081 2342 1147 2374 al.:
1178 2339 1216 2369 L·
1240 2336 1285 2367 A·
1309 2333 1466 2364 ualerone
1489 2328 1516 2360 C

191 2413 243 2452 (L.
263 2410 457 2442 Aualerone
478 2402 535 2442 C2>
