1600 2704
1459 54 1517 78 sss

98 102 366 142 ACTIONIS
398 103 458 140 IN
490 102 534 141 C.
558 103 801 141 VERREM
831 103 1133 143 SECVNDAE
1164 106 1268 144 LIB.
1293 107 1311 145 I
1354 116 1409 155 45
1431 80 1505 148 116,

77 224 344 261 possessorem
364 223 450 250 esse
479 213 688 262 oporteat?
744 214 859 262 Ergo,
878 212 971 263 quia
1002 227 1205 264 possessor
1232 223 1301 262 est,
1324 230 1404 254 non

76 289 210 315 moves
248 275 522 326 possessione:
553 275 584 315 si
624 289 826 326 possessor
867 290 949 315 non
993 285 1106 325 esset,
1142 291 1223 316 non
1263 281 1406 318 dares?

74 340 284 390 Nusquam
317 340 423 378 enim
455 339 602 387 scribis,
644 353 775 390 neque
808 347 850 378 tu
884 341 992 380 aliud
1032 341 1245 392 quicquam
1273 343 1404 382 edicto

72 405 319 455 amplecteris
346 405 420 443 nisi
449 418 536 443 eam
569 418 727 444 causam
758 419 829 456 pro
849 419 928 456 qua
947 407 1157 456 pecuniam
1178 421 1399 459 acceperas.

33 479 51 512 5
73 470 158 507 Iam
179 471 256 508 hoc
280 469 488 508 ridiculum
515 478 599 509 est:
629 471 671 508 SI
693 482 749 508 DE
778 482 1050 509 HEREDITATE
1076 484 1321 512 AMB1GETVR
1351 486 1403 513 ET
1426 484 1483 518 117

70 545 256 572 TABVLAE
303 546 567 572 TESTAMENTI
628 546 886 573 OBSIGNATAE
934 547 1023 574 NON
1071 548 1202 576 MINVS
1251 549 1402 577 MVLTIS

69 606 204 634 sloNIS
236 607 354 641 QVAM
387 608 413 634 E
443 608 550 635 LEGE
584 608 774 635 OPORTET
807 609 863 635 AD
898 610 958 635 ME
991 609 1309 648 PROFERENTVR,
1341 612 1401 639 SE-

67 671 246 699 CVNDvM
290 672 472 699 TABVLAS
511 673 774 699 TESTAMENTI
806 673 1059 700 POTISSIMVM
1094 675 1399 703 POSSESSIONEM

67 736 189 763 DABO.
266 726 360 764 Hoc
403 725 684 764 translaticium
725 733 810 764 est:
851 726 962 777 sequi
1004 726 1101 766 illud
1142 736 1308 778 oportet,
1355 732 1396 768 SI

11 804 50 828 10
66 799 254 828 TABVLAE
273 801 538 828 TESTAMENTI
561 802 649 828 NON
671 802 989 829 PROFERENTVR.
1050 792 1159 841 Quid
1179 793 1265 832 ait?
1300 807 1341 833 se
1362 795 1397 834 ei

65 854 250 893 daturum
284 854 351 905 qui
381 868 422 893 se
454 854 559 894 dicat
589 856 775 893 heredem
810 868 905 894 esse.
985 856 1094 905 Quid
1124 871 1215 908 ergo
1236 858 1397 898 interest

64 919 310 968 proferantur
329 921 488 958 necne?
545 918 584 957 Si
610 919 824 969 protulerit,
854 933 936 958 uno
970 920 1082 970 signo
1109 928 1153 959 ut
1184 922 1233 960 sit
1265 923 1395 962 minus

63 995 183 1032 quam
215 996 263 1022 ex
295 985 380 1033 lege
411 990 577 1033 oportet,
606 997 687 1022 non
719 984 788 1022 des
820 984 1136 1033 possessionem:
1167 985 1199 1023 si
1229 987 1395 1025 omnino

64 1048 217 1086 tabulas
237 1060 319 1087 non
339 1049 519 1098 proferet,
537 1047 680 1087 dabis?
730 1047 840 1096 Quid
870 1061 977 1086 nunc
1002 1048 1163 1088 dicam?
1192 1050 1393 1089 neminem

5 1125 43 1159 15
63 1125 254 1163 umquam
287 1113 364 1151 hoc
398 1119 535 1162 postea
561 1112 680 1150 alium
711 1112 909 1150 edixisse?
937 1114 1051 1152 valde
1073 1113 1122 1151 sit
1157 1114 1299 1152 mirum
1330 1129 1394 1154 ne-

63 1177 211 1216 minem
247 1177 367 1216 fuisse
402 1177 469 1227 qui
501 1177 610 1215 istius
641 1190 682 1216 se
712 1176 880 1215 similem
912 1177 990 1216 dici
1025 1180 1154 1217 vellet.
1232 1181 1323 1229 Ipse
1354 1180 1391 1218 in

60 1241 252 1281 Siciliensi
281 1242 413 1281 edicto
443 1243 519 1280 hoc
554 1255 635 1281 non
662 1242 781 1280 habet
798 1257 808 1291 ς
838 1251 1017 1292 exegerat
1051 1243 1156 1281 enim
1188 1244 1265 1282 iam
1298 1258 1394 1283 mer-

59 1308 199 1346 cedem
213 1321 224 1356 3
253 1307 346 1346 item
368 1314 410 1345 ut
440 1306 506 1346 illo
531 1307 662 1345 edicto
683 1308 733 1346 de
760 1319 842 1357 quo
867 1315 959 1346 ante
985 1307 1076 1355 dixi,
1107 1308 1146 1346 in
1182 1308 1313 1347 Sicilia
1343 1310 1393 1348 de

58 1371 321 1410 hereditatum
343 1370 658 1422 possessionibus
683 1371 825 1410 dandis
846 1371 966 1410 edixit
987 1371 1093 1410 idem
1121 1374 1231 1422 quod
1252 1386 1391 1412 omnes

0 1448 41 1472 20
58 1437 214 1476 Romae
251 1443 403 1487 praeter
440 1436 568 1475 istum.
641 1438 705 1475 Ex
750 1448 902 1475 EDICTO
946 1438 1183 1476 SlclLIENsl.
1248 1439 1288 1476 SI
1335 1450 1390 1476 DE

58 1514 332 1542 HEREDITATE
363 1514 598 1541 AMBlGITVR
628 1525 690 1540 —.

110 1569 182 1615 Ac,
218 1581 288 1618 per
318 1568 414 1606 deos
446 1566 703 1606 immortalis!
733 1565 830 1616 quid
862 1572 921 1605 est
960 1567 1070 1616 quod
1097 1567 1147 1605 de
1189 1567 1266 1605 hoc
1309 1566 1388 1606 dici
1407 1541 1472 1634 tii}

55 1632 211 1682 possit?
268 1634 415 1671 Iterum
441 1631 546 1670 enim
567 1631 644 1669 iam
665 1644 813 1681 quaero
833 1630 903 1668 abs
925 1637 976 1677 te,
993 1630 1092 1668 sicut
1114 1631 1235 1669 modo
1259 1630 1299 1669 in
1320 1630 1387 1669 illo

56 1696 184 1747 capite
203 1697 391 1736 Anniano
425 1698 475 1735 de
502 1696 711 1734 mulierum
736 1695 1032 1742 hereditatibus,
1051 1708 1157 1733 nunc
1178 1695 1217 1733 in
1239 1697 1315 1734 hoc
1336 1697 1386 1734 de

0 1773 37 1807 ²5
56 1762 318 1801 hereditatum
352 1761 680 1812 possessionibus,
712 1773 781 1799 cur
805 1773 852 1799 ea
878 1759 1007 1809 capita
1040 1759 1081 1797 in
1105 1760 1279 1799 edictum
1301 1774 1386 1811 pro-

54 1826 220 1866 vinciale
241 1829 446 1866 transferre
476 1826 658 1865 nolueris.
719 1827 861 1863 Vtrum
890 1825 1088 1876 digniores
1113 1825 1294 1864 homines
1324 1839 1384 1865 ex-

53 1890 234 1930 istimasti
254 1905 321 1930 eos
342 1891 408 1942 qui
429 1891 609 1929 habitant
638 1890 678 1928 in
708 1889 910 1940 provincia
933 1903 1053 1939 quam
1074 1902 1146 1928 nos
1167 1889 1234 1939 qui
1255 1903 1383 1939 aequo

52 1955 135 1995 iure
155 1963 363 2003 uteremur,
378 1969 429 1994 an
449 1956 556 1994 aliud
579 1957 733 1993 Romae
753 1967 924 2004 aequum
946 1962 1015 2001 est,
1034 1954 1142 1992 aliud
1163 1954 1203 1991 in
1224 1954 1383 1992 Sicilia?

53 2021 147 2059 Non
168 2020 274 2059 enim
294 2022 371 2060 hoc
391 2027 521 2071 potest
541 2021 618 2058 hoc
638 2021 727 2057 loeo
748 2018 838 2065 dici,
861 2020 985 2056 multa
1005 2031 1090 2057 esse
1110 2018 1151 2056 in
1171 2018 1382 2068 provinciis

0 2099 36 2131 30
52 2085 163 2124 aliter
182 2085 375 2125 edicenda
390 2099 400 2132 ;
430 2098 511 2123 non
525 2085 575 2122 de
596 2082 858 2121 hereditatum
873 2082 1035 2131 quidem
1052 2082 1379 2132 possessionibus,

95 2198 116 2228 5
139 2188 330 2228 ambigetur
347 2200 367 2218 π
382 2199 388 2218 z
413 2186 592 2226 ambigitur
608 2186 626 2216 b
642 2185 734 2225 Asc„
754 2184 835 2216 Par.
856 2185 942 2224 7786
1029 2195 1050 2224 9
1075 2191 1126 2216 est
1142 2196 1210 2217 om.
1228 2198 1250 2216 π
1342 2196 1382 2217 10

53 2241 121 2262 non
137 2241 202 2263 om.
215 2232 277 2273 pq¹
455 2240 494 2270 15
517 2231 561 2260 sit
577 2228 666 2260 codd.
681 2240 688 2261 ς
713 2228 843 2259 scilicet
858 2227 969 2259 Bake:
993 2228 1090 2259 valde
1108 2229 1173 2260 hoc
1190 2234 1242 2261 est
1260 2229 1380 2260 mirum

50 2273 152 2306 Prisc.
266 2285 308 2305 22
323 2275 375 2306 Ac
386 2280 433 2315 pq
449 2286 455 2304 ε
480 2278 515 2305 at
532 2272 640 2304 rPar.
656 2273 742 2311 7786
851 2272 894 2302 26
918 2281 994 2303 esse
1011 2272 1111 2303 exist.
1130 2271 1231 2304 Prisc.
1338 2281 1378 2310 27

50 2327 109 2348 eos
119 2323 145 2358 p
162 2317 257 2357 (corr.
276 2321 353 2357 nos)
372 2340 379 2348 .
400 2341 406 2347 .
428 2341 435 2348 .
454 2322 630 2348 uterentur
646 2315 748 2346 Prisc.
