1600 2704
5 811 45 833 10

1388 35 1439 66 30

68 99 335 138 AC'I'IONIS
356 98 418 136 IN
438 98 486 137 C.
501 99 744 135 VERREM
766 99 1066 137 SECVNDAE
1088 100 1191 137 LIB.
1216 101 1282 138 111
1338 100 1394 146 76
1416 43 1479 146 17}

66 211 174 259 cipes
193 210 434 246 frumentum
458 207 712 257 improbasse,
741 206 942 257 mancipes
972 207 1097 257 pretio
1124 221 1214 246 cum
1236 208 1396 247 civitati-

68 276 140 313 bus
165 273 371 321 decidisse,
396 280 437 312 et
467 273 629 311 eosdem
657 272 729 309 abs
756 279 795 310 te
824 271 975 310 illarum
1006 272 1207 310 civitatum
1234 273 1397 312 nomine

66 338 253 390 pecunias
282 337 504 384 abstulisse,
521 336 670 376 deinde
698 336 803 386 ipsos
828 336 902 374 sibi
930 338 1169 375 frumentum
1191 338 1393 384 coemisse,

66 403 274 441 nihilhaec
292 403 344 441 ad
359 410 398 441 te
417 401 640 452 pertinere?
680 403 788 440 Mala
805 403 1030 440 mehercule
1050 415 1096 440 ac
1113 402 1252 440 misera
1265 403 1396 440 defen-

66 468 123 507 sio
132 476 351 519 praetorem
363 468 442 506 hoc
451 466 585 505 dicere
601 480 610 506 ε
631 467 736 516 ‘Ego
746 468 985 505 frumentum
1001 479 1131 516 neque
1144 466 1252 516 attigi
1266 480 1396 517 neque

64 532 206 583 aspexi,
255 531 504 582 mancipibus
548 539 784 581 potestatem
828 531 1022 581 probandi
1064 531 1395 581 improbandique

65 596 250 647 perinisi;
279 596 482 646 mancipes
511 609 536 634 a
565 595 789 634 civitatibus
819 596 1009 645 pecunias
1039 604 1292 642 extorserunt,
1323 609 1396 647 ego

63 670 206 707 autem,
247 674 369 711 quam
401 660 611 711 pecuniam
650 660 807 710 populis
846 661 938 699 dare
978 661 1110 707 debui,
1148 661 1396 712 mancipibus

64 727 204 765 dedi!’
262 728 370 764 Mala
408 733 468 764 est
506 727 605 764 haec
642 725 819 776 quidem,
851 733 893 764 ut
933 726 1024 770 dixi,
1055 739 1102 764 ac
1141 726 1272 776 potius
1315 740 1397 777 per-

64 793 145 831 dita
179 792 439 831 maximorum
476 799 741 842 peccatorum,
782 792 897 830 huius
931 801 1061 831 autem
1104 793 1319 843 iniquitatis
1358 801 1396 833 et

64 857 225 896 inertiae
257 857 464 903 confessio,
499 871 580 895 non
623 856 802 895 defensio
825 857 1024 898 criminis:
1060 859 1131 895 sed
1160 866 1292 897 tamen
1322 859 1396 896 hac

63 923 148 972 ipsa
176 922 257 969 tibi,
287 922 318 960 si
343 921 398 961 uti
428 921 575 972 cupias,
607 935 687 960 non
719 921 809 960 licet
825 936 834 968 3
863 929 967 960 vetat
997 930 1035 960 te
1062 923 1276 968 Volcatius,
1306 930 1397 961 tuae

63 996 300 1037 tuorumque
333 986 508 1033 deliciae,
541 986 783 1025 mentionem
825 986 1016 1036 mancipis
1056 988 1183 1025 facere
1201 1002 1210 1033 ;
1248 989 1397 1025 Timar-

63 1054 200 1092 chides
248 1060 391 1099 autem,
439 1054 624 1091 columen
672 1051 842 1090 familiae
890 1059 1050 1098 vestrae,
1085 1052 1225 1101 premit
1265 1055 1396 1091 fauces

64 1117 304 1156 defensionis
334 1124 436 1163 tuae,
467 1116 531 1154 cui
565 1117 680 1154 simul
711 1124 748 1154 et
778 1116 962 1154 Volcatio
992 1116 1158 1166 pecunia
1188 1130 1211 1154 a
1241 1116 1396 1155 civitate

64 1190 265 1220 numerata
286 1189 368 1230 est3
398 1181 476 1220 iam
497 1194 590 1219 vero
611 1181 737 1219 scriba
758 1189 848 1219 tuus
868 1183 989 1219 anulo
1020 1195 1140 1220 aureo
1170 1195 1252 1225 suo,
1277 1195 1395 1232 quem

63 1261 109 1285 ex
138 1247 198 1284 his
227 1247 343 1285 rebus
373 1246 532 1294 invenit,
566 1246 638 1284 ista
668 1254 706 1284 te
736 1246 886 1284 ratione
916 1246 970 1285 uti
1004 1260 1084 1285 non
1115 1246 1225 1285 sinet.
1287 1247 1396 1296 Quid

62 1312 176 1362 igitur
205 1319 263 1350 est
292 1311 486 1360 reliquum
518 1310 591 1348 nisi
622 1310 678 1348 uti
709 1312 852 1349 fateare
882 1319 920 1349 te
952 1312 1122 1349 Romam
1157 1313 1395 1350 frumentum

62 1384 240 1426 emptum
279 1376 500 1415 Siculorum
540 1375 709 1425 pecunia
749 1375 901 1414 misisse
945 1376 1143 1425 publicam
1184 1377 1395 1426 pecuniam

62 1442 228 1479 domum
258 1448 366 1479 tuam
395 1440 669 1479 convertisse?

117 1506 154 1544 O
191 1506 441 1544 consuetudo
478 1505 685 1555 peccandi,
719 1512 906 1555 quantam
947 1506 1070 1544 habes
1109 1506 1393 1544 iucunditatem

61 1570 249 1620 improbis
285 1578 322 1609 et
356 1569 585 1616 audacibus,
622 1583 712 1608 curn
748 1583 877 1619 poena
910 1570 1007 1608 afuit
1041 1579 1078 1608 et
1114 1570 1270 1608 licentia
1305 1584 1396 1608 con-

61 1644 195 1674 secuta
215 1643 273 1673 est
293 1638 299 1673 ἕ
349 1636 430 1674 Iste
450 1634 490 1673 in
511 1636 588 1673 hoc
607 1648 749 1684 genere
770 1637 973 1685 peculatus
996 1649 1075 1674 non
1098 1649 1203 1673 nunc
1224 1635 1392 1685 primum

61 1700 266 1747 invenitur,
302 1701 372 1738 sed
411 1712 518 1738 nunc
553 1701 715 1738 demum
755 1707 920 1738 tenetur.
990 1700 1174 1739 Vidimus
1214 1700 1305 1739 huic
1343 1700 1395 1738 ab

60 1765 208 1804 aerario
228 1765 438 1815 pecuniam
468 1765 663 1803 numerari
686 1765 884 1815 quaestori
905 1767 956 1804 ad
978 1774 1178 1816 sumptum
1202 1766 1394 1805 exercitus

60 1830 287 1878 consularis,
304 1829 476 1869 vidimus
490 1830 624 1880 paucis
639 1838 727 1880 post
744 1830 946 1869 mensibus
969 1839 1006 1869 et
1027 1831 1239 1869 exercitum
1254 1839 1291 1869 et
1304 1844 1395 1869 con-

60 1897 185 1934 sulem
207 1895 442 1945 spoliatum;
472 1894 538 1933 illa
558 1894 687 1933 omnis
708 1895 877 1945 pecunia
899 1896 1009 1934 latuit
1031 1896 1070 1934 in
1091 1896 1157 1934 illa
1170 1896 1336 1946 caligine
1348 1909 1394 1933 ac

61 1961 231 2000 tenebris
252 1974 353 2011 quae
373 1968 498 1999 totam
518 1974 600 1999 rem
621 1960 820 2010 publicam
839 1969 921 1999 tum
943 1970 1192 2011 occuparant.
1246 1962 1393 1999 Iterum

107 2075 118 2095 1
147 2074 219 2096 cum
237 2064 326 2097 civit.
345 2065 458 2105 pretio
478 2065 509 2095 Ο
679 2076 698 2103 4
724 2065 766 2095 ad
783 2070 817 2096 te
834 2066 916 2096 haec
937 2065 967 2096 O
1139 2066 1160 2095 6
1184 2064 1302 2104 aspexi
1323 2064 1371 2104 Vp
1388 2076 1395 2096 :

62 2109 192 2148 inspexi
209 2108 257 2139 cO
412 2119 434 2149 9
456 2119 525 2149 sqq.
547 2112 584 2138 ut
598 2119 656 2148 ego
671 2112 702 2138 ct
717 2109 760 2138 M
759 2108 900 2140 uellet-us
922 2109 1009 2147 VcO,
1027 2108 1096 2139 nisi
1109 2108 1199 2148 quod
1212 2119 1228 2138 c
1242 2108 1395 2139 habuisse

61 2151 178 2183 dicitnr
198 2152 401 2184 confession.
426 2152 588 2189 defensio,
621 2151 653 2181 V
675 2152 888 2183 consessione
913 2153 1077 2184 defensio.
1136 2152 1220 2182 Post
1246 2156 1282 2182 ut
1310 2151 1391 2183 dixi.

61 2196 172 2226 inscrit
181 2196 335 2227 defensio
346 2200 382 2236 p,
395 2196 430 2226 in
443 2206 507 2236 quo
523 2196 620 2226 etiam
637 2199 684 2226 est
699 2201 733 2226 et
750 2196 934 2235 iniquitatis
951 2201 985 2227 et
1003 2198 1036 2236 (ξ
1060 2197 1120 2227 188
1137 2195 1238 2235 infra)
1355 2204 1394 2234 15

61 2239 249 2270 civitatibus
269 2239 302 2269 V
314 2238 492 2280 (Zielinski,
502 2245 538 2280 p.
556 2240 630 2280 196)
724 2249 764 2279 19
787 2240 965 2279 pecuniam
982 2250 1050 2271 om.
1069 2239 1100 2271 Ο
1187 2249 1228 2277 24
1253 2239 1313 2269 sed
1329 2262 1337 2269 .
1356 2261 1364 2269 .
1385 2263 1392 2269 .

61 2287 196 2313 tenetur
214 2283 265 2313 sl.
279 2283 317 2323 p²
429 2284 471 2314 26
495 2283 668 2314 mensibus
687 2288 762 2323 post
779 2284 896 2323 paucis
915 2289 947 2314 et
965 2293 1058 2315 cons.
1078 2288 1113 2314 et
1129 2292 1240 2314 exerc.
1259 2281 1342 2322 spol.
1364 2282 1395 2312 O

61 2327 102 2355 28
126 2331 330 2365 occuparant
347 2326 394 2357 cO
412 2338 420 2358 t
444 2331 599 2358 -averant
611 2331 636 2366 p
653 2326 719 2358 rell.
