1600 2704
109 143 164 179 62
189 142 251 185 146
553 130 609 167 M.
640 124 806 164 TVLLI
839 113 1146 160 CICERONIS

188 249 295 290 modi
317 248 356 286 in
378 242 556 285 decumis
577 247 619 278 ut
640 237 743 276 Alba
763 235 926 271 fateatur
949 228 1066 265 istum
1086 224 1126 262 in
1146 236 1188 260 re
1208 215 1458 258 frumentaria
1477 221 1515 250 et

189 317 228 353 in
250 313 365 353 bonis
386 317 584 349 aratorum
605 309 737 353 aperte
758 299 968 349 palamque
990 303 1074 329 esse
1095 286 1336 338 praedatum.

115 364 170 409 63
248 381 446 417 Decumas
462 372 541 422 agri
557 364 739 407 Leontini
758 374 900 411 magno
922 356 1019 396 dicis
1041 362 1078 392 te
1098 347 1333 390 vendidisse.
1380 346 1520 383 Osten-

109 429 169 463 147
192 445 231 485 di
256 444 334 482 iam
362 440 459 479 illud
498 434 620 479 initio,
656 443 736 468 non
779 422 1085 465 existimandum
1121 427 1264 464 magno
1297 408 1521 449 vendidisse

194 522 284 549 eum
305 505 372 557 qui
392 503 513 541 verbo
535 500 722 537 decumas
744 486 977 532 vendiderit,
1001 498 1040 522 re
1062 490 1100 521 et
1121 476 1356 519 condicione
1382 481 1419 512 et
1439 474 1524 521 lege
1543 483 1560 513 5

195 583 233 613 et
253 571 384 611 edicto
405 576 442 606 et
456 563 612 603 licentia
627 561 937 598 decumanorum
955 551 1143 588 decumas
1163 540 1379 582 aratoribus
1401 537 1524 574 nullas

197 638 363 687 reliquas
383 631 526 671 fecerit.
591 624 720 664 Etiam
740 621 835 659 illud
852 614 1019 660 ostendi,
1035 608 1259 650 vendidisse
1273 605 1369 643 alios
1382 614 1527 650 magno
1581 600 1585 602 ’

198 706 385 742 decumas
405 694 484 746 agri
507 688 691 731 Leontini
725 691 1025 728 ceterorumque
1056 686 1247 725 agrorum,
1271 677 1309 708 et
1328 670 1413 716 lege
1434 664 1528 702 Hie‘

199 766 332 806 ronica
359 758 586 800 vendidisse
614 762 652 792 et
682 749 801 801 pluris
830 746 947 785 etiam
980 754 1097 791 quam
1131 747 1170 776 te
1200 732 1434 775 vendidisse,
1458 742 1530 766 nec

200 840 392 870 aratorem
424 832 665 875 quemquam
699 828 783 854 esse
823 818 1032 862 questum3
1069 817 1142 842 nec
1174 800 1279 840 enim
1313 796 1386 835 fuit
1424 793 1532 843 quod
1555 806 1590 828 10

203 897 411 947 quisquam
443 886 553 939 queri
583 889 726 935 posset,
761 890 852 917 cum
882 877 966 923 lege
996 866 1232 919 aequissime
1266 863 1407 911 scripta
1445 871 1533 896 ven-

205 964 353 1005 derent,
387 966 517 1003 neque
547 949 644 988 illud
674 955 863 993 umquam
894 935 1054 977 aratoris
1089 930 1274 976 interfuit,
1306 924 1441 977 quanti
1471 924 1535 960 de-

206 1038 345 1065 cumae
372 1019 560 1058 venirent.
620 1014 713 1050 Non
740 1007 843 1047 enim
867 1005 919 1042 ita
940 1010 996 1040 est
1028 1007 1083 1046 ut,
1104 996 1136 1036 si
1163 1005 1306 1043 magno
1332 987 1533 1031 venierint,

208 1094 295 1143 plus
316 1096 442 1127 arator
462 1082 619 1125 debeat,
641 1077 672 1115 si
694 1086 823 1124 parvo,
848 1068 1001 1111 minus-3
1031 1072 1072 1102 ut
1103 1063 1297 1100 frumenta
1317 1062 1408 1093 nata
1435 1059 1536 1097 sunt,

210 1157 262 1194 ita
293 1156 484 1192 decumae
520 1149 718 1187 veneunt3
757 1134 917 1176 aratoris
952 1139 1083 1169 autem
1117 1127 1276 1164 interest
1309 1120 1363 1158 ita
1396 1131 1437 1156 se
1468 1117 1542 1153 fru-
1563 1127 1598 1160 15

213 1228 343 1259 menta
374 1216 519 1253 habere
552 1217 594 1247 ut
628 1209 821 1246 decumae
856 1210 973 1248 quam
1009 1191 1180 1244 plurimo
1207 1185 1340 1226 venire
1367 1181 1542 1233 possint;

214 1288 309 1324 dum
339 1288 465 1319 arator
492 1290 541 1314 ne
570 1275 657 1323 plus
686 1271 855 1308 decuma
880 1264 956 1307 det,
981 1256 1138 1308 expedit
1165 1254 1200 1293 ei
1224 1254 1434 1291 decumam
1459 1258 1543 1284 esse

136 1359 195 1400 148
215 1361 334 1399 quam
373 1342 593 1382 maximam.
654 1336 803 1372 Verum
837 1330 925 1372 hoc,
967 1332 1010 1362 ut
1042 1320 1193 1371 opinor,
1222 1329 1307 1355 esse
1335 1313 1392 1351 vis
1427 1317 1544 1360 caput

216 1408 456 1453 defensionis
470 1414 570 1450 tuae,
588 1411 731 1449 magno
747 1405 785 1434 te
801 1396 988 1433 decumas
1001 1384 1236 1428 vendidisse,
1251 1388 1369 1429 atque
1382 1378 1546 1416 aliorum

218 1478 379 1529 quidem
408 1483 589 1524 agrorum
618 1480 688 1517 pro
716 1461 896 1514 portione
929 1467 1072 1504 magno
1099 1452 1286 1490 decumas
1311 1442 1545 1486 vendidisse,
1568 1453 1600 1474 πε

219 1542 298 1593 agri
325 1553 417 1579 vero
439 1533 633 1578 Leontini,
657 1528 723 1580 qui
750 1524 960 1576 plurimum
989 1517 1117 1563 efficit,
1140 1512 1255 1553 tritici
1282 1510 1387 1548 mod.
1411 1517 1546 1545 ccxvl.

222 1608 262 1647 Si
300 1608 427 1645 doceo
466 1599 586 1652 pluris
622 1595 824 1644 aliquanto
860 1584 1035 1638 potuisse
1065 1591 1103 1620 te
1132 1579 1312 1622 vendere,
1347 1585 1477 1622 neque
1506 1569 1551 1607 iis

223 1671 392 1711 voluisse
419 1665 602 1705 addicere
630 1659 697 1710 qui
724 1663 861 1696 contra
889 1648 1110 1701 Apronium
1132 1645 1349 1685 licerentur,
1373 1645 1411 1677 et
1432 1639 1553 1685 Apro-

226 1739 293 1775 nio
313 1736 437 1773 multo
459 1729 619 1769 minoris
641 1736 760 1775 quam
789 1719 873 1758 aliis
897 1713 1068 1767 potueris
1091 1710 1260 1748 vendere
1281 1702 1554 1747 tradidisse,——

227 1803 258 1841 si
279 1803 354 1839 hoc
376 1800 513 1841 doceo,
536 1792 730 1843 poteritne
750 1795 788 1824 te
809 1784 891 1834 ipse
914 1781 1026 1826 Alba,
1050 1786 1139 1815 tuus
1160 1770 1455 1822 antiquissimus
1476 1777 1556 1803 non
1577 1775 1600 1805 2:

229 1868 357 1906 solum
378 1862 526 1901 amicus
547 1869 681 1896 verum
703 1852 822 1892 etiam
843 1855 1004 1891 amator,
1028 1842 1231 1881 absolvere
1246 1839 1263 1874 ?

156 1941 210 1984 64
287 1930 389 1968 Dico
410 1925 584 1976 equitem
614 1922 853 1959 Romanum,
876 1909 1080 1949 hominem
1105 1906 1144 1944 in
1170 1901 1303 1954 primis
1336 1901 1558 1938 honestum,

235 1999 283 2045 Q.
310 1991 544 2035 Minucium,
568 1999 659 2025 cum
685 1981 745 2021 sui
773 1977 964 2018 similibus
992 1974 1043 2011 ad
1070 1972 1258 2010 decumas
1278 1964 1357 2016 agri
1379 1957 1563 2001 Leontini

237 2060 350 2100 tritici
376 2058 480 2095 mod.
505 2066 584 2091 non
614 2049 720 2088 mille
741 2058 820 2084 non
850 2044 930 2080 duo
957 2051 1030 2076 nec
1057 2035 1129 2074 tria
1158 2032 1274 2079 milia,
1298 2031 1367 2068 sed
1394 2028 1444 2065 ad
1468 2036 1564 2063 unas

286 2175 305 2202 3
330 2162 412 2193 dicis
437 2165 469 2190 te
494 2158 563 2188 cO:
590 2152 669 2185 dicit
693 2161 729 2182 se
750 2154 774 2189 p
800 2147 864 2177 wll.
1006 2143 1044 2171 18
1068 2141 1131 2170 hoc
1155 2143 1192 2168 ut
1216 2137 1337 2176 opinor
1356 2138 1380 2173 p
1405 2130 1495 2161 rell.z
1532 2131 1566 2156 ut

244 2208 365 2246 opinor
390 2206 451 2234 hoc
480 2202 509 2232 O
662 2206 711 2234 19,
726 2203 768 2223 20
791 2197 891 2229 atque
917 2211 923 2218 .
950 2211 958 2218 .
986 2210 993 2217 .
1020 2182 1216 2214 vendidisse
1240 2190 1255 2210 c
1277 2177 1339 2217 Lg.
1362 2184 1425 2213 45:
1458 2182 1522 2203 0111.
1545 2174 1568 2208 p

248 2251 310 2281 rell.
418 2257 453 2275 21
480 2254 561 2274 vero
586 2251 649 2271 om.
679 2238 709 2269 O
807 2243 858 2271 22,
879 2241 920 2270 23
944 2235 978 2261 te
1003 2227 1150 2259 vendere
1175 2249 1182 2256 .
1207 2247 1214 2254 .
1243 2246 1249 2252 .
1275 2219 1430 2251 addicere
1451 2221 1475 2255 p
1500 2213 1565 2244 rell.

248 2292 428 2333 <potuisset
455 2287 620 2318 evendere
641 2283 679 2322 p&
697 2293 702 2310 :
743 2278 890 2309 vendere
909 2299 914 2305 .
934 2299 941 2306 .
962 2297 968 2304 .
990 2277 1024 2303 te
1048 2270 1204 2301 addicere
1231 2265 1262 2297 Ο
1285 2263 1352 2294 edd.
1529 2266 1570 2293 24

249 2337 396 2366 vendere
414 2332 460 2363 cO
481 2343 486 2360 :
510 2341 572 2359 0111.
590 2333 612 2366 p
631 2326 694 2356 rrll.
830 2331 868 2358 25
894 2319 966 2357 ipse
984 2328 1003 2345 π
1020 2314 1062 2345 αῖ,
1082 2325 1088 2343 :
1114 2313 1179 2343 iste
1196 2309 1266 2340 cO:
1291 2318 1354 2338 om.
1375 2306 1391 2334 δ
1531 2308 1571 2336 29

252 2390 312 2410 1166
331 2379 396 2407 duo
415 2376 444 2405 O
