1600 2704
87 91 357 132 ACTIONIS
379 92 440 130 IN
461 91 506 132 c.
528 92 771 129 VERREM
793 92 1092 132 SECVNDAE
1114 94 1217 132 LIB.
1242 94 1308 133 111
1361 73 1421 141 44‘
1441 108 1503 141 104

87 203 258 255 optimos
279 216 324 242 ac
345 202 621 250 nobilissimos,
638 205 881 242 Aetnensem
898 210 936 242 et
952 203 1204 243 Leontinum.
1257 207 1414 245 Horum

86 281 159 319 ego
178 281 360 318 agrorum
382 267 521 306 missos
548 266 688 306 faciam
709 274 895 317 quaestus
922 267 1063 306 trienni
1082 283 1091 315 ;
1120 282 1244 307 unum
1264 282 1412 308 annum

86 333 237 384 eligam,
279 345 360 383 quo
397 331 548 371 facilius
586 331 627 370 id
675 333 784 382 quod
832 331 982 371 institui
1025 332 1218 383 explicare
1252 333 1410 383 possim.

86 399 248 438 Sumam
279 410 428 436 annum
467 395 635 444 tertium,
668 398 777 447 quod
808 404 846 436 et
878 396 1170 436 recentissimus
1202 405 1260 436 est
1293 405 1330 436 et
1366 399 1414 437 ab

46 477 62 508 5
84 462 159 502 isto
188 462 241 501 ita
269 462 563 501 administratus
591 469 644 509 ut,
668 475 759 500 curn
780 474 822 501 se
848 469 953 500 certe
975 462 1230 500 decessurum
1253 462 1413 510 videret,

78 541 165 567 -non
194 527 386 566 laboraret
417 526 449 565 si
480 533 672 565 aratorem
703 527 854 564 nullum
885 526 925 564 in
956 525 1088 565 Sicilia
1117 527 1282 567 omnino
1315 536 1416 567 esset

82 592 315 632 relicturus.⁴
356 590 450 642 Agri
481 590 692 630 Aetnensis
728 599 766 630 et
796 590 983 630 Leontini
1015 592 1204 631 decumas
1240 606 1412 644 agemus.

83 657 298 704 Attendite,
339 656 499 703 iudices,
543 655 757 706 diligenter.
824 655 918 707 Agri
958 664 1050 695 sunt
1090 657 1246 705 feraces,
1289 671 1416 697 annus

82 722 227 770 tertius,
268 723 512 761 decumanus
546 721 756 772 Apronius.
828 723 890 761 De
920 721 1189 761 Aetnensibus
1220 736 1417 774 perpauca
1442 737 1498 769 ¹05

24 799 63 823 10
81 786 211 826 dicam
228 802 238 836 3
267 787 449 827 dixerunt
468 786 574 826 enim
596 786 669 837 ipsi
691 786 817 837 priore
831 786 987 826 actione
1003 787 1170 838 publice.
1220 789 1417 828 Memoria

80 851 221 891 tenetis
241 851 537 891 Artemidorum
559 854 813 898 Aetnensem,
839 851 1044 902 legationis
1075 852 1157 891 eius
1183 852 1413 904 principem,

78 917 238 967 publice
269 917 399 957 dicere
430 916 652 967 Apronium
687 916 839 956 venisse
875 918 1046 955 Aetnam
1084 930 1174 956 cum
1207 918 1388 957 Veneriis
1405 934 1415 966 3

79 994 240 1021 vocasse
260 983 312 1021 ad
331 995 372 1021 se
402 981 658 1032 magistratus,
683 980 895 1030 imperasse
930 988 972 1019 ut
1001 980 1040 1018 in
1066 982 1150 1021 soro
1179 981 1253 1020 sibi
1282 982 1415 1022 medio

78 1046 169 1085 lecti
189 1053 462 1092 sternerentur,
481 1045 626 1084 cotidie
648 1044 806 1083 solitum
829 1057 915 1083 esse
938 1057 1019 1083 non
1039 1046 1160 1084 modo
1178 1045 1216 1083 in
1239 1046 1411 1096 publico,

19 1123 56 1156 15
78 1113 148 1151 sed
187 1112 305 1151 etiam
343 1112 394 1151 de
431 1110 591 1162 publico
631 1110 857 1159 convivari3
900 1123 991 1150 cum
1034 1111 1074 1149 in
1110 1111 1193 1150 eius
1226 1113 1414 1151 conviviis

77 1177 312 1228 symphonia
339 1183 495 1216 caneret
519 1175 777 1226 maximisque
814 1175 967 1226 poculis
999 1175 1291 1224 ministraretur,
1329 1179 1415 1218 reti-

75 1241 158 1280 neri
174 1242 309 1281 solitos
325 1255 410 1281 esse
425 1249 607 1288 aratores,
627 1248 746 1291 atque
763 1240 813 1280 ab
831 1240 886 1280 eis
903 1254 985 1279 non
1008 1243 1133 1281 modo
1150 1256 1218 1293 per
1233 1243 1411 1283 iniuriam

75 1307 145 1346 sed
178 1306 296 1346 etiam
316 1320 385 1357 per
404 1306 686 1345 contumeliam
709 1313 862 1344 tantum
890 1306 1055 1357 exprimi
1086 1308 1270 1347 frumenti
1292 1322 1412 1360 quan-

74 1377 158 1410 tum
187 1371 387 1422 Apronius
416 1371 655 1422 imperasset.
728 1370 905 1410 Audistis
947 1372 1056 1419 haec,
1092 1372 1242 1412 iudices
1260 1389 1269 1421 3
1310 1387 1411 1424 quae
1436 1382 1493 1414 106

17 1450 56 1475 20
74 1449 180 1475 nunc
209 1449 283 1487 ego
312 1435 446 1476 omnia
474 1443 676 1486 praetereo
705 1444 744 1474 et
780 1435 970 1486 relinquo.
1034 1437 1145 1476 Nihil
1180 1440 1230 1478 de
1262 1441 1412 1479 luxuria

72 1500 225 1552 Aproni
254 1502 404 1552 loquor,
428 1500 525 1539 nihil
545 1502 596 1541 de
618 1500 836 1548 insolentia,
864 1501 961 1540 nihil
983 1503 1034 1542 de
1056 1504 1246 1554 permissa
1265 1505 1316 1544 ab
1338 1505 1412 1545 isto

71 1564 240 1612 licentia,
264 1565 361 1604 nihil
387 1566 438 1605 de
458 1565 642 1617 singulari
672 1565 847 1616 nequitia
878 1579 924 1605 ac
959 1567 1226 1618 turpitudine:
1257 1577 1410 1609 tantum

71 1631 122 1670 de
152 1638 316 1682 quaestu
345 1644 392 1670 ac
421 1632 530 1670 lucro
560 1631 690 1670 dicam
722 1631 836 1671 unius
869 1632 948 1683 agri
980 1640 1018 1672 et
1049 1633 1166 1672 unius
1195 1635 1300 1682 anni,
1330 1649 1410 1686 quo

72 1695 222 1735 facilius
243 1709 312 1735 vos
342 1696 609 1735 coniecturam
631 1698 682 1736 de
704 1697 872 1736 triennio
895 1706 933 1737 et
954 1699 1004 1737 de
1027 1706 1108 1738 tota
1130 1699 1261 1739 Sicilia
1281 1702 1408 1741 facere

14 1775 53 1808 25
72 1761 239 1812 possitis.
301 1763 380 1801 Sed
409 1762 506 1801 mihi
526 1763 788 1802 Aetnensium
820 1763 945 1803 brevis
974 1772 1031 1803 est
1053 1764 1151 1805 ratio
1165 1780 1175 1814 3
1206 1765 1279 1816 ipsi
1301 1768 1406 1805 enim

71 1835 272 1873 venerunt,
307 1826 381 1877 ipsi
415 1827 592 1877 publicas
631 1828 776 1867 litteras
813 1830 1118 1880 deportaverunt
1137 1845 1147 1879 ‚-
1187 1832 1407 1870 docuerunt

69 1904 139 1930 vos
160 1891 256 1942 quid
277 1891 407 1931 lucelli
421 1893 553 1932 fecerit
575 1895 698 1933 homo
718 1908 799 1933 non
821 1896 957 1942 malus,
985 1896 1182 1934 familiaris
1205 1897 1404 1946 praetoris,

69 1955 281 2007 Apronius.
342 1958 402 2004 Id,
433 1970 594 2007 quaeso,
624 1971 671 1996 ex
699 1957 874 2008 ipsorum
905 1960 1133 1999 testimonio
1165 1962 1403 2011 cognoscite.

114 2072 128 2093 1
155 2060 368 2092 Aetnensem
393 2064 428 2090 et
453 2059 659 2091 Leontinum
685 2061 758 2092 cO:
791 2062 875 2093 ·ium
904 2067 940 2095 et
967 2074 1075 2094 -orum
1099 2069 1124 2105 p
1152 2065 1217 2095 rell.
1383 2069 1406 2098 6

7 2123 12 2125 -
69 2104 197 2136 nullum
215 2105 249 2135 in
265 2104 331 2136 Sic.
348 2109 372 2144 p
389 2102 456 2135 rell.
474 2115 481 2135 :
505 2104 540 2135 in
554 2103 624 2136 Sic.
643 2104 771 2136 nullum
791 2105 821 2136 O
959 2116 994 2138 11
1023 2108 1094 2138 eius
1112 2118 1178 2138 om.
1199 2108 1229 2138 O
1367 2120 1404 2149 13

69 2149 284 2188 magistratus
306 2148 336 2179 O
354 2159 361 2178 ε
386 2158 454 2179 -um
467 2154 493 2190 p
510 2147 575 2180 rell.
716 2159 753 2188 13
779 2149 889 2180 medio
906 2149 978 2181 foro
995 2151 1057 2182 sibi
1078 2152 1108 2182 O
1265 2162 1302 2192 15
1330 2154 1404 2185 eius

71 2192 126 2223 On·
141 2203 148 2223 :
173 2193 221 2223 eis
238 2191 380 2223 Alueller
394 2202 461 2223 non
476 2192 588 2222 nullos
603 2191 691 2223 codd.
711 2196 839 2223 secutus
1012 2196 1050 2225 16
1076 2195 1214 2226 retineri
1233 2196 1280 2227 cO
1298 2208 1305 2227 z
1331 2208 1403 2229 -ere

64 2240 90 2275 p
107 2236 170 2267 rell.
292 2246 331 2266 21
360 2235 442 2266 nihil
460 2235 502 2266 de
519 2246 590 2275 per.
608 2235 649 2266 ab
666 2236 729 2267 isto
747 2236 881 2268 licentia
897 2236 940 2267 uk
955 2248 962 2268 :
986 2249 1051 2269 om.
1073 2239 1137 2271 rell.
1264 2250 1305 2280 23
1332 2243 1401 2280 agri

70 2305 77 2312 .
102 2305 109 2312 .
130 2305 137 2312 .
159 2280 237 2311 anni
258 2284 284 2320 p
306 2279 373 2312 rell.
392 2292 399 2311 :
434 2280 537 2310 anni.
559 2303 566 2310 .
588 2304 594 2310 .
616 2280 687 2319 agri
714 2279 744 2310 O
887 2290 930 2322 25
953 2282 1039 2315 ratio
1066 2282 1096 2314 Ο
1115 2296 1121 2315 :
1157 2284 1264 2316 oratio
1284 2290 1309 2325 p
1337 2286 1402 2318 rell.

70 2326 113 2354 26
136 2325 401 2363 deportaverunt
421 2323 451 2355 Ο
468 2335 475 2354 t
500 2328 611 2354 -arunt
626 2329 648 2365 p
667 2323 732 2355 rell.
