1600 2704
1442 18 1530 36 4-,7

54 99 323 137 ACTIONIS
344 100 407 138 IN
427 99 472 138 C.
495 100 736 137 VERREM
758 97 1058 140 SECVNDAE
1080 104 1183 141 LIB.
1208 105 1267 142 IV
1341 113 1384 151 51
1409 119 1471 150 113

53 216 92 247 et
113 207 310 246 Victoriae
331 215 604 258 reposcerent3
634 207 675 247 id
696 207 727 245 si
748 207 1033 258 impetrassent,
1056 217 1140 248 tum
1168 218 1210 248 ut
1231 224 1381 250 morem

54 280 224 312 veterem
247 272 526 311 Hennensium
547 280 835 319 conservarent,
858 273 1017 322 publice
1038 274 1077 312 in
1098 288 1202 322 eum,
1225 277 1381 315 tametsi

52 345 227 376 vexasset
241 337 424 384 Siciliam,
443 345 585 384 tamen,
609 337 799 388 quoniam
815 339 913 376 haec
933 351 955 376 a
976 339 1190 378 maioribus
1206 339 1383 379 instituta

51 401 306 452 accepissent,
339 402 610 441 testimonium
639 416 689 442 ne
719 403 828 452 quod
858 402 1033 442 dicerent
1048 418 1058 451 5
1088 403 1147 441 sin
1176 411 1308 442 autem
1337 418 1382 443 ea

15 480 30 512 5
52 479 133 505 non
154 465 399 514 reddidisset,
422 474 506 505 tum
533 474 575 505 ut
602 466 640 505 in
669 466 816 506 iudicio
840 468 1038 516 adessent,
1059 475 1142 506 tum
1164 476 1206 506 ut
1227 469 1277 508 de
1297 469 1380 508 eius

51 530 199 569 iniuriis
230 530 381 570 iudices
411 533 610 578 docerent,
645 533 715 570 sed
746 531 915 570 maxime
946 533 996 571 de
1026 532 1214 583 religione
1246 546 1380 583 quere-

50 603 192 634 rentur.
254 596 364 642 Quas
384 595 539 635 illorum
569 596 835 646 querimonias
862 597 994 644 nolite,
1018 611 1086 648 per
1106 599 1202 637 deos
1224 599 1381 637 immor-

52 661 150 707 talis,
182 659 391 710 aspernari,
424 660 546 699 nolite
577 669 832 700 contemnere
863 674 909 699 ac
948 663 1164 712 neglegere,
1205 662 1380 702 iudices!

52 726 233 774 Aguntur
262 724 424 763 iniuriae
454 725 662 773 sociorum,
686 725 812 775 agitur
841 725 897 764 vis
927 728 1071 777 legum,
1100 726 1226 777 agitur
1255 727 1381 766 existi-

0 801 32 823 ιο
52 788 172 827 matio
193 789 413 839 veritasque
435 789 682 830 iudiciorum.
743 791 857 837 Quae
879 800 968 830 sunt
999 791 1133 830 omnia
1153 805 1378 843 permagna,

50 866 184 891 verum
216 853 313 892 illud
343 854 581 893 maximum:
611 862 718 893 tanta
749 855 936 906 religione
966 856 1153 894 obstricta
1185 864 1266 895 tota
1296 871 1381 907 pro-

49 917 176 956 vincia
197 926 265 965 est,
289 926 398 957 tanta
426 919 650 969 superstitio
679 933 726 958 ex
756 919 865 958 istius
896 921 999 959 facto
1030 920 1171 958 mentis
1201 922 1380 960 omnium

49 982 270 1021 Siculorum
300 984 508 1034 occupavit
535 991 577 1022 ut
607 997 882 1034 quaecumque
911 984 1093 1023 accidant
1123 985 1282 1035 publice
1309 989 1381 1036 pri-

48 1047 249 1098 vatimque
284 1047 541 1087 incommoda
575 1056 734 1098 propter
769 1062 857 1087 eam
892 1062 1051 1087 causam
1082 1049 1238 1088 sceleris
1269 1050 1379 1089 istius

0 1125 28 1156 ¹5
48 1112 203 1150 evenire
250 1112 467 1152 videantur.
548 1113 726 1152 Audistis
770 1114 1061 1163 Centuripinos,
1112 1115 1377 1164 Agyrinensis,
1406 1132 1465 1163 114

49 1177 284 1224 Catinensis,
316 1177 539 1224 Aetnensis,
573 1178 824 1218 Herbitensis
856 1179 1151 1229 complurisque
1183 1180 1279 1219 alios
1316 1195 1381 1231 pu-

48 1240 149 1280 blice
170 1241 301 1280 dicere
323 1255 424 1292 quae
445 1242 618 1281 solitudo
645 1250 747 1281 esset
769 1242 807 1281 in
828 1243 942 1293 agris,
963 1256 1064 1293 quae
1085 1244 1254 1291 vastitas,
1278 1259 1379 1295 quae

47 1306 137 1355 fuga
166 1315 373 1353 aratorum,
406 1319 526 1356 quam
556 1307 721 1353 deserta,
753 1320 872 1357 quam
907 1307 1064 1355 inculta,
1102 1322 1222 1358 quam
1248 1311 1380 1349 relicta

47 1371 190 1409 omnia.
252 1373 310 1410 Ea
330 1371 486 1411 tametsi
508 1371 639 1410 multis
654 1371 763 1410 istius
785 1381 822 1411 et
838 1372 951 1410 variis
973 1372 1121 1411 iniuriis
1137 1373 1376 1421 acciderunt,

0 1448 29 1471 ιο
47 1442 179 1474 tamen
211 1437 309 1476 haec
344 1449 423 1474 una
454 1449 572 1475 causa
607 1436 646 1474 in
686 1436 874 1486 opinione
908 1436 1129 1476 Siculorum
1165 1438 1377 1487 plurimum

46 1501 158 1547 valet,
182 1502 291 1550 quod
313 1501 456 1541 Cerere
476 1500 619 1539 violata
649 1501 778 1540 omnis
808 1502 936 1540 cultus
967 1503 1195 1552 fructusque
1226 1503 1378 1543 Cereris

46 1566 84 1604 in
106 1565 151 1604 iis
182 1567 278 1604 locis
299 1565 486 1605 'interisse
515 1565 762 1605 arbitrantur.
823 1566 1045 1605 Medemini
1074 1567 1251 1617 religioni
1282 1568 1379 1606 soci-

45 1644 168 1676 orum,
192 1631 357 1679 iudices,
377 1639 606 1670 conservate
620 1639 787 1671 vestram
804 1645 812 1678 3
843 1645 973 1681 neque
986 1630 1091 1670 enim
1106 1632 1203 1671 haec
1219 1640 1378 1671 externa

45 1695 156 1734 vobis
187 1703 245 1734 est
275 1695 408 1746 religio
437 1709 568 1746 neque
596 1696 723 1735 aliena
740 1711 749 1744 3
787 1696 930 1746 quodsi
966 1704 1079 1743 esset,
1113 1697 1144 1734 si
1180 1697 1378 1746 suscipere

0 1775 24 1807 =5
45 1773 131 1798 eam
161 1760 328 1807 nolletis,
362 1767 495 1799 tamen
530 1761 570 1799 in
601 1775 650 1800 eo
681 1761 749 1811 qui
782 1761 965 1800 violasset
995 1761 1145 1800 sancire
1178 1774 1249 1801 vos
1278 1764 1378 1801 velle

45 1832 251 1875 oporteret.
310 1827 429 1865 Nunc
453 1839 545 1864 vero
575 1827 614 1864 in
645 1828 848 1865 communi
878 1825 1058 1865 omnium
1087 1826 1264 1876 gentium
1295 1827 1377 1866 reli·
1404 1847 1462 1877 115

43 1889 169 1939 gione,
192 1889 313 1940 inque
342 1889 388 1929 iis
418 1890 536 1929 sacris
557 1903 659 1940 quae
689 1891 855 1930 maiores
882 1890 1002 1929 nostri
1023 1891 1074 1930 ab
1095 1890 1235 1930 exteris
1256 1891 1379 1930 natio-

43 1954 159 1994 nibus
198 1954 348 1994 adscita
385 1962 504 2005 atque
542 1955 726 1994 arcessita
765 1957 1145 2005 coluerunt,—quae
1177 1968 1297 2002 sacra,
1335 1964 1378 1994 ut

44 2027 152 2058 erant
181 2033 221 2058 re
250 2033 351 2066 vera,
378 2019 433 2058 sic
459 2019 646 2070 appellari
672 2021 823 2059 Graeca
843 2021 1375 2072 voluerunt,-—neglegentes

0 2096 27 2124 ’.ο
43 2096 88 2122 ac
108 2083 289 2123 dissoluti
310 2083 341 2122 si
361 2086 566 2134 cupiamus
586 2097 682 2131 esse,
707 2085 774 2135 qui
796 2097 1006 2135 possumus
1023 2087 1039 2123 ?

87 2197 106 2227 5
130 2188 178 2219 uti
206 2188 249 2219 de
276 2189 293 2218 δ
435 2189 457 2218 6
482 2188 584 2219 multo
613 2189 758 2220 maxime
783 2190 826 2228 ρδ
976 2198 1014 2227 ¹3
1040 2189 1261 2228 privatimque
1291 2188 1375 2221 RS:

44 2232 198 2270 privatim
215 2243 258 2261 πε
294 2231 346 2262 vel
372 2231 527 2272 privatim
546 2234 562 2262 δ
695 2243 736 2262 22
762 2232 803 2263 iis
828 2231 882 2262 R:
916 2231 967 2262 his
992 2232 1060 2263 56:
1090 2243 1155 2264 om.
1177 2237 1203 2272 p
1335 2243 1376 2271 27

45 2274 86 2305 iis
109 2274 167 2305 R:
200 2275 252 2305 his
276 2274 323 2306 55
472 2277 514 2305 28
539 2275 701 2306 arcessita
731 2275 844 2316 vulg:
879 2284 1016 2306 accersa
1044 2275 1144 2307 RSD
1173 2276 1376 2317 <accersitu

47 2320 63 2355 §
82 2318 122 2356 76
140 2319 258 2359 supra)
278 2329 284 2348 :
308 2324 478 2359 arcessap
495 2329 501 2348 :
528 2328 664 2350 accessa
683 2320 699 2349 δ
