1600 2704
57 126 326 166 ACTIONIS
349 127 410 165 IN
431 127 479 167 C.
500 127 742 165 VERREM
764 128 1064 167 SECVNDAE
1087 130 1190 167 LIB.
1216 130 1283 168 III
1332 130 1385 168 80
1410 135 1471 177 187

55 250 113 284 Es,
146 249 197 276 013
225 249 298 276 EAS
331 249 405 277 RES
434 250 496 285 TE,
520 249 715 283 QVONIAM
737 250 793 276 RE
821 250 1115 286 LOCVPLETAVI,
1140 251 1225 279 Hoc
1247 253 1387 280 ANVLO

54 313 194 340 AVREO
224 305 373 341 DONO?
427 304 531 341 Vera
555 303 652 341 haec
682 302 818 341 fuisset
844 303 969 342 oratio
984 318 993 351 3
1024 316 1154 353 neque
1185 304 1291 343 enim
1316 304 1388 343 iste

54 367 194 405 anulus
220 379 361 406 aureus
391 366 461 406 abs
489 375 526 406 te
556 368 672 407 datus
702 366 820 406 istum
841 366 967 405 virum
989 369 1140 414 fortem,
1164 369 1234 407 sed
1264 369 1387 407 homi-

53 444 145 470 nem
167 433 406 482 locupletem
429 445 513 471 esse
536 433 718 472 declarat.
780 433 841 471 Ita
861 434 1032 471 eundem
1055 434 1218 472 anulum
1240 434 1290 472 ab
1311 434 1388 472 alio

16 507 33 540 5
53 496 190 535 datum
218 504 357 535 testem
379 496 529 536 virtutis
550 498 796 544 duceremus,
819 497 890 536 abs
918 505 955 536 te
984 498 1177 538 donatum
1199 498 1385 538 comitem

53 561 245 612 pecuniae
267 561 498 601 iudicamus.

107 626 282 673 Dictum,
307 626 466 674 iudices,
491 634 548 666 est
578 627 629 666 de
656 627 881 667 decumano
912 628 1121 675 frumento,
1154 628 1305 667 dictum
1336 630 1386 668 de

53 699 198 742 empto,
235 699 451 731 extremum
486 692 680 742 reliquum
711 699 769 731 est
799 693 850 731 de
882 692 1114 740 aestimato;
1155 695 1263 743 quod
1296 707 1386 733 cum

54 756 326 806 magnitudine
352 757 544 807 pecuniae
578 765 662 796 tum
694 756 857 796 iniuriae
888 770 1030 808 genere
1060 758 1239 808 quemvis
1269 759 1389 798 debet

0 832 34 856 ιο
54 833 316 868 commovere,
345 829 429 860 tum
459 835 550 861 vero
580 835 628 862 eo
658 822 781 872 magis
811 823 920 872 quod
949 824 1000 861 ad
1024 823 1101 861 hoc
1128 822 1276 862 crimen
1307 837 1388 862 non

53 885 257 936 ingeniosa
283 886 414 937 aliqua
442 887 621 927 defensio
647 888 716 926 sed
742 886 1033 938 improbissima
1062 888 1259 927 confessio
1285 902 1389 927 com-

51 959 217 1002 paratur.
293 953 399 990 Nam
438 966 530 991 cum
573 965 620 991 ex
659 959 817 991 senatus
857 953 1039 991 consulto
1078 960 1116 991 et
1151 965 1198 991 ex
1236 953 1388 1003 legibus

51 1017 291 1054 frumentum
331 1016 369 1054 in
409 1018 549 1055 cellam
581 1016 616 1056 ei
650 1029 804 1055 sumere
830 1015 963 1055 liceret
994 1015 1115 1066 idque
1147 1017 1387 1055 frumentum

51 1089 210 1119 senatus
240 1081 293 1119 ita
322 1081 575 1129 aestimasset,
599 1080 799 1131 quaternis
829 1081 900 1119 HS
926 1080 1041 1119 tritici
1070 1080 1260 1128 modium,
1286 1082 1387 1121 binis

0 1157 29 1191 15
51 1146 200 1193 hordei,
224 1146 296 1185 iste
317 1147 451 1186 hordei
466 1159 632 1186 numero
652 1147 703 1185 ad
724 1158 920 1185 summam
946 1145 1062 1184 tritici
1091 1146 1248 1186 adiecto
1272 1147 1387 1186 tritici

51 1211 207 1251 modios
237 1212 410 1262 singulos
440 1225 531 1251 cum
560 1211 778 1251 aratoribus
808 1210 978 1250 denariis
1008 1210 1126 1250 ternis
1154 1212 1385 1251 aestimavit.

51 1277 144 1314 Non
165 1284 222 1315 est
243 1276 283 1315 in
304 1278 380 1316 hoc
401 1277 560 1323 crimen,
586 1275 789 1323 Hortensi,
812 1288 863 1314 ne
883 1276 982 1314 forte
1001 1277 1052 1315 ad
1081 1277 1156 1315 hoc
1185 1277 1384 1324 meditere,

51 1343 195 1381 multos
217 1355 334 1393 saepe
356 1342 457 1381 viros
478 1342 607 1381 bonos
628 1349 666 1381 et
687 1340 796 1380 fortis
818 1348 856 1380 et
877 1340 1100 1380 innocentIS
1120 1354 1211 1380 cum
1232 1343 1387 1382 aratori-

52 1406 124 1445 bus
156 1414 194 1446 et
228 1421 319 1446 cum
352 1407 574 1446 civitatibus
610 1408 861 1452 frumentum,
892 1406 931 1444 in
955 1407 1095 1445 cellam
1135 1408 1245 1457 quod
1284 1408 1386 1446 sumi

0 1485 32 1508 ιο
51 1479 261 1522 oporteret,
280 1472 508 1512 aestimasse
538 1480 576 1511 et
602 1470 812 1522 pecuniam
842 1483 913 1520 pro
938 1472 1135 1510 frumento
1164 1471 1386 1511 abstulisse.

51 1536 141 1576 Scio
171 1537 268 1588 quid
298 1539 421 1577 soleat
452 1537 543 1585 fieri,
579 1537 660 1576 scio
691 1535 787 1586 quid
817 1535 959 1583 liceat,·
1000 1535 1096 1574 nihil
1128 1538 1237 1586 quod
1271 1546 1386 1576 antea

48 1601 162 1640 fuerit
189 1602 228 1640 in
260 1602 549 1642 consuetudine
570 1602 766 1641 bonorum
787 1613 893 1639 nunc
921 1600 960 1639 in
987 1600 1098 1639 istius
1128 1602 1232 1640 facto
1262 1616 1388 1653 repre-

49 1667 261 1715 henditur,
291 1669 368 1707 hoc
402 1668 660 1718 reprehendo,
684 1667 805 1716 quod,
829 1679 920 1704 cum
942 1665 982 1703 in
1018 1665 1150 1705 Sicilia
1180 1668 1252 1706 HS
1283 1667 1385 1707 binis
1409 1673 1473 1714 189

49 1731 165 1771 tritici
198 1733 355 1773 modius
381 1741 493 1780 esset,
518 1740 560 1772 ut
585 1732 695 1772 istius
716 1731 884 1782 epistula
910 1731 962 1769 ad
991 1738 1029 1769 te
1055 1731 1172 1770 missa
1199 1733 1383 1781 declarat,

0 1808 30 1840 ³5
51 1809 249 1836 summum
291 1799 362 1838 HS
403 1798 531 1844 ternis,
555 1797 596 1837 id
635 1797 744 1848 quod
782 1803 820 1835 et
854 1794 1088 1834 testimoniis
1128 1796 1307 1836 omnium
1347 1806 1385 1837 et

49 1862 192 1901 tabulis
230 1870 428 1902 aratorum
466 1865 628 1914 planum
668 1863 815 1900 factum
845 1868 962 1900 antea
993 1869 1062 1908 est,
1092 1868 1177 1900 tum
1208 1861 1280 1902 iste
1315 1876 1385 1913 pro

49 1925 163 1965 tritici
186 1927 328 1967 modiis
350 1928 511 1978 singulis
539 1935 670 1967 ternos
697 1927 748 1965 ab
774 1925 992 1965 aratoribus
1022 1926 1204 1965 denarios
1235 1929 1360 1978 exegit
1375 1942 1384 1975 3

48 1991 125 2030 hoc
145 1992 295 2031 crimen
312 2000 384 2039 est,
409 2001 451 2032 ut
480 1993 684 2043 intellegas
705 2005 787 2031 non
808 2004 855 2030 ex
881 1990 1156 2030 aestimatione
1183 2004 1313 2042 neque
1339 2006 1384 2031 ex
1405 1995 1458 2032 82

1407 607 1450 656 83

1411 667 1472 698 188

96 2106 110 2126 1
137 2107 195 2127 eas
215 2096 245 2127 Ο
265 2108 270 2126 :
295 2096 396 2127 hasce
408 2101 432 2136 p
450 2095 514 2127 rell.
588 2100 622 2126 te
639 2095 798 2134 quoniam
816 2104 853 2124 re
873 2092 924 2124 O:
949 2093 1105 2131 quoniam
1124 2097 1192 2133 tep
1209 2093 1274 2124 rell.
1364 2095 1384 2124 8

51 2138 212 2179 reliquum
231 2144 282 2171 est
302 2140 332 2171 O
351 2152 357 2171 :
383 2145 416 2170 et
434 2140 586 2170 relictum
606 2138 789 2179 (reliquum
805 2137 865 2175 al.)
885 2142 936 2168 est
950 2142 975 2176 p
992 2136 1057 2167 rell.
1251 2138 1289 2168 10'
1313 2142 1383 2169 turn

51 2182 105 2213 ck:
137 2187 249 2214 tamen
277 2182 329 2214 O:
362 2188 398 2214 tu
424 2195 446 2213 π
624 2192 662 2221 14
693 2182 783 2213 -N.s.
810 2190 864 2211 1111
892 2181 922 2211 O
949 2183 983 2219 (ξ
1013 2190 1071 2220 191
1097 2180 1198 2219 infra)
1346 2191 1382 2219 15

51 2226 114 2257 iste
125 2231 150 2266 p
167 2237 173 2257 :
198 2238 263 2258 om.
287 2225 318 2257 Ο
480 2226 599 2257 hordei
616 2225 724 2265 suppl.
745 2227 834 2264 (ante
850 2225 927 2265 iste]
943 2224 1076 2264 Phcyg„
1096 2223 1213 2263 Kays.‚
1226 2228 1302 2264 post
1318 2225 1383 2256 iste

50 2268 158 2310 Klotz,
177 2270 291 2301 Muell.
461 2271 501 2301 16
524 2269 634 2300 ternis
652 2269 801 2300 denariis
820 2268 850 2299 O
1015 2269 1054 2298 18
1078 2277 1181 2307 saepe
1198 2271 1227 2298 et
1242 2273 1276 2298 et
1295 2268 1386 2308 (ante

51 2312 172 2355 sortes)
190 2324 256 2345 om.
277 2313 308 2345 O
444 2322 484 2353 19
508 2312 666 2344 frumenti
684 2312 732 2343 cO
860 2321 901 2352 25
926 2312 1074 2343 omnium
1092 2310 1139 2342 cO
1158 2322 1165 2341 ε
1189 2311 1384 2352 omnibusp

51 2355 116 2387 rell.
251 2367 290 2396 27
315 2357 390 2388 den.
410 2362 526 2389 ternos
543 2357 585 2389 ab
602 2360 684 2389 arat.
705 2356 736 2387 O

68 2422 71 2423 γ
92 2409 155 2431 c1c.
174 2409 254 2433 vtR.
1253 2399 1294 2430 19
