1600 2704
96 85 366 124 AcT10le
398 84 459 123 IN
491 84 536 125 c.
559 85 803 123 VERREM
834 83 1133 125 SECVNDAE
1165 86 1270 124 ΜΒ.
1293 87 1331 122 v
1378 95 1429 133 24
1451 55 1514 122 σι’

94 194 273 245 spicione
302 193 549 246 susceperis?
597 195 754 233 Deinde
781 194 846 233 alii
874 203 1060 244 quaestus
1091 194 1357 242 instituuntur,
1386 210 1433 235 ex

95 273 177 299 uno
196 273 338 310 genere
359 259 486 299 navali
506 259 636 298 videte
656 273 776 310 quarn
798 259 910 298 multi
928 263 934 298 !
964 259 1141 310 accipere
1162 274 1183 298 a
1210 260 1432 299 civitatibus

95 324 304 375 pecuniam
321 337 371 364 ne
385 333 523 364 nautas
544 326 694 372 darent,
709 326 835 376 pretio
852 333 959 364 certo
976 325 1116 364 missos
1133 327 1259 365 facere
1281 334 1430 374 nautas,

95 389 304 428 missorum
339 403 458 430 omne
492 389 734 440 stipendium
767 390 916 438 lucrari,
940 390 1098 440 reliquis
1131 392 1239 441 quod
1271 392 1432 430 deberet

56 471 74 503 5
95 467 176 493 non
197 455 458 503 dare,—haec
479 454 613 494 omnia
633 469 679 494 ex
699 455 901 494 civitatum
927 455 1163 495 testimoniis
1191 456 1429 506 cognoscite.

95 519 246 558 Recita.
322 521 592 558 TEsrmomA
640 532 882 559 civerTVM.
962 520 1152 559 Huncine
1215 521 1429 567 hominem,

93 584 263 624 hancine
292 584 592 635 impudentiam,
622 585 784 633 iudices,
811 587 914 625 hanc
938 585 1170 624 audaciam!
1210 586 1432 624 civitatibus

94 662 165 700 pro
184 663 351 689 numero
371 650 539 689 militurn
561 652 816 701 pecuniarum
839 664 1013 690 summas
1035 650 1258 697 discribere,
1281 658 1432 689 certum

94 715 274 766 pretium,
299 729 482 755 sescenos
499 730 696 763 nummos,
714 725 922 755 nautarum
945 715 1142 754 missionis
1169 715 1431 754 constituere!

35 798 75 821 10
95 793 195 831 quos
240 780 308 831 qui
346 782 508 821 dederat
547 788 813 821 commeatum
846 781 966 820 totius
1005 780 1162 819 aestatis
1205 782 1433 827 abstulerat,

94 845 177 893 iste,
200 848 309 896 quod
341 846 425 886 eius
457 855 600 887 nautae
631 846 794 886 nomine
828 859 900 897 pro
931 845 1129 896 stipendio
1153 847 1433 896 frumentoque

92 919 310 962 acceperat,
333 913 565 951 lucrabatur.
641 913 702 950 Ita
723 920 909 962 quaestus
931 913 1076 961 duplex
1097 911 1214 950 unius
1235 911 1433 950 missionis

94 977 224 1015 fiebat.
283 979 417 1027 Atque
433 979 530 1016 haec
551 979 673 1017 homo
692 975 984 1016 amentissimus
1006 976 1045 1014 in
1063 984 1172 1015 tanto
1186 978 1432 1026 praedonum

95 1040 246 1092 impetu
267 1049 458 1092 tantoque
478 1042 653 1092 periculo
674 1041 899 1093 provinciae
920 1041 976 1080 sic
996 1043 1126 1092 palam
1148 1042 1315 1081 faciebat
1332 1050 1372 1080 ut
1395 1050 1432 1079 et

34 1120 48 1143 r
56 1120 74 1152 5
95 1106 169 1157 ipsi
189 1108 409 1157 praedones
431 1107 573 1146 scirent
594 1116 632 1146 et
652 1114 735 1146 tota
754 1106 957 1157 provincia
986 1106 1095 1145 testis
1116 1115 1228 1146 esset.

149 1172 253 1212 Cum
274 1180 433 1223 propter
453 1171 564 1211 istius
585 1174 686 1211 hanc
707 1171 908 1210 avaritiam
929 1171 1091 1210 nomine
1112 1172 1247 1210 classis
1268 1181 1369 1210 esset
1391 1172 1429 1210 in

93 1235 237 1286 Sicilia,
256 1251 297 1276 re
317 1237 480 1288 quidem
505 1250 595 1276 vera
622 1250 741 1276 naves
762 1237 912 1284 inanes,
933 1249 1035 1287 quae
1055 1238 1241 1286 praedam
1264 1237 1431 1287 praetori

93 1315 174 1341 non
207 1315 309 1353 quae
340 1302 607 1353 praedonibus
639 1311 789 1341 metum
828 1303 1037 1349 adferrent,
1079 1310 1223 1349 tamen,
1257 1316 1347 1340 cum
1389 1304 1430 1340 P.

0 1364 9 1414 l,
94 1367 299 1406 Caesetius
338 1376 376 1406 et
415 1369 457 1406 P.
499 1368 648 1407 Tadius
687 1368 827 1407 decem
867 1367 1033 1405 navibus
1079 1367 1157 1405 suis
1206 1367 1432 1417 semiplenis

33 1445 74 1473 20
93 1431 331 1483 navigarent,
355 1445 497 1472 navem
519 1434 719 1483 quandam
741 1432 953 1482 piratarum
975 1434 1121 1482 praeda
1142 1434 1321 1471 refertam
1351 1446 1431 1471 non

93 1506 292 1547 ceperunt,
327 1499 397 1537 sed
428 1499 676 1537 abduxerunt
715 1511 834 1536 onere
869 1510 942 1536 suo
975 1499 1091 1547 plane
1126 1505 1281 1547 captam
1314 1507 1433 1547 atque

92 1563 331 1612 depressam.
392 1565 484 1602 Erat
513 1577 559 1602 ea
586 1563 695 1601 navis
721 1564 837 1613 plena
868 1562 1081 1601 iuventutis
1112 1563 1430 1610 formosissimae,

92 1629 209 1677 plena
233 1627 383 1678 argenti
408 1628 499 1667 facti
528 1637 648 1679 atque
676 1628 828 1679 signati,
852 1630 975 1667 multa
1003 1641 1093 1666 cum
1123 1630 1292 1679 stragula
1312 1638 1431 1669 veste.

95 1694 209 1732 Haec
235 1707 313 1732 una
341 1693 450 1733 navis
477 1707 500 1732 a
527 1696 652 1733 classe
677 1702 810 1732 nostra
837 1706 918 1732 non
940 1702 1056 1744 capta
1077 1701 1145 1741 est,
1176 1695 1245 1732 sed
1275 1694 1433 1733 inventa

35 1772 75 1804 25
94 1760 146 1798 ad
169 1759 429 1809 Megaridem,
449 1759 517 1810 qui
538 1761 649 1799 locus
670 1768 727 1798 est
749 1772 830 1798 non
858 1760 975 1809 longe
995 1772 1019 1797 a
1039 1759 1249 1808 Syracusis.
1311 1760 1433 1808 Quod

95 1823 163 1863 ubi
201 1823 264 1863 isti
302 1825 527 1863 nuntiatum
562 1833 631 1872 est,
671 1824 827 1863 tametsi
865 1824 905 1862 in
943 1832 1031 1862 acta
1070 1838 1160 1863 cum
1194 1825 1433 1864 mulierculis

94 1888 247 1929 iacebat
269 1889 410 1937 ebrius,
433 1890 553 1929 erexit
574 1903 614 1929 se
639 1898 771 1928 tamen
793 1898 831 1928 et
852 1889 984 1928 statim
1006 1889 1202 1940 quaestori
1224 1891 1433 1940 legatoque

93 1967 166 1993 suo
198 1956 383 1994 custodes
418 1955 522 1994 misit
547 1954 772 2005 compluris,
794 1962 836 1993 ut
870 1954 1004 1992 onmia
1032 1954 1106 1993 sibi
1135 1954 1282 2004 integra
1313 1968 1432 2005 quam

93 2019 265 2069 primum
283 2020 569 2059 exhiberentur.
612 2019 836 2070 Adpellitur
848 2019 957 2058 navis
974 2021 1205 2069 Syracusas:
1237 2028 1432 2070 exspecta—

34 2098 76 2129 30
95 2093 157 2124 tur
175 2086 226 2124 ab
247 2085 433 2125 omnibus
455 2085 703 2136 supplicium.
765 2086 845 2124 Iste
859 2084 971 2134 quasi
992 2086 1137 2134 praeda
1159 2084 1231 2122 sibi
1253 2086 1429 2133 advecta,

138 2192 160 2222 6
183 2191 288 2222 recita
305 2190 497 2222 testimonia
522 2190 694 2222 civitatum
718 2189 825 2230 suppl.
847 2189 881 2219 in
899 2188 957 2220 Iac.
969 2187 1030 2229 p²z
1072 2189 1177 2219 recita
1199 2188 1430 2220 testimonium

98 2234 177 2274 (om.
199 2235 309 2275 civit.)
327 2234 392 2266 RS
563 2244 580 2273 7
605 2234 750 2264 hancine
768 2233 901 2272 aud.p5
1073 2232 1094 2263 8
1119 2232 1312 2263 describere
1332 2232 1432 2272 R²Sp

100 2289 139 2310 10
164 2288 238 2310 cum
257 2283 478 2309 commeatum
496 2276 560 2309 RS
739 2286 777 2307 12
802 2277 916 2315 itaque
933 2276 949 2306 δ
1130 2285 1168 2315 19
1193 2276 1331 2306 navibus
1344 2276 1397 2307 his
1416 2278 1432 2306 δ

97 2332 136 2353 21
163 2323 376 2354 adduxerunt
392 2321 457 2352 RS
546 2321 647 2361 plane
666 2321 794 2352 tardam
811 2319 926 2351 Eberla.

1453 509 1504 547 25

1453 1176 1494 1218 63

1453 2025 1495 2067 64
