1600 2704
103 68 128 106 8
150 83 183 104 21
514 69 569 106 M.
602 67 771 105 TVLLI
803 66 1110 106 CICERONIS

147 185 213 215 tua
253 175 482 216 crudelitate
520 176 560 214 in
599 175 696 213 alios
736 175 864 213 omnis
905 174 975 212 tibi
1014 174 1143 213 aditus
1187 173 1476 214 misericordiae

87 276 124 297 22
147 242 323 282 iudicum
362 242 440 280 iam
480 241 631 291 pridem
672 253 756 279 esse
801 241 1034 289 praeclusos.
1109 238 1256 278 Omnia
1294 238 1365 276 tibi
1404 238 1477 277 ista

146 309 365 346 concedam
395 315 432 345 et
457 306 651 344 remittam
670 320 679 352 3
707 304 897 354 provideo
926 303 1030 342 enim
1059 303 1155 353 quid
1177 303 1224 341 sit
1245 304 1476 342 defensurus

148 373 386 410 Hortensius
402 386 412 418 3
440 370 624 409 fatebitur
652 371 757 420 apud
788 369 906 407 istum
936 381 1066 418 neque
1094 375 1336 407 senectutem
1356 367 1476 418 patris

147 450 275 486 neque
313 435 624 475 adulescentiam
664 434 717 472 fili
757 446 888 484 neque
927 433 1106 472 lacrimas
1146 433 1348 483 utriusque
1387 435 1512 483 plus5
1559 440 1562 454 ¹

145 501 311 539 valuisse
332 513 451 550 quam
482 499 689 538 utilitatem
717 500 964 549 salutemque
989 498 1237 549 provinciae3
1267 498 1372 538 dicet
1393 512 1474 537 rem

144 565 343 614 publicam
372 563 633 603 administrari
663 563 747 602 sine
777 571 884 602 metu
914 576 960 601 ac
989 563 1192 602 severitate
1222 576 1302 602 non
1332 577 1475 614 posse3

144 638 304 679 quaeret
335 642 454 679 quam
485 630 538 667 ob
567 641 649 667 rem
679 629 803 667 fasces
833 627 1078 678 praetoribus
1109 630 1384 678 praeferantur,
1407 642 1475 667 cur

145 708 299 734 secures
328 696 455 741 datae,
478 707 546 733 cur
575 707 706 733 carcer
734 693 976 740 aedificatus,
996 705 1064 731 cur
1093 699 1150 731 tot
1180 693 1371 743 supplicia
1398 693 1474 732 sint

145 762 184 799 in
205 761 405 811 improbos
434 772 542 798 more
571 759 762 797 maiorum
794 758 1017 797 constituta.
1077 759 1191 807 Quae
1220 771 1310 797 cum
1340 758 1474 796 omnia
1497 769 1535 792 10

143 826 307 875 graviter
328 837 540 874 severeque
561 823 711 871 dixerit,
735 837 919 874 quaeram
941 836 1010 861 cur
1030 824 1136 861 hunc
1163 824 1335 862 eundem
1356 825 1477 874 Apol-

144 891 293 930 lonium
329 892 471 929 Verres
504 889 609 928 idem
643 896 804 939 repente
837 890 943 926 nulla
982 901 1022 927 re
1054 901 1157 927 nova
1190 889 1332 936 adlata,
1369 891 1477 928 nulla

143 955 384 1002 defensione,
404 955 487 993 sine
508 967 625 993 causa
646 956 696 993 de
717 967 870 993 carcere
891 953 1015 993 emitti
1035 953 1212 1001 iusserit3
1241 961 1475 1005 tantumque

144 1020 182 1058 in
222 1022 299 1059 hoc
338 1019 501 1058 crimine
541 1019 774 1070 suspicionis
814 1033 899 1058 esse
937 1020 1158 1059 adfirmabo
1193 1026 1234 1058 ut
1270 1021 1346 1058 iam
1380 1019 1473 1070 ipsis

144 1085 340 1124 iudicibus
361 1085 444 1124 sine
469 1098 557 1123 mea
583 1084 921 1134 argumentatione
949 1084 1215 1123 coniecturam
1245 1085 1372 1124 facere
1392 1098 1474 1135 per·
1495 1098 1530 1129 15

145 1150 296 1189 mittam
319 1152 427 1200 quod
449 1152 524 1189 hoc
545 1163 669 1200 genus
690 1149 917 1200 praedandi,
941 1163 1059 1200 quam
1092 1149 1330 1200 improbum,
1353 1163 1472 1200 quam

143 1215 361 1265 indignum,
385 1228 585 1265 quamque
613 1216 664 1253 ad
691 1214 1005 1265 magnitudinem
1027 1222 1212 1265 quaestus
1234 1214 1473 1254 immensum

84 1295 122 1325 23
142 1280 419 1329 infinitumque
450 1293 534 1318 esse
564 1279 750 1319 videatur.
811 1281 915 1318 Nam
949 1293 1049 1329 quae
1083 1279 1156 1318 iste
1190 1279 1230 1317 in
1258 1281 1474 1329 Apollonio

142 1346 243 1391 fecit,
276 1357 321 1382 ea
355 1344 523 1394 primum
554 1344 721 1382 breviter
753 1344 979 1394 cognoscite
1013 1352 1110 1394 quot
1139 1352 1177 1383 et
1207 1352 1354 1395 quanta
1383 1345 1471 1392 sint,

141 1410 287 1448 deinde
316 1411 412 1448 haec
439 1409 648 1459 expendite
675 1417 793 1459 atque
821 1411 1024 1448 aestimate
1052 1410 1243 1460 pecunia:
1273 1410 1471 1460 reperietis
1493 1425 1532 1446 20

141 1474 289 1514 idcirco
322 1476 419 1513 haec
454 1474 493 1512 in
528 1487 609 1513 uno
643 1475 805 1513 homine
844 1474 1061 1525 pecunioso
1093 1482 1150 1514 tot
1184 1475 1397 1514 constituta
1431 1484 1472 1514 ut

140 1539 277 1578 ceteris
307 1539 537 1578 formidines
565 1538 751 1577 similium
780 1539 1125 1579 incommodorum
1156 1548 1274 1591 atque
1295 1542 1474 1592 exempla

140 1604 402 1654 periculorum
424 1612 670 1655 proponeret.
733 1604 907 1643 Primum
929 1604 1170 1644 insimulatio
1190 1613 1248 1644 est
1269 1607 1473 1656 repentina

140 1669 315 1720 capitalis
354 1679 473 1720 atque
522 1669 704 1708 invidiosi
753 1669 1178 1718 criminis,——statuite
1217 1670 1353 1720 quanti
1394 1672 1470 1710 hoc

140 1734 283 1784 putetis
323 1742 361 1773 et
400 1747 518 1784 quam
559 1735 703 1772 multos
742 1735 983 1783 redemisse,-
1025 1736 1170 1774 deinde
1204 1735 1352 1774 crimen
1386 1737 1470 1775 sine
1491 1745 1528 1780 25
1586 1769 1588 1786 ζ

138 1808 376 1847 accusatore,
418 1800 611 1839 sententia
650 1799 733 1839 sine
768 1800 945 1848 consilio,
979 1800 1181 1839 damnatio
1215 1800 1299 1840 sine
1340 1802 1472 1840 defen-

138 1866 522 1912 sione,—aestimate
552 1867 689 1904 harum
721 1866 899 1905 omnium
929 1879 1056 1905 rerum
1085 1866 1208 1916 pretia
1236 1873 1274 1905 et
1303 1866 1471 1917 cogitate

139 1931 178 1968 in
220 1932 279 1969 his
318 1930 589 1981 iniquitatibus
631 1944 754 1970 unum
798 1931 970 1970 haesisse
1009 1931 1278 1981 Apollonium,
1321 1940 1470 1971 ceteros

141 1999 317 2046 profecto
347 1999 491 2036 multos
528 2011 573 2037 ex
605 1996 665 2035 his
700 1996 965 2036 incommodis
994 1995 1163 2047 pecunia
1190 2009 1233 2035 se
1261 1997 1445 2036 liberasse
1461 2011 1471 2044 3

141 2070 339 2110 postremo
379 2063 576 2110 tenebrae,
615 2063 753 2109 vincla,
803 2075 942 2109 carcer,
992 2061 1187 2099 inclusum
1233 2063 1468 2112 supplicium
1487 2073 1526 2105 30

139 2135 257 2176 atque
287 2142 309 2166 a
339 2136 553 2179 conspectu
584 2127 803 2178 parentium
834 2140 880 2166 ac
909 2127 1088 2174 liberum,
1111 2127 1283 2177 denique
1303 2140 1325 2165 a
1346 2127 1469 2166 libero

142 2194 275 2242 spiritu
301 2202 418 2243 atque
447 2207 469 2231 a
499 2192 701 2231 communi
729 2194 817 2231 luce
846 2193 1209 2239 seclusum,—haec
1234 2205 1335 2238 vero,
1368 2205 1469 2242 quae

190 2305 228 2334 19
251 2294 487 2333 recognoscite
510 2293 637 2332 Wumn,
658 2293 728 2325 edd.
896 2304 936 2333 23
961 2298 1230 2334 proponerentur
1247 2295 1263 2324 δ
1426 2303 1464 2332 31

143 2348 161 2367 a
187 2338 278 2375 (ante
302 2338 502 2377 conspectu)
529 2349 593 2368 om.
621 2336 717 2368 RSD
847 2339 1035 2377 parentium
1056 2337 1154 2368 RSD
1174 2348 1180 2367 :
1205 2342 1380 2377 parentum
1398 2339 1467 2377 Wpfi
1578 2337 1581 2370 ῐ.

144 2391 184 2420 32
209 2387 307 2419 atque
327 2391 344 2411 a
362 2380 424 2411 RS
439 2382 480 2411 al.
500 2393 505 2410 :
530 2391 567 2411 ac
588 2380 687 2418 QL:
715 2386 746 2411 et
759 2382 802 2420 ῥδ
