1600 2704
135 122 190 168 48
216 137 273 170 115
575 122 631 160 M.
664 122 832 160 TVLLI
865 120 1171 161 CICERONIS

209 246 279 284 pro
309 233 469 284 singulis
497 233 674 273 decumis
701 242 830 272 ternas
850 234 1038 272 decumas
1058 233 1151 272 dare
1178 232 1324 273 liceret.
1383 233 1539 283 Quodsi

207 307 274 337 tua
291 311 350 337 res
367 311 447 338 non
464 306 650 348 ageretur,
667 311 690 336 a
710 306 747 336 te
768 297 898 348 potius
912 299 1155 348 postularent
1169 311 1218 336 ne
1234 297 1402 348 amplius
1419 311 1538 348 quam

207 363 388 413 singulas,
412 375 531 413 quarn
552 364 602 402 ab
620 363 798 413 Apronio
818 370 861 401 ut
883 376 932 401 ne
953 364 1040 413 plus
1061 375 1180 413 quam
1201 370 1330 401 ternas
1351 364 1538 402 decumas

206 429 354 466 darent.
416 429 534 467 Nunc
565 435 607 466 ut
639 429 716 466 hoc
751 435 928 477 tempore
960 440 1007 466 ea
1037 440 1139 477 quae
1169 427 1273 477 regie
1305 440 1373 466 seu
1408 427 1538 478 potius

206 492 406 541 tyrannice
437 493 569 531 statuit
590 492 629 530 in
651 499 820 531 aratores
841 492 1041 542 Apronius
1068 492 1386 542 praetermittam,
1409 505 1539 542 neque
1560 510 1577 542 5

206 570 273 596 eos
303 558 499 607 appellem
521 569 543 594 a
564 556 708 606 quibus
734 569 852 595 omne
882 557 1122 595 frumentum
1153 556 1303 607 eripuit,
1327 564 1365 595 et
1395 556 1539 606 quibus

204 622 301 660 nihil
324 634 404 660 non
427 622 548 660 modo
569 622 619 661 de
639 622 767 660 fructu
788 621 858 660 sed
878 634 929 660 ne
955 622 1005 661 de
1025 621 1140 660 bonis
1162 621 1324 671 quidem
1351 621 1430 660 suis
1457 621 1540 660 reli-

205 686 272 736 qui
293 685 394 733 fecit‚
418 698 463 725 ex
485 685 592 725 hisce
614 687 732 725 ternis
754 684 976 733 medimnis,
995 687 1104 736 quod
1125 685 1293 725 benefici
1313 685 1538 737 gratiaeque

124 788 152 824 4
157 788 184 825 9
205 763 322 789 causa
342 750 548 799 concessit,
573 750 669 800 quid
690 750 785 789 lucri
806 751 873 789 fiat
894 750 1130 800 cognoscite.

123 837 183 869 115
259 815 456 855 Professio
485 824 543 855 est
573 815 652 866 agri
680 815 865 854 Leontini
894 817 945 854 ad
975 815 1151 866 iugerum
1182 818 1299 864 ἧς
1328 817 1426 855 haec
1447 824 1538 855 sunt
1560 834 1599 856 10

203 882 254 919 ad
293 880 408 919 tritici
447 880 694 919 medimnum
732 882 798 927 x—C,
832 880 874 920 id
908 887 967 920 est
1001 882 1107 920 mod.
1144 892 1295 919 Dxxxx
1312 896 1322 929 3
1356 881 1537 920 deductis

203 944 318 983 tritici
346 946 452 984 mod.
482 957 618 993 ccxw,
651 945 787 995 quanti
815 946 1008 984 decumae
1033 944 1250 993 venierunt,
1272 945 1421 995 reliqua
1448 954 1538 984 sunt

203 1009 317 1048 tritici
332 1021 550 1048 cccxxnn.
610 1011 727 1049 Adde
749 1009 866 1048 totius
888 1023 1065 1049 summae
1086 1022 1235 1048 Dxxxx
1256 1009 1406 1048 milium
1430 1012 1535 1048 mod.

203 1075 268 1113 tris
286 1074 631 1125 quinquagesimas
650 1089 659 1122 3
689 1075 731 1112 fit
752 1074 867 1113 tritici
889 1076 994 1114 mod.
1015 1086 1242 1113 XXXIICCCC
1263 1075 1330 1124 (ab
1351 1073 1537 1113 omnibus

201 1139 308 1178 enim
341 1147 474 1179 ternae
504 1148 700 1189 praeterea
734 1139 1083 1189 quinquagesimae
1117 1138 1406 1190 exigebantur);
1447 1148 1537 1178 sunt
1558 1154 1594 1187 ¹⁵

203 1206 299 1243 haec
329 1203 406 1242 iam
436 1205 487 1243 ad
517 1215 650 1242 CCCLX
680 1205 785 1242 mod.
809 1203 934 1242 tritici.
993 1206 1047 1242 At
1077 1217 1150 1254 ego
1179 1205 1282 1242 ff
1310 1203 1406 1242 lucri
1436 1205 1537 1242 facta

202 1282 287 1308 esse
320 1268 519 1316 dixeram,
547 1282 629 1307 non
660 1268 766 1307 enim
798 1270 903 1307 duco
936 1268 976 1306 in
1011 1269 1085 1307 hac
1114 1268 1265 1307 ratione
1295 1282 1362 1307 eos
1392 1269 1535 1318 quibus

202 1333 320 1372 ternis
352 1333 563 1373 medimnis
593 1346 673 1372 non
704 1341 762 1372 est
791 1333 941 1372 licitum
971 1333 1165 1372 decidere.
1218 1335 1366 1372 Verum
1393 1341 1436 1372 ut
1463 1335 1536 1372 hac

202 1399 285 1449 ipsa
314 1398 465 1437 ratione
496 1411 691 1437 summam
722 1398 800 1436 mei
830 1398 1009 1448 promissi
1040 1400 1274 1448 compleam,
1303 1399 1354 1437 ad
1385 1399 1536 1449 singula

202 1464 402 1502 medimna
431 1463 542 1501 multi
574 1464 645 1502 HS
675 1462 800 1509 binos,
825 1463 935 1501 multi
965 1464 1036 1502 HS
1063 1463 1237 1513 singulos
1264 1463 1382 1502 semis
1409 1477 1536 1503 acces·
1557 1479 1600 1501 20*

202 1528 322 1566 sionis
360 1528 604 1578 cogebantur
648 1529 752 1574 dare,
785 1527 850 1577 qui
882 1527 1101 1574 minimum,
1133 1527 1306 1577 singulos
1337 1542 1532 1568 nummos.

203 1593 417 1631 Minimum
449 1601 490 1632 ut
520 1606 741 1643 sequamur,
766 1593 954 1643 quoniam
984 1595 1040 1631 {C
1070 1594 1173 1632 med.
1203 1592 1396 1640 duximus,
1428 1607 1536 1632 acce-

122 1670 179 1705 117
202 1659 297 1696 dant
319 1671 366 1697 eo
387 1671 491 1696 novo
512 1657 765 1708 pessimoque
786 1659 967 1707 exemplo
983 1657 1054 1695 HS
1071 1660 1136 1696 ie.
1198 1657 1278 1696 Hic
1300 1658 1396 1696 mihi
1417 1658 1535 1697 etiarn

202 1723 332 1762 dicere
345 1723 507 1762 audebit
530 1736 673 1773 magno
690 1736 730 1761 se
751 1723 938 1761 decumas
959 1722 1195 1770 vendidisse,
1214 1736 1305 1761 cum
1326 1736 1373 1761 ex
1394 1724 1535 1762 eodem

202 1801 295 1838 agro
326 1787 493 1826 dimidio
532 1787 615 1837 ipse
663 1789 750 1837 plus
780 1786 983 1826 abstulerit
1014 1801 1132 1838 quarn
1163 1789 1312 1838 populo
1350 1789 1535 1826 Romano
1556 1803 1598 1837 251

204 1852 383 1891 miserit?
447 1864 571 1890 CCXVI
604 1852 792 1890 decumas
821 1851 901 1902 agri
931 1851 1117 1890 Leontini
1148 1851 1385 1900 vendidisti,
1429 1852 1459 1890 si
1489 1866 1535 1891 ex
1596 1899 1597 1904 ¹

204 1919 298 1967 lege,
323 1929 495 1966 magno,-
524 1915 555 1954 si
583 1924 624 1954 ut
645 1918 705 1954 lex
727 1924 828 1955 esset
855 1916 980 1956 libido
1008 1924 1085 1964 tua,
1108 1916 1139 1955 si
1160 1924 1203 1955 ut
1224 1930 1324 1967 quae
1346 1916 1534 1956 dimidiae

202 1990 332 2021 essent
363 1983 555 2020 decumae
584 1989 826 2029 vocarentur,
858 1994 978 2031 parvo
1007 1981 1219 2021 vendidisti
1233 1996 1244 2030 3
1273 1983 1399 2020 multo
1429 1982 1534 2020 enim
1591 1981 1596 2030 ,l

203 2046 322 2096 pluris
349 2047 496 2084 fructus
527 2045 647 2083 annui
679 2045 832 2084 Siciliae
852 2046 984 2085 venire
1005 2054 1225 2097 potuerunt,
1250 2046 1281 2085 si
1301 2046 1341 2086 id
1362 2055 1400 2085 te
1427 2060 1535 2085 sena·
1591 2031 1595 2056 ⁵

203 2120 264 2149 tus
285 2119 351 2150 aut
372 2113 542 2161 populus
560 2112 765 2150 Romanus
782 2112 908 2150 facere
921 2112 1118 2150 voluisset.
1170 2111 1328 2151 Etenim
1343 2113 1532 2151 decumae
1552 2100 1600 2164 3⁰i!

203 2189 319 2226 saepe
349 2175 447 2215 tanti
478 2175 692 2223 venierunt,
717 2189 807 2215 cum
837 2178 922 2227 lege
949 2176 1166 2215 Hieronica
1186 2176 1372 2223 venirent,
1397 2176 1532 2227 quanti
1588 2174 1600 2228 ,ἶ

253 2288 285 2308 11
306 2279 337 2309 id
355 2284 404 2310 est
421 2278 451 2310 Ο
467 2290 473 2309 t
499 2280 531 2310 id
550 2283 601 2310 est
618 2278 754 2319 triticip
769 2279 833 2310 rell.
927 2288 969 2310 20
994 2278 1056 2310 HS
1073 2278 1171 2310 binos
1190 2279 1283 2310 multi
1303 2279 1364 2310 HS
1383 2279 1533 2318 singulos
1586 2270 1600 2322 ξε

202 2323 306 2352 ,semis
324 2322 370 2352 cO
390 2334 394 2351 :
422 2322 483 2354 HS
501 2323 565 2353 duo
584 2323 677 2353 multi
696 2322 759 2354 HS
777 2323 963 2362 quinquep
981 2322 1048 2354 rell.
1182 2324 1224 2353 26
1247 2323 1318 2362 agri
1339 2323 1456 2353 Leont.
1476 2323 1531 2353 de·
1587 2324 1590 2357 1

206 2375 318 2395 cumas
345 2365 375 2395 O
513 2377 551 2404 27
572 2370 648 2405 post
671 2372 725 2396 tua
750 2367 868 2398 liabent
891 2376 1006 2397 omnes
1029 2365 1118 2397 codd.
1145 2376 1271 2405 parvo:
1297 2366 1355 2396 del.
1380 2364 1527 2405 Madvzg.
1585 2359 1600 2396 l.

203 2419 246 2447 3ο
272 2418 373 2447 saepe
391 2409 551 2440 decumae
572 2409 601 2438 O
1585 2415 1600 2476 ‘⁴'
