1600 2704
94 128 199 165 2170
281 117 587 157 CICERONIS
620 117 680 155 IN
712 116 762 164 Q.
794 116 1111 156 CAECILIVM
1143 116 1359 155 ORATIO

97 244 130 277 71
158 227 422 267 incommodis
443 227 665 278 reperietur.
725 229 845 265 Nulla
870 228 972 265 salus
996 226 1049 265 rei
1076 225 1259 276 publicae
1283 226 1407 265 maior
1426 235 1484 266 est

157 307 275 344 quam
305 306 373 332 eos
403 292 470 343 qui
501 295 666 332 alterum
701 299 889 330 accusant
922 304 1001 329 non
1034 291 1163 329 minus
1193 292 1243 330 de
1274 292 1401 339 laude,
1434 293 1484 331 de

156 360 321 406 honore,
341 359 391 396 de
420 359 523 396 sarna
553 370 623 395 sua
652 370 770 407 quam
802 356 888 394 illos
919 355 985 405 qui
1014 363 1248 393 accusantur
1277 357 1327 394 de
1356 356 1484 406 capite

154 437 200 462 ac
228 423 392 462 fortunis
422 422 500 461 suis
530 422 814 472 pertimescere.
876 422 1016 470 Itaque
1042 433 1194 470 semper
1220 420 1246 458 ii
1274 420 1484 470 diligentis-

155 489 252 528 sime
273 487 659 537 laboriosissimeque
679 494 913 525 accusarunt
935 485 1001 535 qui
1024 498 1064 524 se
1086 484 1191 535 ipsos
1212 484 1251 523 in
1273 485 1482 524 discrimen
1503 502 1520 533 5

155 552 451 592 existimationis
473 552 604 591 venire
625 552 797 590 arbitrati
820 559 921 589 sunt.

82 632 132 659 22
209 620 340 667 Quam
357 618 409 655 ob
430 630 510 656 rem
533 618 608 655 hoc
625 624 804 663 statuere,
824 615 985 661 iudices,
1005 615 1172 663 debetis,
1186 616 1234 664 Q.
1253 614 1482 662 Caecilium,

154 684 204 721 de
232 695 312 731 quo
342 683 448 719 nulla
477 694 665 731 umquam
697 681 832 731 opinio
863 680 976 719 fuerit
1006 682 1192 730 nullaque
1223 680 1262 718 in
1293 681 1369 719 hoc
1399 680 1484 730 ipso

154 746 302 785 iudicio
332 746 571 796 exspectatio
603 747 731 784 futura
761 746 818 792 sit,
843 746 910 795 qui
937 758 1066 795 neque
1093 754 1135 783 ut
1159 753 1250 784 ante
1277 747 1483 784 collectam

153 813 296 849 famam
337 818 542 849 conservet
583 823 712 859 neque
751 810 807 848 uti
846 809 983 859 reliqui
1023 810 1210 860 temporis
1249 824 1360 860 spem
1395 824 1485 849 con·
1507 825 1543 848 10

153 877 280 915 firmet
310 876 472 922 laborat,
504 888 584 913 non
616 874 732 913 nimis
763 876 865 913 banc
896 888 1054 912 causam
1085 889 1227 922 severe,
1258 889 1337 913 non
1368 875 1484 913 nimis

152 949 343 988 accurate,
367 953 447 978 non
469 940 585 978 nimis
614 939 820 989 diligenter
839 947 1030 978 acturum.
1091 940 1226 977 Habet
1253 939 1359 977 enim
1387 939 1484 977 nihil

153 1008 261 1056 quod
296 1005 336 1043 in
375 1004 593 1043 offensione
633 1006 849 1054 deperdat,
895 1012 936 1042 ut
975 1003 1197 1054 turpissime
1236 1003 1485 1054 flagitiosissi-

153 1084 295 1120 meque
335 1070 524 1116 discedat,
566 1069 663 1107 nihil
703 1070 753 1108 de
793 1069 872 1107 suis
912 1069 1108 1107 veteribus
1147 1068 1387 1108 ornamentis
1427 1082 1484 1107 re-

94 1149 131 1184 7²
154 1135 289 1185 quiret.
350 1137 386 1172 A
407 1134 522 1173 nobis
552 1136 697 1172 multos
727 1134 886 1172 obsides
917 1135 1035 1172 habet
1065 1135 1235 1184 populus
1263 1135 1480 1181 Romanus,
1506 1148 1542 1180 15

153 1213 252 1250 quos
286 1206 329 1238 ut
357 1199 565 1238 incolumis
595 1212 837 1247 conservare,
861 1200 970 1247 tueri,
994 1201 1225 1238 confirmare
1253 1212 1299 1237 ac
1326 1213 1484 1249 recupe-

152 1278 234 1303 rare
283 1264 492 1313 possimus,
531 1264 640 1302 omni
686 1264 836 1303 ratione
879 1265 949 1303 erit
989 1265 1272 1303 dimicandum.
1347 1265 1483 1303 Habet

152 1331 344 1368 honorem
384 1342 502 1378 quem
542 1329 724 1379 petimus,
766 1330 885 1368 habet
925 1343 1033 1380 spem
1075 1343 1193 1379 quam
1239 1329 1481 1379 propositam

151 1394 266 1432 nobis
294 1394 497 1441 habemus,
521 1394 640 1433 habet
668 1394 997 1433 existimationem
1025 1397 1150 1432 multo
1178 1395 1321 1433 sudore
1348 1394 1481 1433 labore

151 1458 369 1509 vigiliisque
395 1460 613 1506 collectam,
640 1467 693 1506 ut,
721 1459 752 1498 si
782 1459 821 1497 in
852 1461 925 1498 bac
953 1472 1070 1497 causa
1102 1466 1280 1497 nostrum
1307 1458 1480 1497 officium
1503 1474 1543 1496 20

151 1537 196 1562 ac
227 1523 469 1573 diligentiam
505 1523 810 1574 probaverimus,
842 1525 941 1562 haec
971 1537 1072 1574 quae
1102 1523 1180 1562 dixi
1215 1523 1380 1562 retinere
1414 1537 1482 1573 per

152 1591 344 1639 populum
371 1590 599 1627 Romanum
621 1589 835 1627 incolumia
854 1602 900 1627 ac
921 1590 1026 1627 salva
1054 1588 1250 1639 possimus
1266 1603 1275 1635 ;
1305 1588 1336 1626 si
1357 1596 1483 1627 tantu-

153 1656 234 1691 lum
266 1654 459 1692 offensum
490 1653 783 1704 titubatumque
812 1654 870 1701 sit,
904 1662 946 1692 ut
976 1667 1021 1692 ea
1052 1667 1152 1703 quae
1182 1653 1407 1704 singillatim
1436 1667 1482 1692 ac

94 1731 131 1761 73
154 1718 220 1757 diu
252 1720 418 1757 collecta
454 1726 545 1757 sunt
575 1732 656 1757 uno
687 1727 863 1769 tempore
894 1719 1074 1757 universa
1096 1720 1317 1768 perdamus.
1378 1720 1483 1768 Qua-

153 1792 321 1834 propter,
363 1783 522 1829 iudices,
567 1792 738 1822 vestrum
784 1792 841 1822 est
880 1784 1049 1834 deligere
1089 1797 1206 1833 quem
1252 1782 1481 1822 existimetis
1503 1797 1540 1829 25

152 1848 335 1886 facillime
356 1861 472 1898 posse
494 1848 806 1898 magnitudinem
823 1862 964 1887 causae
979 1861 1024 1886 ac
1042 1848 1161 1887 iudici
1182 1848 1372 1887 sustinere
1389 1849 1481 1895 fide,

152 1913 364 1962 diligentia,
392 1913 570 1961 consilio,
597 1913 839 1952 auctoritate.
898 1915 980 1951 Vos
1011 1913 1041 1951 si
1073 1912 1168 1951 mihi
1191 1914 1238 1961 Q.
1263 1912 1481 1952 Caecilium

152 1977 466 2028 anteposueritis,
491 1991 563 2027 ego
585 1992 648 2017 me
669 1978 858 2028 dignitate
879 1986 1103 2028 superatum
1132 1990 1213 2016 non
1240 1977 1478 2016 arbitrabor:

153 2045 321 2093 populus
363 2045 569 2081 Romanus
608 2057 658 2082 ne
697 2051 776 2081 tam
817 2045 1035 2091 honestam,
1071 2050 1151 2081 tam
1191 2056 1364 2082 severam
1400 2043 1482 2082 dili-

154 2116 390 2157 gentemque
438 2108 732 2147 accusationem
780 2122 909 2157 neque
953 2108 1063 2147 vobis
1112 2108 1304 2158 placuisse
1352 2121 1482 2158 neque
1502 2119 1540 2150 30

155 2172 281 2211 ordini
311 2182 439 2212 vestro
469 2176 622 2224 placere
652 2174 869 2221 arbitretur,
901 2173 1114 2223 providete.

201 2288 237 2315 14
263 2278 401 2316 requirit
418 2277 452 2307 D
467 2282 496 2308 ct
505 2278 583 2317 pler.
691 2279 729 2308 16
754 2279 945 2317 reciperare
961 2282 982 2307 λ
1002 2289 1007 2307 ;
1033 2277 1186 2316 recipere
1199 2277 1241 2318 ῥδ
1342 2287 1380 2307 21
1408 2277 1481 2308 dili-

154 2322 370 2360 gentiamque
388 2320 416 2350 L
521 2332 561 2360 25
588 2321 728 2360 diligere
739 2320 861 2361 p¹G2K
960 2330 1001 2359 30
1027 2321 1122 2351 nobis
1135 2320 1202 2361 pGl
1301 2330 1341 2360 31
1368 2326 1482 2352 vestro

154 2365 211 2395 K:
237 2370 350 2395 nostro
367 2364 402 2394 D
418 2364 459 2395 al.
481 2377 501 2394 π
