1600 2704
1417 47 1527 59 alsa

50 98 318 137 ACTIONIS
352 98 413 136 IN
444 98 487 137 C.
513 97 752 135 VERREM
785 97 1085 135 SECVNDAE
1117 98 1220 135 LIB.
1246 99 1312 135 III
1363 73 1422 142 13v

49 208 102 247 rei
118 216 197 246 tam
219 208 418 258 paenitere
438 207 585 247 diceret
607 220 725 258 quam
746 209 855 258 quod
876 208 921 247 C.
941 208 1167 247 Carbonem
1189 221 1377 258 umquam

48 272 88 310 in
113 272 303 311 iudicium
324 272 540 311 vocavisset
555 286 566 319 3
595 271 725 310 minus
752 271 858 310 enim
880 271 1021 310 liberas
1049 271 1228 311 omnium
1249 286 1377 311 rerum

47 338 268 376 voluntates
306 338 488 383 habebat,
526 344 564 375 et
596 336 714 374 vitam
750 348 861 375 suam
897 335 1074 386 pluribus
1109 349 1227 386 quam
1262 338 1378 375 vellet

48 402 243 440 observari
291 402 413 441 oculis
461 401 728 439 arbitrabatur.
790 403 923 450 Atque
961 401 1026 439 ille
1067 400 1127 439 his
1174 401 1378 451 praesidiis

9 478 26 509 5
46 465 177 516 ingeni
204 467 462 516 fortunaeque
493 465 666 504 munitus
694 473 827 505 tamen
860 467 934 504 hac
966 478 1057 503 cura
1088 466 1375 512 continebatur,

45 542 163 579 quam
195 530 268 568 sibi
298 531 479 569 nondum
507 530 739 568 confirmato
765 529 931 568 consilio
961 531 1031 568 sed
1061 529 1223 568 ineunte
1250 538 1378 569 aetate

45 602 278 644 susceperat,
321 601 432 644 atque
469 607 508 633 eo
546 595 667 644 magis
710 606 790 644 quo
829 594 960 632 minus
1004 594 1122 633 etiam
1166 594 1378 645 percipitur

44 671 179 697 eorum
209 658 329 697 virtus
358 666 397 697 et
427 658 624 709 integritas
655 658 722 708 qui
751 659 802 697 ad
833 659 936 696 hanc
963 671 1045 697 rem
1075 659 1374 706 adulescentuli,

43 735 162 772 quam
192 723 259 773 qui
290 723 366 762 iarn
395 724 546 762 firmata
575 730 702 762 aetate
729 724 988 762 descendunt.
1051 723 1112 762 Illi
1141 723 1258 771 enim,
1285 732 1377 763 ante

5 805 24 826 0
42 800 161 837 quam
193 795 405 838 potuerunt
436 788 656 827 existimare
685 795 835 838 quanto
866 788 1023 827 liberior
1052 788 1131 826 vita
1161 788 1209 827 sit
1239 802 1375 827 eorum

42 852 109 902 qui
139 852 339 892 neminem
370 852 600 899 accusarint,
632 852 777 902 gloriae
807 865 925 891 causa
952 860 1071 902 atque
1099 853 1374 892 ostentationis

40 926 251 956 accusant:
282 932 355 958 nos
377 918 443 968 qui
472 918 548 956 iam
577 924 614 956 et
635 917 732 967 quid
763 918 890 955 facere
910 925 948 956 et
979 924 1171 967 quantum
1200 917 1374 958 iudicare

40 995 246 1031 possemus
270 983 528 1030 ostendimus,
552 981 625 1021 nisi
652 981 764 1020 facile
785 981 1021 1032 cupiditates
1050 990 1202 1020 nostras
1225 990 1372 1022 tenere-

40 1059 138 1094 mus,
158 1061 375 1098 numquam
397 1047 553 1097 ipsimet
573 1046 688 1085 nobis
705 1045 1020 1097 praecideremus
1041 1045 1156 1085 istam
1172 1046 1371 1087 licentiam

3 1127 19 1158 5
40 1111 340 1162 libertatemque
360 1111 528 1151 vivendi.

93 1178 227 1226 Atque
265 1189 338 1226 ego
377 1178 453 1215 hoc
493 1177 579 1226 plus
618 1175 747 1214 oneris
786 1177 916 1214 habeo
954 1189 1073 1226 quam
1113 1176 1180 1227 qui
1220 1157 1415 1247 ceteros?

40 1241 374 1288 accusarunt,—si
396 1254 496 1279 onus
517 1248 575 1280 est
603 1240 643 1279 id
667 1242 949 1291 appellandum
979 1242 1087 1291 quod
1109 1254 1199 1280 cum
1225 1243 1372 1281 laetitia

41 1307 139 1344 feras
165 1318 211 1344 ac
236 1307 459 1356 voluptate:
490 1319 624 1344 verum
654 1313 787 1344 tamen
813 1319 885 1356 ego
913 1307 989 1345 hoc
1019 1306 1188 1356 amplius
1217 1308 1370 1358 suscepi

40 1383 159 1419 quarn
198 1370 317 1409 ceteri
356 1372 464 1421 quod
503 1370 556 1409 ita
601 1372 820 1420 postulatur
862 1371 913 1409 ab
952 1371 1180 1410 hominibus
1225 1380 1267 1410 ut
1310 1373 1370 1411 his

0 1453 18 1474 0
38 1435 261 1474 abstineant
288 1435 457 1474 maxime
477 1435 578 1474 vitiis
610 1435 649 1473 in
675 1435 819 1485 quibus
843 1437 1007 1474 alterum
1034 1437 1367 1486 reprehenderint.

36 1501 179 1539 Furem
201 1500 371 1551 aliquem
396 1509 463 1539 aut
485 1513 666 1550 rapacem
688 1500 883 1539 accusaris
903 1515 908 1538 :
940 1500 1098 1540 vitanda
1123 1501 1192 1539 tibi
1215 1515 1369 1552 semper

36 1565 105 1603 erit
133 1565 262 1604 omnis
286 1565 469 1604 avaritiae
498 1564 680 1614 suspicio.
743 1565 972 1603 Maleficum
995 1565 1221 1615 quempiam
1246 1567 1368 1605 addu-

35 1629 133 1667 xeris
162 1637 229 1668 aut
263 1630 487 1668 crudelem:
523 1629 745 1668 cavendum
774 1628 844 1667 erit
877 1642 1031 1678 semper
1062 1642 1112 1668 ne
1146 1643 1223 1679 qua
1257 1630 1296 1668 in
1327 1644 1367 1669 re

35 1693 206 1744 asperior
251 1701 318 1732 aut
367 1693 619 1732 inhumanior
666 1693 785 1732 fuisse
834 1693 1001 1732 videare.
1072 1694 1363 1744 Corruptorem,

0 1760 279 1808 5adulterum:
308 1758 598 1809 providendum
626 1758 832 1809 diligenter
862 1771 912 1796 ne
943 1760 1051 1808 quod
1082 1758 1121 1796 in
1150 1759 1228 1797 vita
1255 1759 1367 1798 vesti-

79 1863 99 1891 6
122 1862 263 1892 consilio
287 1862 488 1893 confirmato
508 1861 625 1902 Osort.
649 1867 724 1894 recte
747 1864 911 1902 (confirm.
933 1874 973 1895 sc.
994 1863 1056 1894 sibi
1074 1874 1080 1893 :
1114 1864 1150 1903 cs.
1170 1863 1220 1893 Dc
1237 1862 1362 1903 Repub.

36 1908 51 1941 ,δ
71 1914 135 1944 30:
162 1905 288 1936 Clncnt.
308 1909 323 1942 ξ
346 1905 399 1944 13)
518 1916 534 1944 7
559 1905 642 1937 Post
658 1912 859 1946 susceperat
874 1907 989 1947 scrz'pSi
1005 1911 1104 1945 atque
1123 1917 1163 1936 eo
1182 1906 1289 1944 magis
1308 1910 1362 1939 (sc.

34 1949 95 1978 lzac
110 1958 187 1978 cura
204 1948 438 1982 continebatur}
460 1959 526 1988 quo
543 1950 643 1988 (quod
659 1951 683 1981 35
707 1950 819 1980 minus
835 1962 841 1980 :
871 1961 937 1989 quo
956 1950 1067 1980 minus
1085 1949 1171 1980 codd.
1195 1949 1230 1987 (ii
1251 1953 1264 1985 ξ
1284 1949 1340 1988 62)
1357 1960 1365 1979 :

33 2001 234 2029 quamquam
256 1991 367 2022 minus
388 1991 489 2030 Bake,
513 1991 614 2024 Koch,
642 1991 803 2023 Mueller:
841 1994 908 2033 ipse
931 1994 1012 2024 olim
1030 1994 1117 2032 quod
1137 1993 1246 2022 minus
1263 1992 1364 2022 conie-

34 2044 152 2071 ceram,
173 2034 218 2065 Cl.
239 2034 319 2066 Rev.
340 2034 430 2066 xviii.
452 2044 514 2074 25:
540 2045 595 2066 xx.
617 2045 677 2074 257
862 2037 1048 2076 percipitur
1066 2036 1133 2067 cO:
1159 2035 1284 2074 precip.
1305 2035 1364 2066 H:

34 2078 235 2116 perspicitur
252 2078 318 2110 rell.
337 2077 406 2109 cdd.
598 2087 634 2108 12
658 2083 817 2118 quantum
838 2079 986 2110 iudicare
1004 2080 1139 2119 scrzfsi:
1166 2078 1363 2118 quantulum

35 2120 147 2151 dicere
169 2120 216 2151 cO
236 2120 337 2151 (credo
353 2132 392 2151 ex
413 2122 730 2163 quantuludicare):
766 2124 965 2162 quantulum
984 2123 1132 2153 iudicare
1153 2122 1220 2152 rell.
1236 2125 1368 2162 praeter

33 2163 74 2194 H
88 2164 311 2204 (quantulum,
330 2164 461 2195 omissis
479 2165 625 2205 rcliqm's)
750 2168 789 2196 16
813 2176 877 2205 ego
895 2167 958 2196 hoc
975 2165 1068 2196 HO:
1093 2166 1156 2196 hoc
1174 2176 1239 2205 ego
1251 2171 1275 2205 p
1292 2164 1359 2195 rell.

35 2208 68 2244 (v
88 2210 102 2241 ξ
124 2209 199 2247 179)
308 2208 346 2238 18
365 2208 538 2247 voluptate
551 2214 575 2248 p
594 2208 661 2239 rell.
684 2219 690 2239 :
714 2208 890 2240 voluntate
907 2208 1000 2248 HOq
1107 2219 1147 2249 19
1170 2209 1363 2240 hominibus

31 2248 128 2280 HcO¹
145 2262 151 2280 :
176 2251 331 2282 omnibus
343 2256 368 2291 p
386 2250 452 2283 rell.
563 2256 598 2282 ut
612 2252 664 2282 his
682 2252 874 2284 abstineant
891 2251 979 2284 HcO
995 2263 1001 2282 :
1025 2257 1060 2283 ut
1077 2253 1118 2283 ab
1136 2254 1189 2284 his
1206 2263 1243 2283 se
1259 2252 1362 2283 absti-

33 2298 134 2324 neant
147 2298 173 2334 p
190 2294 256 2326 rell.
425 2305 467 2326 20
489 2295 775 2334 reprehenderint
793 2295 900 2327 HcO:
919 2301 1032 2327 —erunt
1045 2301 1069 2336 p
1087 2296 1154 2327 rcll.
1321 2306 1360 2333 24

31 2336 205 2367 immanior
224 2336 265 2367 Ol
281 2348 288 2368 t
312 2337 490 2369 humanior
506 2337 546 2368 H
561 2349 640 2370 corr.
659 2349 704 2371 m.
723 2349 742 2369 2
