1600 2704
1508 39 1600 54 1,.-

1538 55 1574 72 7„

73 93 343 135 Ac'r10N1s
373 91 435 130 IN
466 90 512 129 c.
534 86 777 126 VERREM
808 84 1107 123 SECVNDAE
1138 82 1242 120 ΜΒ.
1265 82 1301 117 v
1347 88 1402 127 34
1420 85 1460 125 89

71 205 349 256 praefectoque
368 199 512 246 classis,
532 197 704 237 eundem
724 193 944 234 necessario
974 205 1131 231 cursum
1159 199 1292 230 tenere
1317 203 1402 228 coe-

69 277 222 321 perunt.
294 268 491 305 Helorum
523 275 667 308 versus,
705 267 747 298 ut
791 259 875 309 ipse
907 259 1156 302 Cleomenes,
1194 255 1246 293 ita
1284 254 1401 293 ceteri
1421 268 1463 299 90

70 333 317 384 navigabant,
349 342 479 380 neque
512 327 539 366 ii
571 335 653 365 tam
693 325 939 375 praedonum
970 323 1162 370 impetum
1200 318 1401 368 fugiebant

69 412 190 450 quam
214 397 490 447 imperatorem
517 391 793 442 sequebantur.
851 389 956 426 Tum
981 393 1023 424 ut
1051 384 1219 435 quisque
1245 383 1284 421 in
1312 384 1401 431 fuga

31 480 49 512 5
69 470 302 515 postremus,
324 461 379 499 ita
408 459 448 497 in
480 456 654 508 periculo
681 455 862 505 princeps
892 458 972 490 erat
988 465 997 498 ;
1026 457 1265 500 postremam
1296 446 1400 485 enim

69 539 269 578 quamque
300 537 441 564 navem
470 523 617 573 piratae
646 519 811 570 primam
841 516 1130 555 adoriebantur.
1190 515 1251 551 Ita
1278 512 1402 562 prima

70 591 381 631 Haluntinorum
401 586 510 626 navis
530 585 691 636 capitur,
714 583 777 622 cui
805 588 978 632 praeerat
1009 578 1254 618 Haluntinus
1281 579 1402 616 homo

69 656 225 704 nobilis,
262 653 515 704 Phylarchus,
546 663 665 701 quem
702 649 751 687 ab
779 647 853 685 illis
884 644 1152 696 praedonibus
1186 645 1401 681 Locrenses

69 729 207 772 postea
221 719 380 771 publice
401 719 651 756 redemerunt
667 729 676 761 3
705 727 752 752 ex
771 724 851 762 quo
871 723 940 749 vos
961 709 1088 760 priore
1101 709 1256 747 actione
1277 706 1401 744 iurato

12 800 51 823 10
69 799 152 825 rem
183 798 345 824 omnem
378 793 618 831 causamque
649 776 859 829 cognostis.
911 775 1068 813 Deinde
1106 771 1400 823 Apolloniensis

70 851 179 889 navis
217 849 379 900 capitur,
418 855 457 886 et
494 846 577 885 eius
615 844 834 894 praefectus
875 838 1148 888 Anthropinus
1196 836 1398 875 occiditur.

70 917 185 954 Haec
211 916 308 954 dum
334 920 512 963 aguntur,
534 912 681 948 interea
707 909 943 947 Cleomenes
971 905 1048 942 iam
1073 904 1124 941 ad
1146 901 1286 940 Helori
1311 900 1401 938 litus

69 987 299 1032 pervenerat
314 994 324 1027 5
352 979 431 1017 iarn
460 989 545 1016 sese
574 974 615 1013 in
646 982 787 1012 terram
816 984 838 1009 e
875 968 965 1007 navi
1003 968 1169 1006 eiecerat
1207 964 1402 1015 quadrire-

70 1058 256 1095 memque
285 1045 541 1082 fluctuantem
571 1039 611 1078 in
641 1039 723 1076 salo
752 1036 970 1085 reliquerat.
1029 1030 1188 1080 Reliqui
1217 1029 1401 1079 praefecti

12 1122 48 1156 15
69 1112 240 1158 navium,
264 1123 356 1149 cum
383 1108 424 1146 in
453 1115 594 1145 terram
620 1105 830 1152 imperator
863 1098 1015 1143 exisset,
1042 1109 1133 1134 cum
1169 1094 1241 1144 ipsi
1274 1106 1402 1142 neque

69 1188 286 1227 repugnare
314 1185 445 1223 neque
475 1169 571 1209 mari
601 1169 769 1217 effugere
789 1166 870 1203 ullo
891 1163 1012 1201 modo
1033 1166 1204 1211 possent,
1227 1157 1403 1208 adpulsis

68 1243 120 1281 ad
158 1241 355 1280 Helorum
394 1236 560 1275 navibus
598 1234 857 1273 Cleomenem
896 1225 1090 1278 persecuti
1128 1231 1230 1263 sunt.
1297 1223 1400 1260 Turn

69 1307 316 1358 praedonum
347 1304 429 1343 dux
459 1300 668 1345 Heracleo,
700 1302 860 1346 repente
894 1300 1045 1343 praeter
1072 1303 1182 1341 spem
1218 1302 1299 1327 non
1334 1300 1402 1326 sua

70 1370 212 1410 virtute
245 1370 316 1409 sed
345 1367 455 1407 istius
486 1364 646 1404 avaritia
677 1359 932 1410 nequitiaque
961 1357 1097 1402 victor,
1125 1356 1290 1392 classem
1323 1353 1404 1402 pul-

11 1452 54 1476 20
71 1435 305 1475 cherrimam
344 1431 479 1483 populi
515 1426 688 1468 Romani
726 1425 766 1463 in
799 1423 890 1462 litus
925 1422 1127 1472 expulsam
1155 1426 1192 1457 et
1224 1417 1401 1462 eiectam,

70 1514 161 1539 cum
188 1499 359 1550 primum
379 1497 718 1546 invesperasceret,
741 1488 974 1527 inflammari
995 1485 1233 1534 incendique
1254 1481 1374 1520 iussit.

124 1566 161 1605 O
191 1573 348 1614 tempus
378 1561 564 1600 miserum
592 1565 711 1607 atque
742 1554 928 1593 acerbum
963 1550 1188 1601 provinciae
1222 1546 1376 1586 Siciliae
1397 1548 1402 1583 Ξ
1423 1558 1462 1589 92

69 1643 95 1669 o
132 1642 268 1668 casum
306 1628 417 1666 illum
459 1624 592 1664 multis
640 1618 918 1660 innocentibus
965 1614 1238 1654 calamitosum
1285 1619 1403 1661 atque

68 1695 293 1734 funestum!
323 1706 348 1731 o
367 1691 477 1730 istius
507 1686 723 1738 nequitiam
753 1697 799 1723 ac
826 1681 1111 1733 turpitudinem
1142 1679 1402 1728 singularem!

11 1774 51 1807 25
68 1762 160 1799 Vna
191 1767 310 1809 atque
340 1757 479 1796 eadem
509 1767 588 1792 nox
616 1759 697 1791 erat
725 1762 803 1800 qua
836 1754 990 1798 praetor
1018 1745 1161 1784 amoris
1191 1741 1402 1792 turpissimi

69 1827 239 1871 flamma,
271 1822 405 1862 classis
437 1818 573 1871 populi
608 1814 781 1856 Romani
812 1813 1058 1864 praedonum
1093 1807 1280 1848 incendio
1313 1819 1404 1845 con-

70 1890 267 1940 flagrabat.
326 1887 513 1926 Adfertur
541 1890 658 1922 nocte
695 1881 931 1929 intempesta
959 1875 1083 1927 gravis
1114 1873 1278 1912 huiusce
1312 1871 1403 1910 mali

69 1954 232 1993 nuntius
261 1951 496 2002 Syracusas3
524 1949 688 1988 curritur
716 1946 767 1984 ad
801 1943 1052 1994 praetorium,
1086 1953 1167 1990 quo
1200 1939 1319 1976 istum
1358 1950 1404 1975 ex

69 2021 137 2058 illo
163 2019 362 2070 praeclaro
391 2014 573 2055 convivio
602 2012 834 2051 reduxerant
854 2009 972 2058 paulo
1000 2013 1091 2044 ante
1111 2002 1293 2042 mulieres
1313 2014 1402 2040 cum

12 2098 51 2130 3ο
69 2092 188 2124 cantu
214 2091 333 2132 atque
361 2078 605 2130 symphonia.
663 2076 914 2121 Cleomenes,
934 2083 1175 2122 quamquam
1205 2081 1284 2106 nox
1311 2074 1401 2113 erat,

69 2158 203 2189 tamen
224 2148 263 2186 in
284 2146 445 2198 publico
466 2157 551 2183 esse
571 2155 653 2181 non
673 2140 792 2179 audet
810 2153 820 2186 3
850 2136 1016 2176 includit
1037 2148 1077 2174 se
1098 2133 1207 2174 domi
1223 2147 1233 2181 3
1274 2144 1403 2181 neque

1419 879 1468 919 35

1420 940 1457 972 91

116 2264 136 2284 2
160 2251 328 2283 Helorum
359 2246 599 2288 Augustinus:
639 2242 795 2274 Pelorum
827 2238 917 2272 codd.
1116 2237 1137 2267 8
1161 2235 1284 2267 nobilis
1315 2233 1403 2265 RS:

72 2296 303 2328 nobilissimus
332 2293 398 2333 qu
540 2299 579 2320 21
605 2288 743 2326 advesp.
777 2286 794 2316 δ
941 2292 981 2321 27
1006 2280 1148 2312 huiusce
1181 2278 1286 2310 cladis
1319 2279 1401 2320 (om.

74 2340 201 2381 gravis)
220 2338 283 2369 Iul.
303 2335 503 2368 Severianus
