1600 2704
45 143 95 190 38
116 158 157 189 94
486 129 541 165 M.
573 119 741 161 TVLLI
772 106 1077 156 CICERONIS

120 245 362 300 pronuntiat,
396 242 436 280 S1
478 247 569 282 ovis
610 237 829 270 ABSENTEM
870 224 1093 260 STHENWM
1128 222 1198 250 REI
1231 213 1444 246 CAPITALIS

123 324 237 353 REVM
281 317 440 348 FACERE
478 309 648 343 VELLET,
692 304 788 331 SESE
811 278 918 327 'Eivs
959 291 1110 321 NOMEN
1154 279 1444 314 RECEPTVRVM,

123 388 162 418 et
205 375 320 416 simul
367 379 410 410 ut
450 369 500 406 ad
542 373 699 402 causam
748 355 952 395 accederet
994 352 1222 391 nomenque
1268 336 1447 378 deferret,

126 440 380 493 Agathinum,
402 443 548 473 novum
576 427 747 466 adfinem
769 429 887 468 atque
913 411 1123 462 hospitem,
1145 401 1276 453 coepit
1294 394 1452 437 hortari.

126 510 232 546 Turn
248 505 312 543 ille
333 503 434 540 clare
450 494 634 536 omnibus
651 484 902 527 audientibus
923 492 963 518 se
983 477 1024 515 id
1045 486 1124 512 non
1142 481 1227 509 esse
1246 467 1452 506 facturum,
1476 473 1493 504 5

128 583 258 621 neque
297 581 338 606 se
375 575 500 612 usque
540 572 587 597 eo
627 551 790 593 Sthenio
828 559 912 586 esse
950 539 1154 581 inimicum
1193 540 1236 571 ut
1274 541 1365 568 eum
1403 523 1457 562 rei

131 633 307 686 capitalis
338 629 511 668 adfinem
544 634 628 661 esse
656 617 812 656 diceret.
874 608 955 647 Hic
983 614 1067 643 turn
1097 604 1259 649 repente
1290 589 1460 631 Pacilius

133 700 308 751 quidam,
327 697 450 732 homo
470 699 589 738 egens
611 691 647 722 et
667 680 776 726 levis,
793 673 945 715 accedit
962 686 971 718 J.
997 668 1061 714 ait,
1078 665 1108 704 Si
1125 664 1270 707 liceret,
1289 653 1462 696 absentis

136 775 283 803 nomen
304 759 453 798 deferre
475 766 515 792 se
535 751 645 789 velle.
704 746 785 783 Iste
805 751 897 778 vero
917 744 955 775 et
974 734 1091 772 licere
1111 736 1149 767 et
1170 724 1253 764 fieri
1274 723 1408 766 solere,
1427 726 1465 757 et

140 843 180 868 se
209 831 483 875 recepturumj.
512 817 645 864 itaque
672 810 842 849 defertur
858 819 868 851 3
897 799 1015 840 edicit
1040 793 1170 835 statim
1200 800 1242 829 ut
1274 783 1468 826 Kalendis
1491 796 1529 819 10

79 913 122 946 95
145 887 433 932 Decembribus
465 880 567 921 adsit
597 873 782 916 Sthenius
815 863 1022 918 Syracusis.
1083 857 1164 897 Hic
1197 853 1264 904 qui
1297 853 1470 889 Romam

144 953 395 1007 pervenisset,
437 946 608 994 satisque
647 937 809 978 feliciter
843 930 935 971 anni
974 928 1052 966 iam
1090 924 1255 961 adverso
1295 906 1473 964 ternpore

145 1021 375 1070 navigasset,
417 1010 629 1058 omniaque
672 1000 875 1041 habuisset
917 991 1102 1043 aequiora
1144 994 1183 1025 et
1221 977 1475 1034 placabiliora

149 1098 267 1138 quam
306 1080 482 1120 animum
522 1068 710 1124 praetoris
743 1073 861 1113 atque
899 1055 1076 1108 hospitis,
1117 1064 1200 1090 rem
1237 1048 1288 1086 ad
1327 1042 1477 1083 amicos

151 1163 243 1191 suos
270 1146 422 1190 detulit,
453 1152 564 1191 quae,
597 1143 639 1174 ut
670 1139 749 1173 erat
778 1127 919 1168 acerba
945 1132 1064 1172 atque
1089 1116 1262 1166 indigna,
1294 1110 1348 1149 sic
1375 1107 1480 1146 vide·
1502 1119 1540 1152 15

153 1219 268 1256 batur
289 1209 485 1250 omnibus.

82 1292 138 1329 39
213 1281 353 1326 Itaque
384 1274 424 1311 in
459 1275 597 1308 senatu
629 1261 821 1302 continuo
851 1257 924 1295 Cn.
958 1250 1151 1290 Lentulus
1182 1252 1219 1285 et
1254 1245 1298 1281 L.
1333 1236 1484 1278 Gellius

160 1343 342 1384 consules
371 1335 519 1375 faciunt
545 1328 788 1369 mentionem
809 1323 962 1372 placere
988 1313 1115 1359 statui,
1139 1310 1170 1350 si
1199 1306 1376 1360 patribus
1397 1312 1487 1339 con-

160 1405 312 1457 scriptis
344 1402 550 1443 videretur‚
585 1406 635 1432 ne
674 1391 857 1429 absentes
891 1380 1071 1421 homines
1106 1377 1146 1414 in
1184 1367 1396 1424 provinciis
1433 1363 1488 1402 rei

162 1475 299 1511 fierent
336 1478 465 1505 rerum
503 1457 755 1510 capitaliumg
792 1461 951 1490 causam
982 1441 1120 1484 Stheni
1152 1447 1276 1478 totam
1311 1441 1349 1471 et
1380 1429 1490 1469 istius
1513 1441 1553 1464 20

164 1534 435 1577 crudelitatem
469 1536 506 1567 et
541 1522 789 1574 iniquitatem
824 1522 1003 1554 senatum
1036 1510 1192 1547 docent.
1266 1500 1414 1539 Aderat
1452 1493 1493 1531 in

166 1609 304 1643 senatu
333 1599 475 1635 Verres
506 1598 615 1642 pater
646 1585 767 1629 istius,
801 1588 839 1620 et
868 1580 966 1617 flens
1000 1585 1124 1613 unum
1156 1575 1355 1619 quemque
1389 1570 1497 1598 sena-

168 1678 297 1707 torum
325 1661 487 1712 rogabat
507 1664 550 1695 ut
576 1653 657 1692 filio
685 1662 757 1688 suo
783 1649 957 1697 parceret
973 1655 982 1688 3
1012 1649 1141 1687 neque
1169 1642 1301 1672 tamen
1330 1627 1498 1666 multum

171 1729 426 1783 proficiebat3
469 1729 549 1761 erat
581 1717 687 1758 enim
721 1722 876 1751 Summa
909 1707 1089 1745 voluntas
1129 1705 1298 1738 senatus.
1359 1692 1500 1738 Itaque

174 1793 391 1836 sententiae
416 1788 671 1828 dicebantur:
703 1780 799 1818 CVM
821 1776 1031 1814 STHEvas
1052 1775 1205 1805 ABSENS
1227 1769 1330 1799 REVS
1352 1763 1503 1793 FACTVS
1527 1763 1562 1795 ²5

177 1871 310 1906 ESSET,
334 1868 390 1895 DE
410 1861 596 1892 ABSENTE
616 1853 809 1886 IVDICIVM
831 1848 1002 1878 NVLLVM
1025 1843 1137 1872 FIERI
1164 1834 1364 1869 PLACERE,
1386 1831 1447 1865 ET,
1470 1828 1504 1854 S1

115 1938 159 1981 96
180 1937 293 1973 QVOD
314 1933 435 1962 ESSET
459 1926 635 1960 FACTVM,
659 1923 702 1949 ID
724 1917 867 1947 RATVM
890 1914 984 1942 ESSE
1005 1910 1093 1938 NON
1117 1902 1313 1934 PLACERE.
1362 1887 1423 1924 Eo
1444 1882 1508 1922 die

182 1989 341 2039 transigi
366 1984 464 2025 nihil
489 1979 627 2033 potuit,
651 1975 759 2026 quod
785 1980 822 2010 et
851 1970 892 2008 id
922 1963 1108 2016 temporis
1134 1966 1214 2000 erat
1243 1964 1281 1995 et
1308 1954 1372 1992 ille
1402 1956 1510 2000 pater

184 2058 295 2096 istius
322 2054 525 2091 invenerat
545 2042 727 2084 homines
755 2035 821 2087 qui
844 2032 1016 2073 dicendo
1036 2036 1192 2077 tempus
1218 2020 1509 2061 consumerent.

188 2126 331 2161 Postea
351 2129 469 2157 senex
484 2115 626 2150 Verres
647 2107 873 2146 defensores
894 2107 1011 2147 atque
1031 2091 1206 2143 hospites
1226 2083 1355 2125 omnis
1377 2075 1514 2119 Stheni
1536 2089 1574 2121 30

236 2235 255 2263 5
280 2231 316 2253 se
336 2219 389 2251 O:
413 2227 487 2249 Sese
501 2221 525 2255 p
544 2212 608 2244 rell.
780 2216 795 2244 7
821 2208 889 2233 tum
907 2211 974 2231 om.
996 2198 1026 2230 Ο
1179 2194 1200 2223 8
1223 2186 1375 2220 absentis
1391 2189 1517 2214 nomen

197 2268 247 2308 Op
266 2265 330 2296 rell.
348 2276 354 2294 :
379 2271 468 2293 nom.
487 2260 556 2290 abs.
577 2256 594 2285 b
612 2253 699 2292 vulg.
851 2255 888 2285 15
913 2249 946 2275 et
964 2242 1032 2273 ind.
1055 2239 1084 2271 Ο
1103 2239 1134 2278 (ξ
1153 2236 1196 2276 89
1212 2230 1330 2273 snpra)
1480 2232 1517 2261 17

198 2313 234 2342 L.
258 2307 387 2340 Gellius
411 2303 479 2335 cO:
512 2297 671 2331 Lucullus
691 2294 746 2335 pb,
769 2289 916 2322 Lucillus
941 2286 1007 2317 rell.
1188 2288 1228 2308 22
1253 2277 1442 2306 senatorum
1469 2265 1520 2296 O:

199 2364 265 2384 -em
280 2358 303 2391 p
321 2349 388 2380 rell.
514 2353 555 2382 25
579 2342 700 2372 absens
720 2345 796 2367 reus
809 2333 853 2374 pb
870 2331 958 2371 vulg.
977 2341 984 2359 ι
1009 2336 1085 2358 reus
1102 2325 1171 2355 abs.
1193 2321 1264 2360 qu
1384 2314 1426 2344 26
1450 2308 1522 2340 fieri

199 2396 324 2427 nullum
344 2391 373 2423 O
