1600 2704
154 144 189 171 11
213 149 250 179 25
580 135 636 172 M.
667 135 836 172 TVLLI
867 133 1173 174 CICERONIS

210 247 279 284 Me
300 258 391 284 cum
422 245 523 293 dico,
548 246 633 283 leve
663 252 746 283 est:
776 251 996 283 senatorem
1027 243 1163 294 populi
1193 243 1366 282 Romani
1395 243 1426 281 si
1456 257 1538 282 non

207 309 429 356 invitarunt,
463 311 656 348 honorem
687 307 866 348 debitum
895 309 1145 347 detraxerunt
1174 320 1256 346 non
1285 307 1437 346 homini
1465 309 1536 348 sed

206 374 345 414 ordini.
406 376 510 414 Nam
540 374 615 424 ipsi
646 373 780 412 Tullio
808 373 968 423 patebat
995 374 1138 412 domus
1162 371 1471 422 locupletissima
1499 380 1538 412 et

207 439 450 490 amplissima
479 440 552 479 Cn.
586 438 752 489 Pompei
782 437 971 485 Basilisci,
1004 450 1095 488 quo,
1127 436 1279 476 etiamsi
1314 444 1416 476 esset
1444 437 1538 475 invi-

205 511 308 542 tatus
329 517 351 542 a
371 503 494 550 vobis,
518 511 651 542 tamen
679 502 936 550 devertisset3
966 509 1047 541 erat
1072 501 1190 541 etiam
1216 501 1534 548 Percenniorum,
1557 519 1574 550 5

205 568 273 618 qui
311 581 418 607 nunc
455 568 550 606 item
590 567 770 617 Pompeii
802 574 904 614 sunt,
945 568 1089 605 domus
1128 565 1416 613 honestissima,
1457 579 1537 617 quo

206 632 352 671 Lucius
400 634 516 670 frater
564 644 675 670 meus
723 644 879 669 summa
917 630 1071 670 illorum
1110 632 1312 670 voluntate
1357 631 1533 669 devertit.

206 696 371 735 Senator
410 696 547 747 populi
589 695 772 742 Romani,
815 696 924 745 quod
963 695 1004 733 in
1042 694 1154 733 vobis
1193 695 1276 742 fuit,
1327 695 1366 733 in
1405 704 1536 735 vestro

205 761 355 811 oppido
375 760 494 799 iacuit
515 767 553 799 et
573 759 817 810 pernoctavit
846 759 887 798 in
916 759 1089 810 publico.
1150 760 1270 797 Nulla
1298 760 1375 799 hoc
1400 760 1535 799 civitas

204 838 394 875 umquam
415 824 491 863 alia
512 824 724 870 commisit.
785 823 996 862 ‘Amicum
1027 823 1132 863 enim
1163 831 1340 862 nostrum
1369 824 1408 862 in
1439 824 1536 864 iudi·
1555 839 1596 863 10

204 889 308 927 cium
329 890 525 928 vocabas.'
582 890 646 927 Tu
670 888 767 939 quid
794 901 868 939 ego
897 888 1076 939 privatim
1107 888 1240 939 negoti
1269 901 1400 938 geram
1421 889 1535 928 inter—

143 959 182 990 26
203 955 407 1003 pretabere
445 953 722 992 imminuendo
761 954 912 992 honore
951 952 1181 992 senatorio?
1247 952 1396 992 Verum
1436 955 1534 993 haec

204 1027 287 1057 turn
313 1032 522 1068 queremur
552 1019 581 1057 si
613 1018 710 1069 quid
739 1019 790 1057 de
813 1017 926 1056 vobis
955 1031 1025 1068 per
1053 1031 1145 1056 eum
1175 1017 1355 1057 ordinem
1385 1027 1529 1068 agetur,

202 1083 269 1133 qui
297 1085 398 1122 ordo
424 1097 447 1121 a
475 1083 588 1122 vobis
618 1084 751 1122 adhuc
782 1083 875 1122 solis
902 1090 1154 1133 contemptus
1186 1090 1255 1122 est.
1316 1084 1364 1121 In
1396 1083 1532 1134 populi

201 1148 376 1186 Romani
398 1148 560 1198 quidem
582 1155 841 1198 conspectum
862 1161 944 1197 quo
964 1160 1031 1186 ore
1054 1160 1124 1186 vos
1146 1147 1428 1186 commisistis?
1456 1161 1531 1187 nec
1554 1165 1592 1196 15

200 1213 306 1264 prius
341 1213 447 1251 illam
478 1226 647 1260 crucem,
680 1225 782 1263 quae
817 1212 935 1251 etiam
970 1225 1077 1251 nunc
1114 1212 1208 1251 civis
1245 1212 1417 1252 Romani
1447 1226 1532 1252 san-

199 1278 318 1328 guine
338 1279 548 1326 redundat,
562 1290 664 1328 quae
684 1279 761 1316 fixa
780 1285 838 1316 est
858 1279 909 1317 ad
930 1285 1086 1328 portum
1110 1278 1329 1327 urbemque
1349 1286 1530 1325 vestram,

200 1342 403 1381 revellistis
432 1355 563 1392 neque
597 1342 637 1379 in
668 1343 909 1392 profundum
941 1341 1138 1380 abiecistis
1172 1343 1384 1391 locumque
1420 1341 1531 1380 illum

197 1419 361 1445 omnem
382 1407 576 1458 expiastis‚
601 1420 721 1457 quam
743 1408 916 1445 Romam
937 1413 1056 1456 atque
1077 1406 1117 1444 in
1134 1407 1275 1444 horum
1289 1414 1531 1445 conventum

199 1470 389 1510 adiretis?
447 1473 495 1510 In
531 1471 859 1510 Mamertinorum
891 1472 976 1509 solo
1009 1471 1211 1509 foederato
1241 1478 1361 1521 atque
1389 1478 1531 1521 pacato
1551 1489 1591 1512 20

200 1543 505 1575 monumentum
525 1536 636 1575 istius
660 1535 901 1575 crudelitatis
931 1534 1189 1574 constitutum
1210 1543 1279 1574 est.
1338 1537 1531 1576 Vestrane

200 1601 293 1639 urbs
313 1602 439 1640 electa
458 1609 517 1640 est
536 1602 587 1640 ad
608 1614 727 1652 quam
752 1614 843 1640 cum
872 1600 1025 1639 adirent
1051 1614 1098 1639 ex
1127 1600 1240 1639 Italia
1259 1602 1353 1639 cives
1373 1614 1529 1640 crucem

201 1665 294 1704 civis
348 1666 521 1705 Romani
568 1666 675 1717 prius
723 1679 841 1716 quarn
882 1678 1123 1716 quemquam
1172 1665 1344 1705 amicum
1392 1667 1530 1717 populi

203 1731 374 1769 Romani
414 1731 624 1769 viderent?
679 1743 797 1781 quam
837 1743 906 1768 vos
949 1730 1122 1780 Reginis,
1172 1743 1340 1780 quorum
1382 1730 1528 1770 civitati

200 1796 394 1842 invidetis,
411 1796 586 1846 itemque
606 1796 744 1835 incolis
760 1795 910 1844 vestris,
925 1795 1076 1834 civibus
1098 1795 1301 1842 Romanis,
1317 1798 1526 1836 ostendere
1547 1814 1562 1836 2
1569 1808 1600 1846 52·

199 1860 341 1907 soletis,
371 1873 452 1910 quo
481 1860 610 1898 minus
640 1860 714 1898 sibi
743 1861 934 1911 adrogent
963 1859 1173 1910 minusque
1199 1873 1269 1899 vos
1293 1860 1528 1911 despiciant,
1597 1851 1600 1926 ἐ

198 1939 288 1963 cum
309 1925 469 1964 videant
489 1925 548 1963 ius
569 1925 734 1964 civitatis
755 1926 822 1964 illo
843 1924 1037 1976 supplicio
1058 1938 1143 1964 esse
1163 1932 1388 1964 mactatum.

140 2031 153 2041 ἢ
252 1992 401 2029 Verum
435 1991 533 2029 haec
564 1990 706 2029 emisse
737 1998 776 2029 te
806 1989 916 2029 dicis.
977 1989 1118 2039 Quid?
1151 1989 1216 2028 illa
1245 1989 1415 2029 Attalica
1444 1998 1526 2030 tota

139 2042 172 2062 Ἀ
198 2054 329 2093 Sicilia
362 2054 565 2093 nominata
597 2055 648 2093 ab
687 2056 829 2094 eodem
869 2054 979 2093 Heio
1018 2051 1354 2106 [peripetasmata]
1396 2067 1525 2094 emere

196 2119 340 2157 oblitus
362 2121 432 2158 es?
470 2119 600 2158 Licuit
620 2120 761 2158 eodem
783 2119 905 2157 modo
926 2126 967 2156 ut
988 2118 1107 2168 signa.
1149 2117 1257 2167 Quid
1271 2117 1375 2156 enim
1391 2126 1523 2157 actum
1543 2106 1594 2165 30⁴

195 2185 282 2221 est?
310 2197 360 2222 an
380 2183 515 2223 litteris
542 2183 780 2234 pepercisti?
825 2185 974 2221 Verum
994 2182 1197 2221 hominem
1227 2190 1424 2221 amentem
1446 2184 1522 2222 hoc

136 1971 178 1998 12

238 2297 257 2326 3
282 2293 313 2318 et
331 2288 533 2328 amplissima
548 2290 632 2329 qu:
658 2299 721 2319 om.
739 2286 804 2318 Rs
820 2286 880 2325 (iii,
900 2288 915 2323 ξ
933 2285 992 2326 52)
1103 2296 1139 2316 11
1164 2286 1252 2325 quod
1279 2285 1370 2315 Bake
1479 2296 1520 2316 22

195 2340 267 2360 cum
285 2331 372 2361 codd.
400 2332 488 2371 (cum
509 2358 515 2364 .
534 2356 541 2363 .
561 2357 567 2363 .
585 2333 677 2363 cives
696 2331 842 2362 Romani
859 2328 903 2370 Z)
918 2342 923 2361 ς
948 2329 1003 2369 qui
1021 2328 1138 2360 Lamb.
1155 2340 1163 2359 τ
1187 2329 1385 2368 quicumque
1403 2328 1517 2360 Muell.

194 2374 284 2404 cives
310 2375 375 2414 ipse
402 2375 549 2414 supplevi
576 2375 638 2415 (Cl.
665 2374 742 2405 Rev.
771 2373 863 2412 xviii,
890 2373 970 2413 210)
1103 2381 1145 2411 29
1168 2372 1427 2411 peripetasmata
1453 2383 1517 2402 σπι.

1580 2325 1586 2397 j

194 2417 312 2447 Halm.
333 2417 423 2447 Nolzl
1579 2399 1585 2453 J

1576 2495 1581 2545 ξ’
