1600 2704
537 122 858 160 PRAEFATIO

30 245 94 281 pp.
130 231 220 269 xxiii
249 245 346 281 sqq.,
381 232 573 270 Classical
595 232 763 278 Review,
793 232 867 277 xvi,
900 244 974 277 401
1013 244 1112 280 sqq,
1124 232 1304 282 solo-nal
1328 233 1375 280 of

32 296 241 345 Philology,
272 310 356 344 xxx,
392 309 455 346 pp.
495 308 633 345 194-5‚
681 295 748 333 ubi
781 296 926 333 multos
959 294 1075 333 citavi
1109 296 1218 333 locos
1257 297 1363 334 unde

27 368 191 410 apparet
223 362 312 399 cod.
345 362 414 409 Lg.
452 374 500 408 42
531 360 670 410 raptim
698 373 721 397 a
746 361 868 398 docto
903 360 1077 409 quodam
1109 359 1191 397 viro
1225 360 1363 398 exscri-

29 432 141 474 ptum
169 438 265 473 esse,
289 425 357 475 qui
384 433 516 463 tamen
544 438 625 463 non
652 438 807 475 semper
833 425 942 474 quod
972 431 1052 462 erat
1082 424 1121 461 in
1151 425 1361 473 exemplari

29 489 183 528 videtur
204 489 440 528 intellexisse
459 497 527 527 aut
542 491 670 539 legere
689 488 875 539 potuisse.

84 555 175 592 Iure
196 553 310 603 igitur
328 553 499 603 primum
521 567 599 591 una
614 567 705 592 cum
728 552 982 593 Cluniacensi
1003 554 1135 591 locum
1157 566 1225 602 per
1241 552 1360 591 libros

28 617 122 655 ii—-iii
143 618 296 657 obtinet
316 618 380 657 hic
402 620 538 665 codex,
561 627 599 657 et
619 618 755 657 videor
781 618 878 656 mihi
904 617 1151 668 propositum
1176 617 1253 656 iam
1276 631 1362 667 pro-

28 682 142 721 basse
169 684 278 732 quod
305 697 371 721 sex
390 691 481 722 ante
497 683 610 721 annis
631 683 671 720 in
692 683 868 721 medium
890 682 1044 733 protuli,
1068 682 1248 721 codicem
1270 683 1361 721 Clu-

27 746 255 786 niacensem
295 749 468 786 eundem
498 761 583 786 esse
616 755 736 798 atque
767 747 1036 794 Nannianum,
1070 746 1358 794 Fabricianum,

29 812 316 859 Metellianum‚
338 812 476 852 addito
498 812 847 863 Lagomarsiniano
869 826 917 859 42
937 824 944 847 2
979 813 1059 851 C:
1070 813 1246 855 NFM÷
1261 813 1323 851 O.¹

82 876 308 915 Diiudicata
329 878 402 915 bac
422 877 499 924 lite,
519 879 727 916 formulam
749 885 971 927 repetamus
992 890 1070 926 qua
1090 878 1359 915 demonstrare

24 940 222 990 possimus
273 942 447 980 criticam
495 941 674 980 omnium
714 943 964 980 Verrinarum
1013 941 1217 988 rationem,
1254 942 1359 991 prius

25 1004 203 1051 divisam,
228 1007 304 1043 iam
330 1006 370 1043 in
391 1019 515 1044 unum
535 1019 678 1055 corpus
700 1006 955 1055 redigendam
986 1018 1082 1043 esse.
1144 1007 1236 1043 Hoc
1267 1005 1359 1043 satis

25 1070 203 1108 indicant
236 1083 305 1120 per
343 1070 516 1120 singulos
546 1070 665 1108 libros
700 1070 809 1119 signa
839 1071 961 1113 SD÷
979 1070 1115 1115 C÷R‚
1139 1071 1289 1108 collatis
1320 1072 1358 1108 in

25 1148 163 1174 omnes
195 1135 417 1174 orationum
457 1144 585 1186 partes
621 1137 798 1174 Parisino
836 1139 937 1184 7776
971 1134 1031 1187 (p)
1070 1143 1108 1173 et
1138 1135 1204 1173 ubi
1236 1143 1358 1174 exstat

23 1198 277 1250 palimpsesto
298 1200 492 1239 Vaticano
512 1201 599 1251 (V).

79 1265 130 1302 Et
146 1264 315 1313 primum
330 1264 503 1314 singulos
520 1278 794 1304 recenseamus
816 1265 975 1303 codices
989 1266 1054 1315 qui
1073 1266 1170 1303 duas
1192 1266 1357 1303 familias

23 1338 272 1379 componunt
293 1330 336 1366 X
362 1338 400 1369 et
432 1332 471 1368 Y.

77 1394 270 1433 Omnium
303 1403 499 1445 quotquot
530 1405 619 1433 sunt
655 1395 693 1432 in
726 1394 873 1433 familia
896 1395 940 1432 X
967 1394 1151 1433 codicum
1174 1395 1270 1433 illud
1298 1404 1356 1433 cst

21 1471 238 1498 commune
272 1460 381 1509 quod
412 1459 525 1498 certis
556 1459 595 1497 in
626 1459 722 1498 locis
752 1459 862 1497 hiant
884 1459 1067 1506 universi,
1088 1467 1126 1498 et
1147 1459 1357 1509 praecipue

23 1523 62 1561 in
94 1523 195 1562 libro
227 1524 367 1573 quinto
395 1538 578 1574 magnam
606 1525 794 1563 exhibent
821 1526 1004 1563 lacunam
1031 1524 1130 1562 inter
1155 1525 1192 1573 ἕξ
1214 1527 1284 1562 162
1318 1533 1355 1562 et

28 1600 112 1636 171.
172 1588 321 1626 Primas
353 1588 392 1626 in
421 1590 494 1627 hac
526 1589 673 1627 familia
702 1597 831 1639 partes
865 1588 954 1639 agit,
984 1597 1025 1627 ut
1057 1602 1172 1639 supra
1204 1588 1355 1627 dictum

21 1661 92 1701 est,
118 1653 266 1703 Regius
297 1653 361 1692 ille
382 1654 581 1693 Parisinus
615 1667 716 1703 7774
734 1657 770 1692 A
792 1654 875 1705 (R),
899 1668 1018 1704 quern
1043 1654 1354 1704 photographice

20 1717 224 1767 depictum
248 1720 355 1768 apud
377 1719 583 1758 Chatelain
615 1719 806 1768 inspicere
834 1719 924 1757 licet
954 1719 1028 1769 (Pl.
1057 1719 1170 1769 xxxi).
1233 1720 1356 1756 Hunc

23 1796 97 1832 ego
131 1783 310 1822 codicem
338 1783 451 1823 initio
475 1784 660 1822 omnibus
689 1784 864 1834 partibus
894 1785 1110 1834 perfectum
1140 1783 1260 1822 fuisse
1292 1786 1357 1823 de-

24 1848 261 1886 monstravi:
291 1848 414 1887 immo
439 1848 479 1886 in
509 1863 599 1887 eum
633 1850 825 1899 quadrare
852 1849 1035 1887 videntur
1065 1849 1183 1887 verba
1211 1848 1355 1898 quibus

23 1925 183 1951 causam
209 1913 417 1952 adumbrat
452 1914 658 1963 Zumptius
691 1927 810 1964 quare
840 1914 927 1952 libri
955 1914 979 1951 ii
1007 1922 1045 1952 et
1075 1913 1113 1951 iii
1146 1913 1353 1963 separatim

26 2075 224 2106 Leonardus
240 2076 405 2107 Aretinus
422 2088 429 2106 ε
459 2075 526 2107 Hic
548 2077 626 2107 liber
642 2088 718 2107 cnm
739 2078 829 2108 initio
853 2082 929 2108 recte
950 2078 1090 2117 scriptus
1102 2078 1224 2117 fm'sset
1238 2081 1352 2117 postea

24 2124 199 2159 corruptus
213 2123 261 2150 est
275 2120 315 2150 ab
331 2120 463 2151 homine
478 2121 546 2162 qui,
565 2131 641 2150 cum
658 2120 747 2151 vellet
764 2131 840 2151 eum
856 2121 1019 2161 configere,
1040 2121 1191 2161 corrupit.
1241 2120 1354 2160 Quare

20 2163 166 2202 priorem
183 2163 326 2193 litteram
342 2167 474 2204 accepta,
494 2164 696 2194 correctioncs
713 2165 796 2196 reice.

68 2206 78 2223 ¹
104 2206 227 2237 Restat
244 2212 355 2237 tamen
372 2207 507 2245 quidam
523 2206 703 2246 scrupulus
718 2212 820 2247 atque
838 2207 1002 2238 dubitatio
1023 2217 1107 2246 quae
1125 2212 1215 2237 vetat
1232 2217 1353 2238 omnes

25 2249 58 2279 in
89 2248 120 2280 O
148 2259 231 2288 quas
257 2255 381 2281 vocant
410 2251 588 2281 verborum
621 2251 907 2290 transpositiones
940 2256 975 2281 ut
1007 2261 1026 2282 e
1058 2251 1244 2290 deperditis
1275 2252 1350 2281 cod.

24 2292 262 2324 Cluniacensis
284 2294 435 2333 partibus
456 2299 615 2324 accurate
640 2295 860 2334 transcriptas
882 2294 916 2324 in
937 2299 1068 2325 textum
1090 2294 1250 2333 recipere.
1301 2294 1352 2324 De

23 2336 86 2366 hac
100 2346 135 2366 re
149 2346 246 2376 agam
260 2337 373 2376 paullo
386 2337 492 2368 infra:
510 2337 550 2369 cf.
566 2337 742 2368 American
751 2337 905 2376 Journal
917 2337 1138 2378 osPlu'lologv,
1152 2337 1218 2368 vol.
1234 2336 1349 2373 xxviii,

24 2389 81 2418 pp.
103 2380 218 2419 136—7.

669 2449 704 2472 lx
