1600 2704
88 117 357 159 ACTIONIS
389 122 450 160 IN
480 123 524 163 C.
548 125 791 166 VERREM
821 129 1123 174 SECVNDAE
1154 137 1258 176 LIB.
1284 140 1325 177 II
1399 150 1423 189 7
1446 158 1484 180 20
1526 125 1589 158 Μ

87 228 218 267 mariis
253 230 418 271 testibus
447 235 744 287 multorumque
779 239 923 279 tabulis
959 243 1071 282 vobis
1105 246 1232 295 priore
1265 250 1422 290 actione

85 292 178 332 satis
204 295 351 335 factum
372 305 442 346 est,
465 301 536 338 HS
557 301 717 341 deciens
743 314 946 344 numerata
967 320 1053 347 esse
1074 318 1115 348 ut
1137 324 1223 349 eam
1246 326 1417 362 causam,

83 358 123 396 in
153 372 230 410 qua
263 374 314 400 ne
348 363 576 404 tenuissima
615 367 777 418 quidem
817 371 1013 412 dubitatio
1045 385 1179 425 posset
1211 392 1307 426 esse,
1344 382 1419 420 isto

81 434 347 473 cognoscente
394 428 613 478 obtineret3
660 441 859 483 praeterea
906 450 1041 488 greges
1083 441 1416 485 nobilissimarum

42 500 60 532 5
80 501 271 539 equarum
304 492 477 541 abactos,
510 497 659 546 argenti
694 499 892 550 vestisque
927 506 1119 554 stragulae
1158 508 1267 547 domi
1307 513 1416 561 quod

79 553 193 592 fuerit
231 568 317 595 esse
351 557 573 609 direptum3
612 561 665 600 ita
701 564 772 602 HS
808 566 968 606 deciens
1001 570 1050 618 Q.
1084 571 1270 621 Dionem,
1304 578 1414 626 quod

78 618 274 658 hereditas
302 620 337 659 ei
366 622 546 671 venisset,
579 627 727 666 nullam
756 629 872 668 aliam
904 632 957 671 ob
988 646 1148 674 causam
1179 639 1409 687 perdidisse.

77 682 217 730 Quid?
254 685 352 723 haee
383 687 579 728 hereditas
611 703 692 741 quo
718 702 897 743 praetore
932 697 1075 737 Dionis
1106 701 1187 741 filio
1222 708 1413 745 venerat?
1437 720 1471 742 21

75 746 231 785 Eodem
263 761 344 798 quo
374 751 541 800 Anniae,
575 756 616 793 P.
649 757 756 795 Anni
787 761 976 800 senatoris
1007 763 1120 812 filiae,
1155 769 1297 807 eodem
1330 783 1410 820 quo

17 823 54 845 10
74 811 130 849 M.
167 812 299 863 Liguri
334 817 518 865 senatori,
554 819 600 859 C.
633 822 847 863 Sacerdote
881 834 1071 875 praetore.
1143 832 1282 880 Quid?
1324 842 1408 874 tum

71 887 190 914 nemo
232 880 421 919 molestus
468 883 591 921 Dioni
630 886 786 926 fuerat?
854 891 947 929 Non
987 894 1074 942 plus
1114 908 1233 945 quam
1274 899 1408 950 Liguri

69 939 283 982 Sacerdote
311 953 501 994 praetore.
561 949 701 997 Quid?
736 960 818 992 tum
843 956 894 994 ad
924 958 1087 997 Verrem
1118 961 1206 1010 quis
1236 964 1407 1005 detulit?

69 1005 201 1044 Nemo
217 1021 228 1054 3
256 1007 331 1047 nisi
359 1011 458 1050 forte
492 1012 721 1054 existimatis
756 1019 790 1056 ei
823 1021 1149 1072 quadruplatores
1179 1028 1230 1065 ad
1261 1029 1401 1069 fretum

65 1079 222 1119 praesto
244 1073 373 1112 fuisse.
432 1077 498 1116 Ad
519 1077 657 1117 urbem
678 1093 770 1119 cum
792 1092 903 1130 esset,
927 1086 1077 1126 audivit
1100 1089 1221 1129 Dioni
1243 1093 1400 1133 cuidam
1423 1097 1447 1134 8

8 1147 43 1180 15
64 1133 198 1174 Siculo
232 1150 487 1189 permagnam
523 1143 676 1183 venisse
709 1146 995 1198 hereditatem3
1030 1153 1217 1194 heredem
1253 1166 1400 1200 statuas

62 1197 211 1238 iussum
229 1214 314 1241 esse
334 1202 374 1241 in
396 1205 480 1244 foro
500 1218 672 1256 ponere;
703 1210 776 1249 nisi
806 1214 1012 1263 p·›suisset‚
1037 1219 1182 1259 Veneri
1206 1223 1399 1272 Erycinae

60 1274 146 1302 esse
185 1267 405 1306 multatum.
479 1271 656 1311 Tametsi
697 1276 848 1325 positae
888 1289 1019 1319 essent
1059 1296 1106 1321 ex
1145 1293 1395 1338 testamento,

14 1315 18 1318 ⁴
58 1336 191 1369 tamen
230 1333 408 1383 putabat,
451 1338 641 1387 quoniam
681 1342 847 1382 Veneris
886 1358 1034 1386 nomen
1078 1359 1192 1398 esset,
1233 1367 1393 1394 causam

56 1395 278 1437 calumniae
299 1411 340 1438 se
361 1409 617 1451 reperturum.
678 1407 820 1458 Itaque
843 1411 1009 1461 adponit
1030 1414 1097 1463 qui
1118 1424 1225 1466 petat
1246 1420 1392 1460 Veneri
1415 1435 1452 1458 22

0 1470 37 1494 20
57 1459 250 1509 Erycinae
277 1462 382 1503 illam
412 1467 682 1509 hereditatem.
744 1474 837 1513 Non
867 1476 974 1515 enim
999 1488 1184 1529 quaestor
1210 1484 1318 1533 petit,
1349 1494 1391 1525 ut

54 1532 112 1562 est
144 1531 403 1577 consuetudo,
438 1531 469 1571 is
505 1534 573 1584 qui
607 1537 776 1586 Erycum
810 1549 987 1581 montem
1023 1544 1253 1587 obtinebat:
1293 1551 1390 1600 petit

52 1589 226 1631 Naevius
269 1595 420 1646 Turpio
461 1598 636 1649 quidam,
687 1602 797 1642 istius
845 1619 1028 1647 excursor
1070 1618 1109 1649 et
1152 1613 1386 1664 emissarius,

50 1654 173 1695 homo
194 1658 372 1699 omnium
395 1674 441 1700 ex
461 1662 528 1702 illo
549 1676 746 1706 conventu
769 1671 1120 1722 quadruplatorum
1142 1678 1385 1730 deterrimus,

51 1719 95 1758 C.
137 1722 351 1764 Sacerdote
389 1736 568 1776 praetore
612 1734 903 1775 condemnatus
943 1737 1196 1790 iniuriarum,-
1238 1747 1385 1786 etenim

0 1800 29 1833 25
50 1792 131 1823 erat
173 1787 255 1826 eius
304 1792 413 1830 modi
456 1806 574 1833 causa
621 1804 663 1835 ut
706 1798 789 1849 ipse
836 1810 1002 1851 praetor,
1047 1818 1138 1844 cum
1182 1821 1386 1858 quaereret

48 1850 384 1902 calumniatorem,
415 1860 534 1908 paulo
561 1868 694 1901 tamen
724 1865 1074 1909 consideratiorem
1106 1874 1272 1922 reperire
1302 1889 1382 1916 non

87 1967 107 1987 2
132 1955 253 1991 H-SD
279 1962 327 1994 C:
361 1964 424 1997 HS
451 1967 566 2000 decies
594 1969 658 2002 0¹:
691 1974 854 2007 undecies
877 1982 902 2016 p
920 1977 985 2008 rell.
1088 1987 1263 2013 numerata
1293 1983 1322 2014 C
1342 1986 1377 2020 (i.

45 2003 60 2037 ξ
81 2010 164 2032 100:
188 2002 221 2034 ii.
242 2007 279 2043 §§
297 2016 348 2045 50.
372 2010 447 2049 142)
465 2020 472 2040 :
497 2019 707 2046 numeratum
721 2017 836 2056 pAsc.
855 2031 862 2050 :
887 2025 969 2050 -tam
989 2020 1031 2050 0¹
1136 2033 1156 2062 3
1181 2026 1288 2063 possit
1307 2028 1380 2059 601

41 2054 60 2080 4
84 2045 370 2081 nobilissimarum
399 2062 560 2092 equarum
587 2057 644 2087 Cb
669 2059 729 2099 (iii,
760 2062 875 2102 §28):
908 2073 1016 2094 -orum
1049 2075 1211 2105 equorum
1238 2068 1280 2098 0¹
1305 2071 1375 2104 edd.

39 2087 61 2116 6
85 2088 262 2128 dereptum
276 2093 331 2133 Cp
342 2094 385 2126 al.
477 2097 616 2130 deciens
629 2099 675 2131 C:
703 2104 905 2146 undeciesp
923 2107 987 2138 rell.
1080 2119 1097 2147 7
1122 2111 1269 2143 venisset
1283 2114 1354 2145 ίὈ1
1371 2127 1378 2146 :

39 2130 233 2165 obvenisset
251 2136 314 2168 rell.
447 2150 469 2180 9
491 2142 614 2174 anniae
631 2154 663 2184 p.
684 2147 764 2177 anni
788 2151 955 2181 senatoris
974 2151 1063 2183 filiae
1081 2151 1110 2183 C
1122 2165 1129 2184 :
1152 2155 1188 2184 in
1206 2156 1271 2188 rell.
1289 2160 1379 2190 varie

38 2177 86 2204 est
111 2177 283 2210 turbatum
419 2193 459 2214 10
482 2191 639 2224 praetore
666 2188 744 2221 CO:
781 2201 846 2223 om.
877 2194 920 2223 vrk
1055 2206 1093 2226 12
1118 2197 1209 2236 Quid
1232 2204 1302 2231 tum
1329 2202 1376 2233 C:

38 2216 126 2256 Quid
145 2220 208 2252 rell.
284 2222 420 2256 Habent
434 2227 590 2259 lactatam
607 2241 647 2265 ex
661 2232 910 2267 homoeoteleuto
930 2237 979 2269 Ob
1071 2250 1109 2280 15
1133 2242 1295 2274 heredem
1316 2245 1375 2276 CO

37 2260 56 2290 b
71 2261 114 2292 al.
135 2273 142 2292 :
167 2274 232 2295 om.
253 2268 294 2297 uk
468 2272 506 2301 18
530 2278 643 2305 tamen
662 2277 799 2314 putabat
819 2280 902 2312 CO:
928 2287 997 2321 put.
1018 2289 1129 2315 tamen
1148 2286 1211 2317 rell.
1231 2297 1310 2319 corr.
1331 2288 1374 2320 O1

38 2312 78 2377 29
99 2306 291 2365 lcalumniae
311 2311 382 2342 COl
402 2324 408 2343 ε
432 2318 599 2353 pecuniae
617 2318 680 2349 nkb
697 2320 839 2362 (etsalso
858 2324 947 2366 ⁴N⁷)
1082 2338 1122 2366 24
1147 2340 1166 2360 a
1185 2329 1372 2364 Sacerdote

67 2348 97 2378 O
128 2351 187 2390 (iii,
209 2356 222 2390 ξ
242 2356 301 2393 90)
