1600 2704
46 81 316 121 ACTIONIS
339 83 400 120 IN
421 83 468 122 C.
488 82 731 120 VERREM
753 82 1053 121 SECVNDAE
1074 83 1178 120 LIB.
1203 83 1269 121 III
1321 90 1373 130 47
1397 99 1458 129 113

46 199 129 230 sata
149 198 280 230 essent
299 191 340 230 in
365 205 459 242 agro
485 191 693 231 Leontino.
754 191 909 240 Quodsi
936 190 1019 230 fieri
1048 204 1129 230 non
1156 200 1308 242 poterat
1331 200 1373 230 ut

45 258 132 308 plus
167 269 287 306 quam
325 268 354 295 x
392 256 594 296 medimna
631 270 678 295 ex
716 255 850 305 iugero
884 263 1096 302 exararent,
1125 256 1371 295 medimnum

45 327 170 358 autem
210 335 257 359 ex
287 321 422 371 iugero
455 322 679 360 decumano
709 320 793 361 dari
825 321 1044 370 oportebat,
1077 334 1168 359 cum
1200 334 1300 370 ager,
1335 321 1375 360 id

45 387 154 436 quod
188 400 344 437 perraro
382 386 521 434 evenit,
569 400 659 425 cum
698 387 869 426 decumo
908 385 1120 432 extulisset,
1156 399 1257 436 quae
1295 394 1376 425 erat

6 463 24 496 5
45 450 143 489 ratio
163 450 404 498 decumanis,
427 450 624 501 siquidem
652 452 844 491 decumae
869 463 915 489 ac
942 463 1024 489 non
1054 450 1160 489 bona
1189 450 1376 489 venibant

43 522 252 562 aratorum,
271 523 313 554 ut
333 516 510 566 pluribus
531 515 736 566 aliquanto
757 514 969 555 medimnis
992 516 1180 554 decumas
1201 524 1376 554 emerent

43 591 163 629 quam
185 579 316 630 iugera
336 588 445 619 erant
465 582 577 620 sata?
634 581 683 619 In
708 580 907 620 Leontino
937 580 1113 630 iugerum
1141 580 1377 631 subscriptio

43 657 89 682 ac
109 644 300 694 professio
321 658 401 684 non
422 653 480 684 est
510 647 597 696 plus
617 646 708 684 335<
724 661 734 693 3
764 647 956 685 decumae
977 657 1109 684 xxxvl
1128 645 1375 684 medimnum

44 709 258 748 venierunt.
320 710 471 749 Erravit
499 724 550 749 an
580 710 710 761 potius
745 710 929 750 insanivit
958 710 1187 761 Apronius?
1244 711 1376 749 Immo
1392 713 1450 759 48

5 789 25 811 0
44 781 128 812 tum
153 773 372 822 insanisset,
396 775 427 814 si
448 775 666 814 aratoribus
688 775 728 815 id
749 776 858 826 quod
878 775 1069 815 deberent
1089 775 1239 814 licitum
1261 782 1374 822 esset,

43 846 82 878 et
102 851 183 878 non
204 841 313 890 quod
329 840 529 891 Apronius
551 840 779 891 imperasset
797 854 959 880 necesse
979 840 1113 879 fuisset
1134 841 1237 879 dare.

97 904 138 943 Si
158 905 366 944 ostendam
389 905 519 944 minus
540 905 662 944 tribus
685 905 895 944 medimnis
918 905 957 943 in
978 905 1154 955 iugerum
1176 905 1377 944 neminem

43 969 201 1008 dedisse
223 971 426 1018 decumae,
451 972 662 1019 concedes,
681 970 833 1020 opinor,
856 978 909 1016 ut,
925 983 1016 1008 cum
1037 971 1211 1009 decumo
1231 971 1376 1009 fructus

41 1034 227 1073 arationis
267 1043 475 1085 perceptus
513 1035 573 1081 sit,
615 1035 814 1074 neminem
859 1034 989 1072 minus
1028 1034 1151 1072 tribus
1198 1034 1376 1073 decumis

3 1112 20 1145 5
42 1099 210 1138 dedisse.
270 1101 403 1150 Atque
430 1101 506 1138 hoc
528 1099 568 1138 in
588 1100 756 1139 benefici
782 1101 871 1139 loco
900 1099 1065 1150 petitum
1094 1106 1151 1137 est
1174 1099 1225 1137 ab
1255 1101 1380 1150 Apro-

41 1163 120 1212 nio,
144 1172 186 1202 ut
216 1164 256 1202 in
280 1164 412 1215 iugera
443 1164 596 1215 singula
626 1164 745 1204 ternis
776 1164 987 1203 medimnis
1017 1163 1200 1203 decidere
1231 1163 1377 1203 liceret.

41 1226 147 1267 Nam
169 1242 260 1267 cum
281 1242 304 1267 a
326 1229 458 1268 multis
480 1237 681 1280 quaterna,
698 1229 816 1269 etiam
838 1228 958 1279 quina
974 1229 1227 1279 exigerentur,
1245 1229 1378 1267 multis

41 1301 173 1332 autem
205 1306 285 1333 non
317 1296 438 1333 modo
466 1307 631 1345 granum
661 1295 826 1341 nullum,
870 1295 940 1333 sed
969 1307 1019 1332 ne
1049 1295 1184 1344 paleae
1215 1294 1376 1343 quidem

43 1371 89 1397 ex
109 1358 217 1397 omni
245 1360 372 1398 fructu
399 1368 518 1410 atque
548 1374 595 1399 ex
624 1373 758 1398 annuo
785 1359 918 1398 labore
943 1358 1264 1408 relinquerentur,
1295 1367 1377 1397 tum

5 1438 26 1462 0
43 1431 213 1463 aratores
227 1424 486 1475 Centuripini,
506 1424 573 1475 qui
595 1438 782 1463 numerus
804 1424 842 1462 in
863 1437 956 1474 agro
973 1423 1171 1462 Leontino
1185 1423 1377 1462 maximus

43 1496 114 1537 est,
135 1502 259 1527 unum
280 1488 320 1527 in
342 1490 474 1528 locum
496 1497 777 1536 convenerunt,
802 1488 1006 1527 hominem
1037 1502 1130 1527 suae
1150 1488 1316 1527 civitatis
1338 1488 1376 1526 in

41 1553 175 1605 primis
196 1555 408 1593 honestum
423 1567 469 1593 ac
489 1554 676 1601 nobilem,
695 1555 928 1593 Andronem
945 1553 1261 1604 Centuripinum,
1279 1555 1378 1603 lega-

42 1627 131 1658 runt
160 1620 212 1658 ad
242 1619 476 1670 Apronium,
507 1619 697 1670 (eundem
731 1632 850 1669 quem
885 1620 961 1658 hoc
997 1626 1174 1669 tempore
1205 1619 1256 1657 ad
1300 1619 1376 1657 hoc

42 1684 233 1724 iudicium
260 1686 432 1735 legatum
459 1692 497 1724 et
518 1692 659 1724 testem
681 1684 939 1735 Centuripina
960 1684 1094 1723 civitas
1117 1683 1249 1733 misit),
1273 1692 1315 1722 ut
1346 1684 1375 1721 is

0 1763 25 1799 =5
43 1751 149 1801 apud
170 1763 261 1789 eum
289 1762 448 1788 causam
469 1756 665 1788 aratorum
686 1756 827 1799 ageret,
857 1749 908 1787 ab
929 1762 1057 1799 eoque
1084 1756 1233 1799 peteret
1257 1756 1299 1786 ut
1325 1749 1376 1786 ab

42 1814 259 1853 aratoribus
280 1813 549 1864 Centuripinis
573 1827 623 1852 ne
652 1814 820 1864 amplius
850 1813 890 1852 in
920 1813 1051 1864 iugera
1078 1813 1230 1864 singula
1256 1826 1375 1863 quam

43 1886 152 1919 terna
182 1879 384 1919 medimna
413 1879 592 1930 exigeret.
653 1881 747 1918 Hoc
776 1879 839 1917 vix
867 1880 918 1918 ab
940 1879 1119 1930 Apronio
1149 1879 1189 1917 in
1219 1891 1376 1917 summo

43 1944 240 1984 beneficio
259 1957 330 1995 pro
350 1944 396 1982 iis
417 1944 484 1994 qui
506 1943 724 1983 etiamtum
746 1943 964 1983 incolumes
986 1951 1095 1982 erant
1124 1943 1375 1993 impetratum

43 2017 111 2050 est.
173 2011 221 2048 Id
251 2022 342 2048 cum
372 2008 663 2059 impetrabatur,
699 2009 777 2047 hoc
806 2007 989 2047 videlicet
1019 2007 1311 2059 impetrabatur,
1334 2015 1375 2045 ut

91 2121 104 2141 1
132 2116 246 2142 essent
272 2110 326 2141 0:
361 2115 458 2141 erant
477 2115 502 2151 p
526 2110 592 2142 rell.
749 2120 768 2141 2
794 2115 975 2141 exararent
998 2110 1069 2142 cO:
1104 2115 1241 2142 ararent
1260 2116 1285 2151 p
1309 2110 1374 2142 rell.

45 2164 64 2194 3
88 2160 201 2186 autem
228 2153 335 2195 suppl,
362 2153 429 2185 edd.
567 2153 745 2194 oportebat
766 2153 822 2185 0:
862 2155 986 2194 poterit
1005 2159 1031 2194 p
1058 2154 1122 2185 rell.
1152 2154 1201 2191 (ii,
1226 2154 1247 2190 i,
1274 2157 1289 2191 ξ
1318 2156 1373 2193 755

45 2208 66 2238 9
89 2203 143 2228 aut
161 2198 271 2238 potius
290 2197 321 2228 O
413 2207 452 2228 10
477 2197 510 2227 id
531 2197 583 2228 O:
608 2208 674 2228 om.
691 2202 716 2236 p
734 2197 798 2229 rell.
894 2207 932 2228 12
958 2199 1133 2229 ostendam
1153 2198 1205 2228 0:
1230 2199 1375 2229 ostendo

39 2246 65 2281 p
82 2241 145 2273 rell.
281 2251 319 2280 13
344 2242 486 2272 decumo
503 2240 550 2271 cO
567 2251 573 2270 :
600 2242 786 2272 decumano
799 2245 823 2280 p
841 2241 906 2272 rell.
1051 2251 1090 2281 15
1115 2241 1218 2281 Atqui
1237 2240 1364 2272 Hotom

47 2285 85 2315 18
109 2283 236 2315 nullum
253 2284 301 2315 cO
317 2296 324 2315 :
349 2284 451 2315 ullum
464 2289 489 2325 p
506 2283 571 2315 rell.
695 2285 737 2315 28
762 2284 814 2315 his
834 2284 888 2315 Οπ

1401 920 1461 951 114

1400 1891 1463 1922 115
