1600 2704
124 117 394 160 ACTIONIS
425 122 487 161 IN
518 124 564 163 C.
586 126 829 167 VERREM
862 131 1162 174 SECVNDAE
1193 138 1297 176 LIB.
1323 141 1341 178 I
1406 114 1584 192 5414‘53

121 238 238 279 negat
261 243 351 270 eurn
373 233 446 272 sibi
467 233 533 274 illa
561 237 765 279 decisione
795 241 888 281 satis
917 244 1045 284 facere
1072 259 1189 296 posse
1203 264 1213 297 3
1242 264 1292 290 ne
1319 256 1456 302 multa,

119 294 338 335 locaturum
360 311 401 337 se
421 311 506 339 esse
526 303 742 342 confirmat.
803 307 972 347 Tutores
993 311 1092 350 haec
1112 314 1293 354 nesciunt
1310 332 1318 363 ;
1346 321 1454 367 quod
1479 334 1534 366 14¹

116 365 249 397 actum
289 369 370 401 erat
408 376 497 402 curn
541 366 746 416 Habonio,
787 379 928 421 putant
963 373 1004 413 id
1044 388 1129 415 esse
1164 379 1455 432 certissimum,

115 424 264 462 nullam
298 426 485 466 maiorem
515 430 667 481 pupillo
697 442 879 474 metuunt
912 440 1188 480 calamitatem.
1250 445 1331 484 Iste
1361 460 1452 488 vero

75 499 93 529 5
113 498 194 525 non
215 491 472 538 procrastinat
486 508 495 541 3
523 496 652 535 locare
673 496 810 549 incipit
830 514 910 539 non
932 505 1149 556 proscripta
1170 521 1300 558 neque
1321 511 1450 551 edicta

111 550 186 599 die,
216 553 457 596 alienissimo
480 567 668 611 tempore,
696 564 799 603 ludis
827 565 920 616 ipsis
950 570 1154 618 Romanis,
1182 574 1267 612 foro
1295 585 1444 616 ornato.

111 615 252 666 Itaque
295 622 492 661 renuntiat
538 626 752 666 Habonius
793 629 898 669 illam
944 634 1188 675 decisionem
1238 640 1444 681 tutoribus.

108 681 332 722 Accurrunt
353 693 484 726 tamen
513 691 563 728 ad
590 698 747 742 tempus
775 703 948 745 tutores,
979 698 1144 749 digitum
1176 703 1277 741 tollit
1307 705 1445 746 Iunius

106 752 292 796 patruus,-
323 749 385 789 isti
406 754 515 791 color
535 754 765 796 immutatus
787 768 856 807 est,
879 763 1019 810 vultus,
1045 765 1178 813 oratio,
1203 780 1316 807 mens
1337 771 1444 810 deni—

50 823 88 846 ιο
106 822 184 860 que
209 812 362 853 excidit.
424 817 533 866 Quid
561 831 691 871 ageret
717 825 847 874 coepit
876 827 1047 877 cogitare
1062 844 1071 877 s:
1101 830 1131 868 si
1162 844 1262 882 opus
1290 835 1442 885 pupillo

104 874 374 928 redimeretur,
408 881 438 920 si
474 896 533 922 res
565 885 689 925 abiret
723 889 775 927 ab
805 903 854 928 eo
889 893 1071 944 mancipe
1104 908 1221 945 quem
1256 898 1340 949 ipse
1374 903 1440 941 ad-

101 940 311 990 posuisset,
350 945 423 984 sibi
453 949 601 987 nullam
632 954 819 1001 praedam
850 968 946 995 esse.
1008 959 1148 1010 Itaque
1180 964 1439 1013 excogitat—

99 1003 227 1053 quid?
284 1008 393 1048 Nihil
424 1010 636 1062 ingeniose,
669 1016 765 1055 nihil
801 1028 841 1057 ut
882 1021 1091 1071 quisquam
1126 1035 1259 1074 posset
1293 1028 1434 1077 dicere,

101 1070 110 1087 ‘
124 1069 324 1120 Improbe,
348 1088 482 1114 verum
504 1079 660 1119 callide'
677 1096 687 1129 νε
712 1082 807 1120 nihil
829 1085 880 1122 ab
901 1085 976 1125 isto
997 1090 1161 1137 vafrum,
1178 1090 1273 1130 nihil
1293 1102 1436 1134 vetera-

39 1149 76 1182 15
97 1134 241 1174 torium
291 1142 631 1191 exspectaveritis,
679 1147 812 1185 omnia
856 1160 1000 1200 aperta,
1046 1154 1180 1194 omnia
1228 1159 1435 1209 perspicua

95 1199 348 1250 reperientur,
389 1203 646 1255 impudentia,
697 1212 880 1259 amentia,
927 1217 1102 1256 audacia.
1181 1220 1241 1259 ‘Si
1281 1224 1433 1273 pupillo
1458 1245 1515 1276 ¹42

94 1274 194 1313 opus
228 1267 444 1317 redimitur,
474 1271 569 1310 mihi
605 1277 751 1324 praeda
783 1279 834 1316 de
864 1280 1046 1320 manibus
1077 1283 1246 1334 eripitur.
1309 1289 1431 1337 Quod

92 1335 151 1367 est
185 1329 300 1381 igitur
333 1335 583 1375 remedium?
612 1341 751 1388 quod?
790 1342 852 1381 Ne
885 1343 999 1383 liceat
1030 1347 1181 1397 pupillo
1213 1351 1430 1393 redimere.'

91 1393 171 1433 Vbi
192 1395 258 1435 illa
277 1402 528 1441 consuetudo
547 1402 587 1441 in
609 1404 724 1444 bonis
750 1409 961 1457 praedibus
982 1413 1232 1464 praediisque
1254 1419 1429 1458 vendun-

32 1475 73 1498 20
91 1458 152 1498 dis
186 1462 365 1502 omniurn
394 1469 614 1516 consulum,
644 1483 865 1520 censorum,
903 1485 1139 1526 praetorum,
1172 1491 1425 1530 quaestorum

89 1524 273 1576 denique,
311 1537 353 1568 ut
388 1531 537 1581 optima
571 1535 808 1576 condicione
844 1539 892 1577 sit
929 1540 960 1578 is
991 1542 1078 1580 cuia
1109 1557 1168 1582 res
1199 1545 1257 1592 sit,
1291 1548 1422 1588 cuium

86 1590 338 1639 periculum?
396 1597 580 1637 Excludit
621 1613 711 1639 eum
748 1604 875 1641 solum
916 1605 978 1643 cui
1019 1620 1141 1658 prope
1181 1610 1311 1650 dicam
1351 1615 1422 1653 soli

84 1662 322 1703 potestatem
354 1660 497 1699 factam
533 1666 752 1713 oportebat.
816 1669 924 1717 Quid
956 1671 1093 1711 enim?
1131 1674 1340 1727 quisquam
1371 1682 1421 1720 ad

85 1731 213 1758 meam
254 1724 462 1772 pecuniam
503 1740 566 1766 me
606 1728 729 1769 invito
767 1733 950 1784 adspirat,
989 1736 1196 1788 quisquam
1237 1744 1422 1783 accedit?

23 1797 63 1830 25
85 1783 256 1824 Locatur
283 1800 382 1838 opus
413 1789 453 1829 id
484 1794 593 1842 quod
617 1807 663 1833 ex
694 1809 781 1835 mea
806 1800 974 1848 pecunia
1002 1803 1197 1842 reficiatur
1211 1820 1221 1853 ,·
1251 1819 1323 1857 ego
1355 1822 1418 1849 me

80 1851 317 1890 refecturum
338 1853 430 1893 dico
445 1869 455 1903 ,·
483 1857 665 1906 probatio
686 1861 813 1900 futura
836 1872 893 1902 est
916 1874 992 1913 tua,
1017 1867 1083 1916 qui
1106 1869 1212 1908 locas
1230 1885 1240 1918 ,-
1267 1874 1417 1921 praedi-

78 1914 152 1953 bus
191 1923 229 1955 et
272 1919 441 1967 praediis
484 1925 634 1973 populo
672 1935 832 1965 cautum
874 1938 957 1977 est3
1005 1941 1054 1979 et,
1097 1933 1127 1970 si
1172 1948 1253 1973 non
1298 1946 1414 1986 putas

75 1987 248 2028 cautum,
290 1982 439 2023 scilicet
482 1993 534 2033 tu,
577 1997 743 2038 praetor,
787 1993 827 2030 in
878 2007 965 2033 mea
1015 1997 1121 2035 bona
1164 2011 1264 2048 quos
1304 2003 1411 2041 voles

116 2091 136 2113 2
160 2084 223 2115 hec
246 2091 271 2125 j>
297 2085 394 2126 (haec
418 2088 470 2127 δ);
495 2088 558 2120 hoc
574 2090 613 2130 qb
731 2103 770 2125 10
794 2096 913 2127 nesciit
939 2098 1018 2137 quid
1044 2106 1159 2139 ageret
1183 2101 1229 2133 H.
1256 2102 1293 2134 G.
1317 2104 1408 2138 Koch

76 2135 114 2165 13
139 2132 174 2158 ut
192 2128 368 2169 quisquam
380 2137 497 2170 posset
515 2145 536 2162 π
553 2145 559 2163 :
584 2136 672 2174 quod
686 2146 738 2176 qu.
754 2139 858 2178 possit
869 2140 912 2171 al.
1007 2152 1043 2181 14
1068 2144 1198 2176 vafrum
1212 2145 1408 2190 Madvigius

74 2169 120 2210 (ii,
143 2174 158 2206 ,ε
180 2181 265 2211 132;
289 2173 336 2213 iii,
359 2174 449 2214 §35)
469 2187 476 2206 :
509 2176 638 2209 fabrum
661 2180 739 2211 Asc.
760 2192 766 2211 :
799 2192 915 2214 verum
941 2196 985 2215 πε
1022 2191 1148 2219 tectum
1172 2188 1217 2220 al.
1366 2203 1406 2233 19

70 2215 261 2247 vendundis
276 2214 396 2248 VAsc.
416 2229 424 2249 :
447 2220 635 2252 vendendis
647 2229 673 2263 p
685 2224 749 2255 rell.
842 2236 880 2257 21
906 2237 961 2259 res
974 2228 1017 2260 sit
1027 2231 1092 2270 pb&
1111 2243 1118 2262 :
1141 2242 1197 2264 res
1213 2231 1260 2264 V:
1285 2244 1340 2267 res
1353 2244 1403 2269 est

69 2255 170 2288 Prisc.
277 2268 319 2300 23
343 2260 463 2293 factam
485 2261 533 2295 V:
559 2264 679 2296 factam
698 2277 775 2298 esse
786 2274 812 2309 p
830 2270 894 2301 rell.
1003 2283 1043 2312 24
1068 2274 1244 2316 quisquam
1261 2288 1328 2310 acc.
1351 2279 1402 2313 V:

68 2300 146 2338 quid
161 2311 228 2332 acc.
245 2307 268 2342 p
282 2303 346 2335 rell.
439 2308 482 2337 26
506 2307 707 2340 refecturum
729 2310 761 2340 V
775 2312 810 2352 (i,
828 2316 844 2350 ξ
860 2314 938 2355 138)
954 2326 962 2346 ε
986 2317 1046 2348 res.
1063 2326 1176 2360 essep
1193 2321 1257 2352 rell.
1358 2334 1399 2364 27

68 2343 194 2383 pupillo
214 2344 246 2374 V
380 2349 422 2379 28
448 2348 513 2390 [et]
532 2373 539 2380 .
559 2374 565 2381 .
587 2375 593 2382 .
614 2353 692 2384 ilico
716 2359 751 2385 tu
776 2362 912 2395 praetor
935 2358 1037 2399 Kays.
1055 2372 1062 2392 :
1097 2369 1230 2394 cautum
1257 2375 1345 2405 esse,
1364 2373 1398 2398 tu

67 2383 235 2419 Stuerenb.
254 2399 260 2418 τ
286 2395 319 2421 et
336 2391 363 2421 si
382 2402 451 2423 non
468 2399 567 2432 putas
587 2399 641 2434 (sc.
662 2403 795 2430 cautum
812 2402 908 2443 esse)
926 2411 1047 2435 caveas
1063 2405 1150 2437 licet.
1192 2407 1242 2438 Tu
1261 2416 1399 2448 praetor

94 2452 100 2459 .
121 2453 127 2460 .
148 2431 331 2464 immittes?
355 2433 465 2466 Halm
556 2444 689 2481 cautap
