1600 2704
1463 38 1479 64 1⁷
1504 47 1513 64 a
1525 41 1549 74 ¹)

84 95 352 135 ACTIONIS
375 96 436 134 IN
459 96 503 136 C.
527 97 771 134 VERREM
793 97 1095 137 SECVNDAE
1116 100 1220 138 LIB.
1246 101 1312 139 III
1361 100 1416 140 86
1439 116 1502 139 200

83 220 209 259 posse.
270 207 419 246 Addite
439 220 546 245 nunc
566 208 709 246 eodem
726 206 836 246 istius
858 207 1002 255 edicta,
1022 208 1209 257 instituta,
1234 210 1392 250 iniurias
1408 227 1418 259 ,-

82 273 215 311 addite
245 272 397 322 Aproni
427 272 768 322 Veneriorumque
789 285 988 311 servorum
1019 273 1059 311 in
1080 287 1172 324 agro
1193 275 1416 315 decumano

82 350 199 388 regna
211 350 256 376 ac
271 337 437 388 rapinas.
487 338 742 388 Quamquam
759 339 858 376 haec
877 337 1042 377 omitto:
1073 339 1124 378 de
1144 341 1243 378 cella
1263 342 1413 390 loquor.

82 403 215 440 Placet
248 402 360 440 vobis
399 401 439 440 in
478 403 618 441 cellam
656 401 946 453 magistratibus
991 403 1127 442 vestris
1174 405 1415 444 frumentum

44 479 62 511 5
82 466 234 506 Siculos
263 467 381 517 gratis
415 467 541 506 dare?
598 467 708 516 Quid
738 468 816 506 hoc
844 466 1060 518 indignius,
1085 469 1182 519 quid
1212 469 1417 520 iniquius?

81 533 214 582 Atque
258 533 334 571 hoc
373 531 513 571 scitote
546 532 765 571 aratoribus
810 533 928 572 Verre
969 540 1147 583 praetore
1195 537 1415 586 optandum

80 609 126 635 ac
155 598 374 647 petendum
404 596 535 636 fuisse.

133 661 338 701 Sositheus
369 669 428 702 est
463 662 697 710 Entellinus,
727 664 850 701 homo
884 676 975 702 cum
1003 663 1138 714 primis
1170 666 1343 714 prudens
1378 674 1415 705 et
1437 665 1486 712 87

79 726 188 766 domi
227 726 386 775 nobilis,
419 726 531 766 cuius
563 727 682 766 verba
713 727 896 775 audietis,
930 728 997 779 qui
1031 730 1082 768 ad
1116 730 1193 767 hoc
1224 729 1414 769 iudicium

23 802 62 824 10
79 793 228 842 legatus
256 791 414 841 publice
443 805 535 830 curn
562 794 780 831 Artemone
807 800 845 831 et
874 793 1071 841 Menisco,
1094 793 1285 844 primariis
1313 794 1413 841 viris,

79 855 221 895 missus
249 864 317 895 est.
379 858 418 896 IS
445 870 537 895 cum
564 856 605 895 in
632 865 770 896 senatu
802 857 1004 896 Entellino
1032 860 1155 897 multa
1178 872 1336 898 mecum
1365 861 1415 899 de

78 919 188 959 istius
220 920 369 960 iniuriis
399 928 544 971 ageret,
572 922 649 960 hoc
679 921 799 960 dixit:
831 922 863 960 si
893 923 970 960 hoc
996 923 1047 961 de
1070 924 1168 961 cella
1194 931 1314 973 atque
1341 925 1414 963 hac

76 984 352 1025 aestimatione
383 987 680 1034 concederetur,
717 988 816 1025 velle
855 986 1008 1025 Siculos
1048 987 1200 1025 senatui
1239 988 1414 1038 polliceri

77 1049 317 1088 frumentum
357 1050 397 1088 in
435 1051 575 1089 cellam
605 1050 736 1100 gratis,
773 1063 824 1088 ne
862 1052 1029 1100 posthac
1068 1058 1194 1090 tantas
1226 1053 1414 1102 pecunias

22 1129 58 1161 15
78 1114 366 1164 magistratibus
397 1114 540 1153 nostris
570 1115 882 1153 decerneremus.
944 1115 1170 1166 Perspicere
1202 1130 1271 1155 vos
1307 1126 1414 1156 certo
1437 1132 1494 1155 201

77 1178 159 1216 scio
180 1178 320 1217 Siculis
345 1187 497 1230 quanto
521 1192 640 1230 opere
665 1181 742 1218 hoc
772 1179 955 1230 expediat
985 1193 1066 1219 non
1095 1182 1146 1220 ad
1172 1182 1413 1232 aequitatem

76 1243 337 1291 condicionis,
357 1245 426 1284 sed
458 1245 510 1283 ad
542 1243 704 1282 minima
734 1245 927 1283 malorum
958 1244 1149 1295 eligenda.
1210 1248 1315 1285 Nam
1346 1249 1413 1298 qui

77 1308 182 1348 mille
213 1308 391 1348 modium
422 1308 533 1348 Verri
567 1322 661 1348 suae
690 1309 810 1360 partis
837 1309 876 1348 in
907 1311 1046 1349 cellam
1076 1311 1194 1361 gratis
1225 1312 1414 1361 dedisset,

77 1374 159 1412 duo
186 1374 291 1413 milia
322 1388 530 1413 nummum
552 1382 619 1413 aut
647 1388 848 1413 summum
870 1375 942 1413 tria
962 1375 1148 1424 dedisset,
1172 1377 1278 1416 idem
1306 1392 1412 1418 nunc

20 1454 59 1477 20
77 1451 148 1489 pro
168 1441 309 1479 eodem
331 1453 497 1479 numero
517 1441 702 1479 frumenti
718 1442 788 1480 HS
804 1443 881 1479 an
902 1443 995 1480 dare
1016 1450 1176 1481 coactus
1197 1451 1265 1482 est.
1319 1446 1412 1483 Hoc

75 1512 203 1542 arator
228 1505 393 1556 adsequi
423 1519 491 1556 per
521 1505 733 1544 triennium
763 1514 868 1545 certe
894 1508 1021 1545 fructu
1050 1521 1122 1546 suo
1149 1522 1230 1546 non
1255 1509 1410 1559 potuit:

74 1569 294 1609 vendiderit
323 1571 626 1610 instrumentum
654 1584 816 1611 necesse
846 1580 914 1611 est.
976 1573 1132 1621 Quodsi
1159 1575 1236 1613 hoc
1266 1588 1411 1614 munus

74 1641 113 1674 et
136 1636 212 1674 hoc
242 1635 406 1686 vectigal
432 1636 555 1674 aratio
582 1638 756 1684 tolerare,
785 1639 862 1676 hoc
887 1645 945 1676 est
974 1638 1106 1677 Sicilia
1136 1641 1232 1678 ferre
1259 1653 1305 1679 ac
1330 1641 1408 1691 pati

74 1706 215 1750 potest,
261 1703 410 1751 populo
444 1703 628 1740 Romano
659 1704 756 1741 ferat
787 1703 919 1753 potius
957 1717 1077 1754 quam
1115 1705 1258 1744 nostris
1293 1706 1410 1756 magi-

18 1777 56 1810 25
76 1765 270 1804 stratibus.
323 1768 548 1817 Magnaest
564 1767 670 1806 enim
684 1768 863 1818 pecunia,
883 1782 1070 1819 magnum
1084 1772 1409 1822 praeclarumque

75 1830 249 1881 vectigal,
274 1831 304 1869 si
322 1833 443 1871 modo
463 1831 504 1872 id
528 1834 633 1871 salva
657 1833 869 1884 provincia,
893 1834 924 1873 si
945 1834 1030 1874 sine
1050 1835 1189 1875 iniuria
1210 1837 1407 1876 sociorum

117 1944 137 1972 4
161 1933 272 1973 placet
304 1934 389 1965 VO:
429 1934 586 1974 placetne
608 1939 657 1976 p:
695 1935 807 1976 placet
833 1947 922 1967 nunc
949 1948 989 1977 qr
1013 1937 1081 1969 rell.
1180 1940 1306 1970 vestris
1335 1940 1406 1971 cO:

75 1977 201 2008 nostris
233 1977 264 2006 V
284 1977 348 2008 rell.
535 1987 555 2017 5
586 1979 704 2018 gratiis
730 1979 889 2010 Zielinski
913 1980 967 2020 (p.
999 1982 1098 2021 196):
1135 1982 1216 2013 dare
1244 1983 1349 2022 gratis
1381 1984 1414 2014 V

74 2018 141 2050 Pro
167 2021 268 2051 verbis
293 2021 372 2060 quid
402 2020 549 2060 iniquius
577 2022 673 2053 lzabet
700 2022 732 2052 V
750 2024 866 2054 iterum
893 2024 973 2063 quid
997 2024 1062 2055 hoc
1087 2024 1259 2064 indignius
1385 2028 1407 2058 6

73 2062 178 2103 Atqui
201 2064 357 2095 Victorius
470 2064 577 2096 Verre
598 2065 699 2097 VcO:
724 2066 786 2097 hoc
805 2072 830 2106 p
848 2066 912 2097 rell.
934 2070 980 2107 (v,
1003 2070 1018 2105 §
1041 2070 1117 2109 125)
1286 2070 1308 2100 8
1331 2081 1406 2102 cum

75 2107 192 2146 primis
223 2107 321 2139 VcO:
357 2118 432 2140 cum
465 2108 582 2148 primis
610 2109 755 2140 civitatis
780 2115 806 2150 p
831 2109 896 2142 rell.
1110 2121 1131 2151 9
1161 2113 1306 2145 audietis
1333 2114 1406 2146 cO:

74 2151 213 2182 audistis
227 2155 250 2191 p
267 2151 330 2182 rell.
421 2152 477 2192 qui
495 2152 552 2193 ad]
573 2156 675 2192 atque
694 2152 725 2183 O
886 2162 925 2192 14
950 2154 1093 2193 posthac
1115 2155 1176 2186 VO
1194 2167 1201 2186 :
1226 2162 1304 2196 post
1321 2158 1406 2189 haec

68 2198 94 2233 p
112 2193 176 2225 rell.
282 2197 321 2226 16
344 2195 384 2226 ad
401 2195 609 2236 aequitatem
627 2195 830 2228 conditionis
847 2196 895 2228 cO
911 2208 918 2227 :
942 2198 1114 2237 aequitate
1131 2200 1339 2232 condicionis
1357 2202 1406 2233 V:

74 2238 117 2268 ad
133 2238 312 2277 aequitatis
330 2239 559 2270 conditionem
572 2244 597 2280 p
615 2239 679 2271 rell.
825 2249 862 2279 17
887 2242 945 2280 qui
961 2240 1049 2273 codd.
1069 2253 1075 2272 :
1099 2243 1156 2283 qui
1174 2252 1249 2274 cum
1267 2243 1377 2276 Muell.
1399 2258 1406 2276 :

75 2281 131 2319 qui
155 2282 182 2312 si
199 2282 303 2322 Kays.
475 2292 518 2314 20
541 2283 660 2314 eodem
682 2283 730 2324 Vp
744 2282 809 2314 rell.
828 2294 834 2313 :
862 2294 902 2314 eo
919 2284 968 2315 cO
987 2286 1019 2325 (ξ
1039 2286 1118 2325 216)
1275 2297 1316 2327 23
1341 2289 1406 2320 hoc

77 2325 167 2364 (ante
181 2326 344 2366 vectigal)
368 2326 443 2357 VcO
461 2338 467 2356 :
491 2337 556 2358 om.
570 2332 595 2367 p
610 2326 674 2358 rell.
766 2338 806 2366 24
830 2328 938 2359 nostri
956 2329 1172 2369 magistratus
1189 2330 1237 2363 cO
1363 2343 1406 2373 25

76 2372 128 2399 est
145 2369 234 2400 enim
256 2369 304 2400 V:
329 2370 418 2401 enim
438 2369 491 2401 O:
521 2375 610 2411 estp
626 2370 693 2403 rell.
