1600 2704
377 85 440 124 IN
469 86 518 134 Q.
550 86 869 127 CAECILIVM
900 91 1117 133 ORATIO
1387 107 1411 135 2
1433 113 1450 144 5

85 208 243 235 manere
263 194 303 234 in
324 195 504 235 instituto
517 211 607 237 meo
619 198 755 238 videor
775 208 813 239 et
833 214 915 240 non
930 203 1096 242 omnino
1111 217 1134 243 a
1147 206 1410 246 defendendis

83 259 312 299 hominibus
332 262 666 314 sublevandisque
686 264 900 305 discedere.
961 269 1116 317 Quodsi
1130 271 1232 309 hanc
1249 285 1407 310 causam
1429 278 1448 309 6

82 331 162 362 tarn
182 324 385 375 idoneam,
408 333 489 365 tam
515 326 730 377 inlustrem,
753 337 833 368 tarn
854 343 1012 381 gravem
1042 346 1123 371 non
1151 335 1408 383 haberem,—

80 388 112 426 si
140 396 208 428 aut
236 390 314 428 hoc
339 403 363 428 a
391 403 456 429 me
480 391 600 430 Siculi
629 406 711 431 non
738 394 929 444 petissent
949 404 1016 434 aut
1037 397 1133 435 mihi
1154 411 1246 437 curn
1267 399 1407 439 Siculis

41 461 198 507 ‘5causa
223 460 357 493 tantae
386 455 691 496 necessitudinis
718 471 801 497 non
830 458 1101 509 intercederet,
1125 470 1163 501 et
1193 464 1271 502 hoc
1297 467 1406 515 quod

77 517 178 556 facio
208 532 271 557 me
298 519 353 558 rei
380 520 564 570 publicae
591 535 710 561 causa
734 525 861 564 facere
889 527 1099 575 profiterer,
1124 535 1167 566 ut
1187 530 1309 568 homo
1330 530 1404 568 sin-

75 582 197 632 gulari
235 583 462 634 cupiditate,
503 586 680 634 audacia,
721 590 868 627 scelere
905 591 1116 640 praeditus,
1154 593 1265 632 cuius
1303 595 1403 634 furta

74 654 193 697 atque
225 648 370 699 flagitia
401 663 483 689 non
516 650 556 689 in
591 651 722 691 Sicilia
756 655 896 702 solum,
931 657 1001 694 sed
1033 656 1073 694 in
1100 658 1261 706 Achaia,
1294 660 1400 707 Asia,

74 710 222 759 Cilicia,
260 714 504 764 Pamphylia,
539 717 695 756 Romae
729 719 904 769 denique
932 728 1024 759 ante
1054 724 1191 761 oculos
1221 724 1399 764 omnium

14 787 54 809 10
72 776 242 815 maxima
280 778 584 830 turpissimaque
616 795 836 831 nossemus,
871 798 934 824 me
965 794 1105 835 agente
1135 787 1175 826 in
1209 788 1398 829 iudicium

70 844 432 894 vocaretur,—quis
462 847 626 884 tandem
655 856 759 887 esset
789 849 857 899 qui
887 863 1021 889 meum
1051 853 1199 891 factum
1219 862 1287 892 aut
1307 868 1399 893 con-

69 904 200 945 silium
234 916 368 957 posset
402 912 722 959 reprehendere?
779 914 889 963 Quid
919 923 990 962 est,
1021 930 1092 966 pro
1121 919 1242 956 deum
1273 919 1397 957 homi-

68 984 245 1021 numque
265 973 400 1022 fidem,
420 973 461 1012 in
490 988 570 1025 quo
600 990 674 1026 ego
702 977 757 1015 rei
787 978 971 1028 publicae
999 982 1088 1030 plus
1117 983 1194 1020 hoc
1218 990 1395 1034 ternpore

65 1037 254 1086 prodesse
288 1038 467 1088 possim?
523 1040 632 1089 Quid
666 1049 724 1080 est
763 1045 874 1092 quod
912 1051 980 1082 aut
1018 1047 1168 1095 populo
1208 1049 1394 1087 Romano

7 1114 43 1146 15
64 1101 208 1152 gratius
229 1115 315 1141 esse
334 1103 490 1151 debeat,
512 1112 580 1143 aut
600 1105 716 1145 sociis
731 1107 952 1158 exterisque
972 1110 1200 1150 nationibus
1221 1114 1393 1162 optatius

62 1178 149 1204 esse
168 1166 302 1216 possit,
325 1175 393 1206 aut
414 1168 528 1207 saluti
549 1170 795 1222 fortunisque
822 1173 1001 1212 omnium
1023 1175 1145 1225 magis
1169 1189 1392 1217 accommo-

60 1230 197 1268 datum
219 1230 300 1270 sit?
343 1234 570 1283 Populatae,
590 1242 761 1284 vexatae,
778 1237 955 1276 funditus
975 1252 1132 1278 eversae
1152 1242 1391 1292 provinciae,

60 1294 156 1333 socii
177 1295 503 1348 stipendiariique
525 1299 662 1349 populi
684 1301 857 1340 Romani
878 1303 1036 1351 adflicti,
1056 1304 1197 1353 miseri,
1213 1306 1291 1344 iam
1308 1322 1389 1347 non

58 1360 192 1398 salutis
232 1374 343 1411 spem
383 1364 453 1401 sed
493 1364 684 1402 solacium
724 1365 815 1405 exiti
854 1376 1059 1417 quaerunt.
1124 1370 1204 1419 Qui
1243 1371 1426 1411 iudicia8

0 1438 38 1461 20
57 1437 216 1463 manere
235 1427 344 1476 apud
360 1426 541 1466 ordinem
558 1429 798 1469 senatorium
821 1433 970 1479 volunt,
994 1442 1211 1483 queruntur
1230 1449 1387 1475 accusa-

55 1497 159 1529 tores
189 1503 230 1529 se
260 1490 428 1531 idoneos
458 1506 538 1531 non
568 1494 738 1534 habere:
768 1496 836 1546 qui
865 1510 1050 1537 accusare
1078 1508 1256 1549 possunt,
1290 1501 1386 1540 iudi-

54 1554 205 1593 ciorum
226 1556 473 1595 severitatem
494 1558 731 1598 desiderant.
790 1563 966 1611 Populus
989 1564 1196 1603 Romanus
1224 1565 1382 1614 interea,

53 1620 208 1658 tametsi
238 1621 371 1660 multis
401 1621 668 1663 incommodis
694 1625 1073 1677 difficultatibusque
1103 1631 1282 1669 adfectus
1312 1640 1382 1679 est,

50 1691 183 1723 tamen
213 1685 311 1723 nihil
339 1700 466 1737 aeque
496 1687 537 1726 in
566 1703 607 1727 re
627 1690 787 1740 publica
816 1699 935 1742 atque
964 1692 1070 1731 illam
1093 1702 1264 1733 veterem
1286 1696 1383 1735 iudi-

0 1760 27 1793 =5
49 1748 200 1788 ciorum
225 1750 304 1790 vim
333 1752 644 1804 gravitatemque
674 1755 844 1806 requirit.
907 1757 1152 1797 Iudiciorum
1183 1761 1381 1801 desiderio

47 1813 256 1854 tribunicia
285 1824 460 1867 potestas
490 1819 699 1870 efflagitata
730 1829 800 1869 est,
824 1821 1060 1862 iudiciorum
1093 1825 1251 1865 levitate
1281 1829 1379 1867 ordo

46 1891 206 1929 quoque
233 1880 331 1920 alius
360 1883 412 1921 ad
441 1897 501 1922 res
531 1883 763 1925 iudicandas
793 1890 1022 1937 postulatur,
1055 1889 1232 1928 iudicum
1262 1894 1378 1942 culpa

44 1950 164 1993 atque
202 1946 399 1986 dedecore
438 1948 556 1987 etiam
596 1951 819 1990 censorium
859 1967 1016 2001 nomen,
1060 1957 1170 2004 quod
1201 1956 1376 2005 asperius

43 2014 158 2046 antea
178 2012 328 2060 populo
349 2011 472 2050 videri
501 2015 664 2062 solebat,
688 2015 728 2055 id
748 2030 855 2055 nunc
883 2018 1066 2067 poscitur,
1091 2018 1132 2058 id
1153 2018 1230 2057 iam
1252 2034 1375 2072 popu-

0 2085 24 2110 ,ο
42 2072 121 2111 lare
154 2080 193 2113 et
224 2075 433 2125 plausibile
464 2078 611 2117 facturn
643 2088 713 2118 est.
773 2082 822 2119 In
856 2083 930 2120 hac
966 2082 1132 2122 libidine
1163 2085 1372 2124 hominum
1392 2103 1411 2134 9

41 2139 425 2189 nocentissimorum,
450 2142 489 2181 in
509 2144 647 2194 populi
676 2146 851 2185 Romani
879 2147 1079 2187 cotidiana
1109 2150 1367 2199 querimonia,

1417 899 1441 991 Ἳω

86 2251 99 2272 1
126 2243 245 2275 videor
259 2249 293 2276 et
304 2244 391 2286 prGl
408 2257 414 2277 :
438 2247 538 2279 video
553 2258 606 2279 me
623 2253 657 2280 et
673 2249 738 2280 ΒΨ
839 2261 874 2281 11
902 2256 1016 2282 tamen
1033 2252 1209 2285 Hotoman
1331 2255 1370 2284 18

39 2293 107 2314 non
125 2286 189 2317 iarn
206 2287 234 2317 L
380 2300 420 2330 19
445 2291 540 2322 exitii
560 2291 621 2323 sol.
636 2294 698 2333 Αῥνδ
857 2303 898 2333 25
922 2295 988 2325 vim
1005 2306 1098 2335 grav.
1121 2307 1191 2337 req.
1212 2297 1280 2329 iud.
1299 2308 1364 2330 om.

37 2336 76 2357 ex
90 2328 334 2363 homoeoteleuto
349 2332 462 2373 DLK,
481 2335 586 2376 suppl.
605 2347 632 2366 s.
653 2336 671 2367 l.
686 2335 726 2377 p²
861 2339 903 2369 26
927 2338 1068 2372 lenitate
1083 2339 1177 2382 DG12

1244 2385 1283 2415 1*
