1600 2704
74 154 125 192 42
147 156 208 187 103
507 130 563 167 M.
595 121 764 164 TVLLI
795 109 1101 158 C1CER0N1s

145 263 247 302 quae
276 244 440 287 Sthenio
474 242 576 279 facta
609 241 711 275 esset
743 243 811 271 eos
841 224 1022 267 statuisse
1056 228 1098 259 ut
1129 219 1208 257 hoc
1239 213 1349 264 quod
1379 209 1471 250 dico

67 335 127 366 104
145 316 415 368 postularetur.
477 307 590 354 Quae
617 312 708 340 cum
735 297 789 335 ita
818 298 958 336 essent,
983 293 1143 326 tantane
1168 277 1341 321 amentia
1367 286 1474 325 prae-

147 382 252 422 ditus
281 386 400 427 atque
430 370 596 412 audacia
621 363 728 405 fuisti
757 369 800 400 ut
828 359 869 397 in
898 370 938 395 re
958 362 1039 392 tam
1066 351 1179 393 clara,
1212 353 1292 384 tam
1321 347 1473 385 testata,

150 455 230 486 tam
261 444 330 482 abs
364 448 402 479 te
441 438 527 487 ipso
567 431 792 483 pervulgata
824 422 977 462 tabulas
1009 414 1187 468 publicas
1225 416 1477 454 corrumpere

152 509 345 550 auderes?
401 505 454 542 At
489 511 608 550 quern
637 496 688 534 ad
723 491 888 530 modum
922 479 1157 531 corrupisti?
1191 485 1325 513 nonne
1354 469 1408 507 ita
1437 474 1479 505 ut
1501 478 1518 510 5

155 574 339 616 omnibus
359 567 474 608 nobis
499 560 720 603 tacentibus
742 556 849 605 ipsae
869 558 958 589 tuae
979 555 1017 586 te
1038 544 1194 583 tabulae
1214 537 1481 578 condemnare

155 637 345 692 possent?
412 631 537 674 Cedo,
587 635 746 675 quaeso,
796 616 988 658 codicem,
1038 606 1254 649 circumfer,
1303 597 1481 639 ostende.

156 702 364 743 Videtisne
390 704 518 735 totum
537 694 615 730 hoc
645 698 803 730 nomen,
828 692 960 720 coram
980 675 1049 714 ubi
1078 671 1170 711 facit
1190 669 1377 710 delatum,
1400 674 1485 700 esse

159 770 199 808 in
233 765 375 805 litura?
432 758 543 808 Quid
561 755 633 794 fuit
657 751 743 790 istic
769 754 886 786 antea
910 739 1130 791 scriptum?
1161 732 1271 784 quod
1297 728 1488 768 mendum

161 834 235 872 ista
272 830 386 868 litura
428 820 624 863 correxit?
682 814 792 865 Quid
830 825 853 849 a
890 806 1018 852 nobis,
1058 801 1222 845 iudices,
1258 790 1490 844 exspectatis
1514 802 1552 823 10

163 900 392 948 argumenta
426 888 543 927 huius
577 880 781 922 criminis?
838 872 949 913 Nihil
982 868 1176 912 dicimus;
1213 861 1371 900 tabulae
1402 862 1492 895 sunt

165 964 205 1002 in
236 958 379 1003 medio,
412 966 514 1005 quae
541 963 583 988 se
611 951 812 994 corruptas
836 947 955 988 atque
981 931 1169 973 interlitas
1196 938 1281 966 esse
1309 924 1491 961 clamant.

87 1045 148 1076 105
168 1030 229 1067 Ex
266 1022 348 1063 istis
387 1018 505 1059 etiam
537 1022 579 1053 tu
611 1012 727 1050 rebus
762 1007 931 1055 effugere
964 1008 1003 1038 te
1041 1008 1157 1047 posse
1191 987 1370 1034 confidis,
1403 996 1496 1023 curn

170 1101 208 1131 te
233 1102 304 1128 nos
332 1098 413 1124 non
440 1079 628 1131 opinione
653 1072 784 1117 dubia,
808 1069 878 1108 sed
908 1065 981 1104 tuis
1008 1058 1178 1110 vestigiis
1204 1061 1495 1106 persequamur,

172 1167 274 1207 quae
301 1160 343 1190 tu
370 1150 410 1187 in
435 1143 578 1185 tabulis
604 1137 771 1191 publicis
802 1143 983 1182 expressa
1011 1140 1056 1164 ac
1081 1120 1252 1163 recentia
1281 1111 1500 1165 reliquisti?
1524 1120 1560 1151 15

175 1223 215 1260 Is
246 1216 342 1257 mihi
372 1212 491 1253 etiam
523 1204 729 1247 Sthenium
754 1200 900 1238 litteras
931 1191 1106 1244 publicas
1137 1182 1355 1234 corrupisse
1384 1189 1503 1218 causa

176 1281 376 1332 incognita
407 1272 604 1318 iudicavit,
639 1268 706 1319 qui
744 1263 956 1304 defendere
994 1269 1075 1296 non
1109 1250 1251 1304 poterit
1281 1261 1324 1286 se
1353 1257 1434 1283 non
1463 1242 1503 1280 in

178 1348 300 1400 ipsius
321 1340 459 1384 Stheni
480 1336 641 1377 nomine
661 1333 807 1371 litteras
827 1325 1005 1378 publicas
1026 1315 1273 1367 corrupisse?

100 1403 161 1486 ἐξ
234 1411 379 1450 Videte
408 1416 525 1457 porro
554 1400 671 1439 aliam
698 1392 937 1436 amentiam3
966 1387 1096 1425 videte
1123 1389 1177 1428 ut,
1199 1381 1297 1419 dum
1323 1370 1507 1424 expedire

106 1490 109 1491 ’
183 1489 268 1517 sese
298 1475 394 1520 vult,
423 1469 572 1508 induat.
633 1459 889 1511 Cognitorem
921 1448 1108 1492 adscribit
1140 1436 1509 1488 Sthenio—quem?
1531 1446 1570 1468 20

183 1547 396 1592 cognatum
425 1534 597 1584 aliquem
625 1534 691 1567 aut
719 1518 1015 1575 propinquum?
1071 1514 1176 1552 Non.
1208 1503 1511 1546 Thermitanum

185 1607 368 1656 aliquem,
390 1603 604 1639 honestum
631 1590 835 1631 hominem
859 1598 904 1624 ac
929 1579 1133 1621 nobilem?
1190 1575 1253 1612 Ne
1272 1571 1314 1610 id
1337 1566 1510 1618 quidem.

189 1674 241 1710 At
273 1668 459 1711 Siculum,
495 1662 536 1700 in
575 1670 655 1709 quo
693 1652 833 1704 aliquis
873 1647 1058 1700 splendor
1096 1638 1346 1693 dignitasque
1384 1629 1515 1670 esset?

190 1733 415 1773 Neminem.
466 1725 575 1776 Quid
595 1720 738 1772 igitur?
786 1715 925 1756 Civem
946 1713 1185 1750 Romanum.
1239 1699 1316 1741 Cui
1335 1699 1412 1735 hoc
1432 1705 1518 1744 pro-

191 1798 274 1838 bari
294 1795 452 1847 potest?
492 1792 595 1830 Cum
616 1792 718 1825 esset
739 1778 924 1822 Sthenius
944 1771 1109 1814 civitatis
1129 1780 1221 1808 suae
1237 1759 1515 1804 nobilissimus,
1539 1766 1579 1799 ²5

193 1860 435 1912 amplissima
472 1852 721 1904 cognatione,
755 1842 932 1897 plurimis
970 1835 1163 1879 amicitiis,
1196 1842 1288 1869 cum
1321 1831 1520 1877 praeterea

195 1935 277 1966 tota
309 1922 439 1963 Sicilia
472 1920 640 1958 multum
678 1909 909 1952 auctoritate
947 1911 985 1944 et
1016 1900 1137 1953 gratia
1170 1900 1314 1947 posset,
1347 1886 1522 1928 invenire

198 1991 398 2030 neminem
418 1985 594 2025 Siculum
622 1977 749 2030 potuit
770 1974 837 2025 qui
858 1984 929 2022 pro
959 1982 1000 2007 se
1027 1963 1204 2015 cognitor
1229 1956 1370 1997 fieret?
1428 1953 1521 1990 Hoc

199 2053 412 2106 probabis?
470 2051 533 2087 An
563 2046 646 2096 ipse
675 2042 801 2081 civem
832 2039 1060 2075 Romanum
1089 2025 1254 2067 maluit?
1311 2019 1425 2060 Cedo
1458 2012 1521 2052 cui

202 2121 344 2164 Siculo,
375 2128 467 2155 cum
499 2113 529 2151 is
563 2122 651 2149 reus
681 2108 800 2150 fieret,
831 2100 925 2140 civis
956 2099 1162 2136 Romanus
1191 2086 1369 2138 cognitor
1398 2083 1522 2119 factus
1543 2084 1586 2118 30

246 2225 267 2254 6
290 2228 365 2252 tuae
392 2225 425 2250 te
454 2217 507 2248 O:
542 2220 574 2245 te
608 2223 673 2243 om.
700 2208 787 2250 qu:
823 2210 856 2235 te
888 2208 965 2234 tuae
993 2198 1082 2238 vulg.
1112 2195 1202 2235 (post
1226 2189 1452 2221 condemnare
1476 2180 1523 2212 ed.

204 2265 321 2304 Rom.)
434 2271 450 2298 7
476 2259 562 2289 cedo
587 2255 655 2286 cO:
691 2263 757 2283 om.
778 2248 845 2280 rell.
958 2246 978 2274 8
1001 2243 1067 2272 hoc
1083 2244 1189 2270 totum
1210 2234 1239 2265 Ο
1355 2238 1394 2267 13
1419 2226 1492 2256 istis
1506 2228 1529 2263 p

207 2309 291 2340 codd.
310 2309 437 2347 praeter
453 2302 483 2332 O
501 2302 583 2340 (his)
693 2306 729 2333 17
752 2291 883 2333 poterit
907 2287 1024 2327 Pluyg.
1045 2282 1112 2315 edd.
1131 2293 1138 2311 :
1163 2277 1274 2320 potuit
1289 2273 1357 2306 cO:
1382 2267 1529 2311 potuerit

206 2353 224 2382 l>
242 2351 306 2382 rell.
328 2351 361 2390 (ξ
383 2348 443 2378 180
460 2345 559 2384 infra)
684 2341 718 2369 in
735 2335 852 2367 Lamb.
871 2345 879 2364 ι
906 2342 949 2363 ex
965 2327 1052 2360 codd.
1074 2327 1154 2365 (om.
1175 2321 1236 2361 cO)
1376 2324 1417 2352 24
1441 2310 1530 2350 Quid

208 2405 288 2434 ergo
302 2394 338 2434 (g
355 2396 515 2431 suprascr.
534 2386 567 2421 οἱ
590 2382 619 2413 O
753 2380 794 2409 28
818 2387 878 2417 pro
897 2385 933 2406 se
951 2383 1018 2404 om.
1043 2369 1072 2401 O
