1600 2704
52 93 102 131 23
125 100 165 131 59
501 84 558 121 M.
580 83 749 120 TVLLI
781 81 1088 122 CICERONIS

53 1117 95 1148 60

42 1246 94 1285 24

51 1958 87 1988 61

118 208 209 234 cum
230 195 376 245 praeda
397 193 604 245 navigaret,
628 207 729 244 quae
751 193 979 232 defenderet
1006 207 1056 233 ne
1083 194 1283 244 provincia
1314 195 1452 246 spolia-

118 267 233 308 retur,
256 273 337 298 non
358 273 459 310 quae
480 258 705 310 provinciae
735 258 860 309 spolia
891 266 1071 309 portaret.
1133 259 1359 298 Mamertini
1381 260 1451 299 tibi

118 333 157 364 et
186 325 325 364 urbem
355 338 435 376 quo
465 326 565 363 furta
594 324 772 374 undique
802 326 1039 374 deportareS,
1066 332 1104 363 et
1133 337 1275 363 navem
1305 324 1344 362 in
1374 338 1453 375 qua

118 398 340 441 exportares
372 390 661 440 praebuerunt,
700 388 796 428 illud
831 389 901 428 tibi
937 389 1128 440 oppidum
1160 392 1452 440 receptaculum

118 456 287 504 praedae
317 454 399 502 fuit,
431 454 486 492 illi
515 453 697 492 homines
727 461 846 492 testes
876 455 1142 504 custodesque
1172 455 1378 502 furtorum,
1397 454 1451 494 illi

118 519 189 558 tibi
219 526 257 558 et
287 521 419 558 locum
450 518 560 557 furtis
590 526 629 557 et
654 519 844 557 furtorum
866 519 1090 558 vehiculum
1112 528 1448 570 comparaverunt.

119 586 261 634 Itaque
296 598 346 623 ne
377 592 461 623 tum
505 583 667 633 quidem
698 597 788 622 cum
819 586 984 623 classem
1013 584 1173 623 avaritia
1201 597 1247 624 ac
1276 585 1451 636 nequitia

117 658 184 688 tua
213 649 421 700 perdidisti
453 648 702 687 Mamertinis
733 662 874 687 navem
904 648 1095 699 imperare
1125 663 1242 688 ausus
1273 664 1342 698 es,
1371 663 1451 700 quo

117 721 295 764 tempore
325 714 365 752 in
396 722 504 752 tanta
534 713 667 763 inopia
696 712 855 751 navium
888 721 1075 764 tantaque
1111 714 1332 753 calamitate
1366 729 1452 765 pro·

117 779 280 827 vinciae,
304 779 457 818 etiamsi
483 778 658 829 precario
685 787 816 817 essent
843 779 1018 829 rogandi,
1042 787 1173 818 tamen
1194 781 1244 819 ab
1267 779 1311 818 iis
1333 782 1452 831 impe-

116 852 289 884 traretur.
351 843 608 895 Reprimebat
624 843 729 882 enim
747 843 818 882 tibi
839 852 876 882 et
897 844 1115 894 imperandi
1130 844 1208 882 vim
1231 853 1268 883 et
1288 845 1451 895 rogandi

116 908 303 950 conatu'm
326 911 524 961 praeclara
544 909 608 948 illa
630 922 711 949 non
731 911 880 960 populo
904 911 1089 948 Romano
1105 910 1258 949 reddita
1278 910 1448 959 biremis,

116 977 186 1015 sed
207 974 375 1026 praetori
397 976 545 1014 donata
566 975 723 1024 cybaea.
784 975 844 1014 Ea
873 974 944 1013 fuit
970 987 1119 1015 merces
1145 974 1293 1026 imperi,
1320 975 1451 1024 auxili,

115 1041 218 1089 iuris,
243 1040 555 1088 consuetudinis,
579 1039 757 1079 foederis.

171 1106 341 1146 Habetis
362 1105 478 1144 unius
508 1105 673 1144 civitatis
695 1106 849 1145 firmum
870 1105 1057 1145 auxilium
1087 1106 1275 1146 amissum
1296 1120 1342 1145 ac
1362 1120 1452 1145 ven·

114 1171 242 1211 ditum
274 1171 424 1222 pretio:
454 1170 681 1221 cognoscite
715 1184 820 1209 nunc
849 1184 991 1210 novam
1020 1172 1235 1222 praedandi
1257 1171 1449 1211 rationem

114 1237 164 1275 ab
185 1238 262 1275 hoc
283 1236 455 1286 primum
476 1235 747 1286 excogitatam.
808 1238 1018 1286 Sumptum
1040 1249 1200 1275 omnem
1223 1236 1261 1275 in
1285 1239 1449 1275 classem

114 1303 312 1340 frumento
337 1300 536 1351 stipendio
562 1300 779 1350 ceterisque
807 1301 922 1339 rebus
951 1314 1022 1340 suo
1050 1315 1230 1352 quaeque
1251 1304 1450 1341 nauarcho

113 1365 248 1405 civitas
279 1379 434 1416 semper
471 1366 565 1405 dare
603 1366 764 1404 solebat.
825 1367 864 1404 Is
904 1379 1033 1416 neque
1068 1374 1109 1404 ut
1147 1375 1394 1405 accusaretur
1427 1380 1449 1406 a

114 1431 242 1470 nautis
277 1430 524 1470 committere
549 1431 731 1477 audebat,
756 1438 793 1469 et
825 1430 976 1470 civibus
1006 1431 1085 1470 suis
1113 1432 1282 1471 rationes
1310 1435 1449 1472 referre

113 1497 299 1544 debebat,
322 1503 361 1535 et
381 1496 420 1534 in
442 1495 509 1535 illo
530 1495 638 1534 omni
660 1495 818 1546 negotio
840 1510 920 1534 non
943 1498 1064 1535 modo
1085 1497 1218 1536 labore
1240 1498 1309 1536 sed
1331 1497 1448 1536 etiam

113 1561 289 1612 periculo
309 1574 381 1600 suo
402 1562 637 1600 versabatur.
698 1563 791 1599 Erat
812 1563 899 1608 hoc,
924 1569 965 1599 ut
987 1561 1088 1609 dico,
1112 1562 1330 1601 factitatum
1353 1576 1450 1601 sem-

113 1640 192 1676 per,
227 1640 300 1665 nec
321 1628 449 1665 solum
471 1626 510 1664 in
538 1626 668 1665 Sicilia
701 1627 770 1665 sed
801 1626 840 1664 in
869 1627 1053 1666 omnibus
1079 1628 1299 1678 provinciis,
1331 1628 1449 1667 etiam

113 1690 153 1728 in
183 1691 380 1730 sociorum
406 1698 444 1730 et
471 1691 702 1729 Latinorum
737 1691 935 1741 stipendio
962 1705 1007 1730 ac
1040 1700 1210 1742 sumptu,
1245 1701 1328 1731 tum
1357 1707 1447 1732 cum

113 1755 267 1795 illorum
296 1756 447 1795 auxiliis
478 1756 532 1794 uti
560 1757 808 1795 solebamus:
843 1759 983 1795 Verres
1014 1765 1102 1807 post
1130 1757 1337 1808 imperium
1358 1771 1450 1797 con-
1491 1774 1507 1805 5

113 1820 292 1859 stitutum
320 1821 468 1871 primus
500 1821 704 1871 imperavit
735 1829 776 1860 ut
803 1835 849 1860 ea
872 1822 1041 1872 pecunia
1075 1822 1203 1861 omnis
1233 1836 1255 1861 a
1290 1823 1449 1862 civitati-

112 1887 186 1924 bus
217 1886 291 1924 sibi
320 1887 652 1935 adnumeraretur‚
675 1894 717 1926 ut
738 1887 769 1925 is
790 1901 875 1926 eam
893 1887 1102 1938 pecuniam
1125 1896 1303 1927 tractaret
1331 1902 1449 1939 quem

113 1950 196 2000 ipse
221 1951 481 2001 praefecisset.
543 1952 618 1991 Cui
649 1960 778 2002 potest
816 1966 901 1992 esse
934 1953 1102 1991 dubium
1132 1966 1250 2003 quam
1284 1954 1339 1992 ob
1367 1967 1447 1992 rem

114 2024 152 2054 et
182 2017 360 2055 omnium
393 2017 723 2056 consuetudinem
753 2025 923 2057 veterem
953 2018 1101 2068 primus
1141 2017 1369 2064 immutaris,
1411 2025 1448 2056 et

115 2089 264 2121 tantam
292 2083 499 2122 utilitatem
529 2098 597 2134 per
623 2084 720 2123 alios
752 2085 978 2122 tractandae
1004 2083 1194 2134 pecuniae
1220 2082 1445 2133 neglexeris,

115 2154 154 2185 et
188 2155 335 2185 tantam
372 2148 642 2188 difficultatem
673 2162 763 2187 curn
798 2148 971 2196 crimine,
1004 2148 1224 2188 molestiam
1259 2162 1348 2187 curn
1389 2161 1448 2186 su-

161 2260 179 2279 2
203 2261 288 2290 quae
307 2262 391 2282 nova
409 2262 500 2291 prov.
514 2252 560 2291 pb
662 2252 771 2292 spolia
788 2252 983 2292 provinciae
1001 2251 1072 2290 56⁴2
1215 2262 1234 2290 3
1260 2258 1414 2292 portares
1432 2252 1449 2282 δ

117 2304 135 2331 4
164 2294 390 2332 praebuerunt
409 2294 515 2335 SDp:
542 2295 728 2335 praebuere
745 2296 778 2326 R
893 2307 931 2327 10
957 2296 996 2326 iis
1014 2295 1149 2336 Zumpt,
1171 2295 1238 2326 edd.
1254 2308 1260 2325 :
1287 2296 1340 2325 his
1358 2294 1445 2326 codd.

121 2346 159 2375 13
184 2347 223 2367 ea
241 2338 256 2366 δ
272 2349 277 2367 ;
303 2348 366 2368 om.
385 2338 468 2378 RSp
485 2339 526 2370 al.
601 2339 662 2369 suit
677 2339 794 2370 st:
818 2340 924 2379 tuipk
940 2339 982 2371 al.
1091 2350 1133 2370 20
1159 2339 1304 2370 rationes
1323 2339 1448 2370 referre

121 2380 281 2411 Graevius
296 2393 302 2412 :
329 2382 479 2412 rationes
497 2382 583 2413 serre
601 2382 665 2413 RS
681 2394 688 2413 ε
714 2383 878 2414 rationem
897 2383 1024 2414 referre
1037 2384 1079 2422 ρδ

1472 465 1597 519 5-5

1474 793 1511 816 10

1468 2098 1509 2128 30
