1600 2704
1432 50 1537 73 f-2

82 105 351 145 ACTIONIS
374 106 435 144 IN
457 105 501 146 C.
524 106 766 144 VERREM
788 106 1089 147 SECVNDAE
1112 109 1215 147 LIB.
1240 110 1307 147 III
1352 119 1411 157 90
1429 76 1494 161 *zo-»9
1522 84 1526 85 ⁷

81 216 292 256 cunditatis
326 218 377 256 ad
408 216 663 256 audiendum.
724 215 931 255 Africanos
962 217 1058 255 mihi
1093 225 1131 257 et
1167 219 1341 258 Catones
1373 227 1412 258 et

81 281 236 321 Laelios
265 281 598 320 commemorabis
619 288 657 320 et
678 294 746 320 eos
768 281 907 320 fecisse
929 281 1034 320 idem
1065 281 1207 321 dices?
1265 284 1412 332 Quam-

78 345 136 384 vis
165 358 224 384 res
254 345 351 384 mihi
378 359 459 386 non
489 347 653 396 placeat,
678 353 811 385 tamen
841 353 978 385 contra
1008 346 1216 385 hominum
1246 347 1412 386 auctori-

78 418 199 449 tatem
237 423 412 461 pugnare
450 424 531 450 non
570 418 719 461 potero.
779 413 855 458 An,
893 424 983 449 cum
1023 424 1091 450 eos
1130 424 1211 451 non
1251 412 1408 461 poteris,

39 476 248 526 5proferes
288 476 360 515 hos
399 475 576 522 recentis,
618 477 668 524 Q.
706 476 893 516 Catulum
934 483 1096 526 patrem,
1139 478 1183 516 C.
1222 476 1407 523 Marium,

78 542 127 590 Q.
164 542 406 588 Scaevolam,
448 542 504 579 M.
542 542 744 588 Scaurum,
787 541 837 589 Q.
875 543 1118 580 Metellum?
1165 541 1232 592 qui
1267 555 1407 580 omnes

75 605 295 656 provincias
326 606 548 646 habuerunt
577 614 616 646 et
644 607 885 646 frumentum
907 608 1029 645 cellae
1051 607 1212 646 nomine
1242 607 1407 658 impera-

75 679 224 711 verunt.
303 672 451 722 Magna
497 679 556 711 est
603 672 812 711 hominum
859 673 1082 720 auctoritas,
1123 681 1161 712 et
1208 681 1317 711 tanta
1365 681 1407 712 ut

75 735 192 775 etiam
214 735 347 775 delicti
368 736 634 787 suspicionem
656 745 786 788 tegere
814 738 947 788 possit.
1010 740 1103 777 Non
1131 739 1253 778 habes
1281 753 1331 778 ne
1360 754 1408 779 ex
1429 755 1493 778 210

19 816 56 839 10
75 800 135 840 his
164 801 326 851 quidem
357 801 585 841 hominibus
611 802 678 853 qui
706 816 832 853 nuper
861 804 1018 842 fuerunt
1050 805 1174 842 ullum
1204 811 1406 843 auctorem

73 865 183 905 istius
213 866 508 906 aestimationis.
568 868 661 916 Quo
689 881 753 907 me
784 868 899 918 igitur
925 876 992 907 aut
1021 870 1072 908 ad
1103 882 1205 919 quae
1225 871 1407 920 exempla

71 934 263 970 revocas?
320 933 386 972 Ab
415 932 489 971 illis
520 933 760 981 hominibus,
793 934 860 984 qui
891 941 975 973 tum
1005 934 1146 972 versati
1177 942 1267 972 sunt
1297 934 1337 972 in
1366 948 1405 974 re

70 996 230 1048 publica
258 1010 350 1035 cum
371 1004 409 1036 et
429 997 569 1049 optimi
591 1011 719 1037 mores
740 1006 850 1037 erant
870 1006 908 1037 et
929 998 1137 1037 hominum
1168 998 1405 1038 existimatio

69 1061 195 1111 gravis
226 1062 446 1101 habebatur
475 1070 513 1102 et
543 1062 689 1101 iudicia
719 1076 853 1102 severa
883 1062 1042 1110 fiebant,
1068 1064 1120 1102 ad
1151 1064 1253 1102 hanc
1279 1064 1404 1102 homi-

14 1139 50 1173 15
70 1139 165 1165 num
189 1125 396 1166 libidinem
416 1140 462 1166 ac
483 1127 682 1166 licentiam
705 1141 768 1166 me
789 1127 965 1174 abducis,
990 1135 1038 1175 et,
1062 1127 1102 1165 in
1124 1141 1225 1178 quos
1250 1128 1402 1178 aliquid

68 1191 238 1241 exempli
269 1193 439 1243 populus
471 1194 678 1232 Romanus
700 1191 816 1231 statui
847 1199 957 1242 putat
988 1200 1179 1243 oportere,
1202 1193 1253 1231 ab
1284 1193 1329 1232 iis
1360 1202 1401 1232 tu

68 1256 310 1295 defensionis
340 1258 520 1308 exempla
549 1257 736 1308 quaeris?
793 1258 886 1297 Non
918 1257 1024 1308 fugio
1054 1271 1104 1297 ne
1134 1258 1207 1296 hos
1237 1258 1400 1308 quidem

69 1334 208 1368 mores,
232 1322 329 1361 dum
351 1323 474 1362 modo
494 1336 541 1362 ex
561 1322 621 1361 his
642 1336 687 1361 ea
709 1335 810 1373 quae
831 1323 971 1373 probat
999 1323 1169 1373 populus
1192 1324 1401 1362 Romanus

68 1389 258 1439 exempla,
276 1401 358 1427 non
378 1401 425 1428 ea
445 1401 546 1439 quae
567 1389 810 1428 condemnat
831 1401 1053 1438 sequamur.
1113 1389 1207 1427 Non
1237 1388 1400 1427 circum-

11 1466 50 1490 20
68 1452 244 1504 spiciam,
267 1467 348 1493 non
370 1466 556 1504 quaeram
578 1453 670 1492 foris
688 1468 694 1491 :
724 1453 854 1492 habeo
876 1452 1025 1491 iudices
1047 1460 1179 1491 tecum
1201 1452 1398 1504 principes

67 1517 245 1565 civitatis,
270 1520 310 1557 P.
334 1517 541 1558 Servilium
571 1526 609 1557 et
641 1519 689 1566 Q.
714 1519 912 1564 Catulum,
935 1517 1002 1568 qui
1031 1525 1138 1556 tanta
1168 1518 1400 1557 auctoritate

67 1591 168 1631 sunt,
192 1583 309 1622 tantis
336 1584 452 1623 rebus
479 1583 608 1634 gestis,
632 1590 674 1621 ut
695 1582 733 1621 in
756 1582 823 1621 illo
842 1582 1207 1633 antiquissimorum
1238 1582 1400 1622 clarissi-

66 1661 302 1699 morumque
332 1648 551 1695 hominum,
582 1649 632 1687 de
662 1647 806 1698 quibus
835 1655 951 1686 antea
981 1647 1070 1694 dixi,
1095 1660 1260 1687 numero
1290 1661 1399 1698 repo-

65 1722 217 1753 nantur.
279 1715 471 1766 Exempla
501 1713 737 1765 quaerimus,
770 1720 808 1752 et
838 1725 884 1752 ea
913 1726 993 1751 non
1024 1712 1195 1762 antiqua.
1269 1714 1398 1752 Modo
1421 1730 1479 1753 211

8 1791 46 1824 ²5
65 1788 229 1830 uterque
260 1781 401 1820 horum
431 1779 645 1820 exercitum
675 1777 824 1818 habuit.
884 1779 1052 1827 Quaere,
1077 1777 1280 1824 Hortensi,
1303 1791 1397 1828 quo-

64 1845 170 1884 niam
201 1854 239 1884 te
269 1845 441 1885 recentia
471 1846 650 1896 exempla
680 1845 890 1891 delectant,
920 1843 1018 1893 quid
1047 1842 1220 1882 fecerint.
1283 1844 1397 1881 Itane

63 1912 184 1950 vero?
239 1912 287 1960 Q.
308 1912 473 1951 Catulus
494 1913 692 1949 frumento
712 1916 770 1949 est
791 1921 896 1956 usus,
912 1907 1122 1958 pecuniam
1143 1921 1224 1947 non
1244 1907 1397 1957 coegit3

64 1977 104 2014 P.
129 1976 313 2015 Servilius
343 1976 661 2026 quinquennium
692 1973 876 2014 exercitui
908 1986 999 2011 cum
1029 1979 1225 2023 praeesset
1255 1980 1293 2010 et
1323 1972 1396 2011 ista

62 2040 213 2080 ratione
243 2041 572 2081 innumerabilem
610 2039 818 2091 pecuniam
855 2040 982 2077 facere
1016 2050 1107 2076 cum
1137 2044 1279 2087 posset,
1311 2050 1394 2076 non

4 2117 46 2150 30
63 2106 196 2145 statuit
229 2106 302 2146 sibi
332 2106 546 2157 quicquam
574 2105 690 2144 licere
717 2104 826 2154 quod
860 2116 942 2142 non
976 2109 1126 2153 patrem
1152 2114 1280 2149 suum,
1312 2115 1394 2141 non

107 2220 126 2241 2
152 2210 240 2242 idem
258 2210 380 2243 fecisse
399 2211 430 2243 O
571 2220 591 2250 3
617 2208 699 2241 mihi
718 2217 773 2239 res
794 2206 825 2237 V
948 2216 983 2237 11
1011 2211 1111 2246 atque
1128 2217 1149 2235 π
1237 2215 1323 2244 quae
1340 2215 1394 2236 me

65 2253 96 2284 Ο
236 2265 273 2293 14
299 2260 333 2286 et
351 2278 359 2287 .
379 2280 386 2286 .
404 2279 411 2286 .
431 2255 559 2286 fiebant
576 2266 602 2285 s.
618 2254 637 2286 l.
650 2252 688 2293 p²
824 2260 867 2282 20
889 2249 997 2281 habeo
1009 2255 1046 2290 p,
1064 2253 1101 2279 ut
1114 2249 1162 2280 cO
1179 2260 1185 2279 :
1210 2249 1315 2280 habes
1330 2249 1396 2280 sive

64 2297 190 2328 habeas
208 2298 272 2329 rell.
464 2309 505 2329 22
529 2295 843 2337 antiquissimorum
867 2293 1195 2332 clarissimorumque
1211 2292 1281 2323 cO:
1307 2293 1393 2323 anti-

62 2350 204 2379 quorum
223 2346 255 2372 et
273 2341 531 2374 clarissimorum
545 2348 570 2384 p
588 2341 651 2372 rell.
768 2347 810 2378 25
834 2348 950 2369 eorum
971 2337 1002 2369 O
1118 2346 1160 2376 29
1184 2346 1257 2367 cum
1277 2340 1394 2376 posset

62 2383 110 2415 cO
127 2396 133 2415 :
159 2390 274 2424 posset
287 2390 311 2426 p
326 2387 391 2417 rell.
