1600 2704
69 95 182 141 2872
513 82 570 120 M.
603 74 773 116 TVLLI
806 61 1115 110 CICERONIS

587 188 776 229 disseram
802 188 956 220 tantum
987 173 1089 218 dico,
1116 174 1295 207 secutum
1325 161 1366 200 id
1396 170 1482 198 esse

879 242 988 294 quod
1030 232 1261 277 Cornelium
1303 227 1484 266 lictorem

911 320 963 347 on
988 310 1168 354 oportere
1193 308 1278 335 esse
1299 291 1486 340 cuiquam

983 370 989 375 '
1026 368 1044 404 '.
1080 358 1291 404 occidendi
1321 361 1489 407 potesta-

1272 430 1385 463 utum
1406 431 1491 458 esse
1511 429 1528 460 5

87 219 124 252 72
147 206 209 243 De
236 212 317 252 quo
348 210 398 236 ne
433 195 557 234 multa

148 271 351 308 Neronem
390 269 428 300 et
467 258 550 298 eius
598 249 834 293 consilium:

304 461 354 498 In
373 469 453 507 quo
468 453 586 492 video
613 444 783 487 Neronis
811 438 958 480 iudicio
989 446 1068 473 non
1093 439 1131 469 te
1158 426 1269 467 absol

452 519 522 557 sed
543 516 630 554 illos
651 513 860 551 damnatos
881 515 965 542 esse
987 496 1129 538 caedis.

667 576 673 583 ‘
946 566 952 572 ’
987 578 1004 603 s
1035 559 1145 600 modi
1172 556 1276 596 fuit?
1332 548 1492 593 Audite,

152 473 244 503 tem.

154 521 428 578 improbitatis,

89 737 143 775 29
163 722 245 762 dite
264 721 300 758 al

166 786 238 826 toti
262 783 382 823 Asiae
408 780 419 818 i

167 864 257 891 vera
288 846 465 887 minister
496 842 623 890 impro

171 904 430 956 Philodamus
478 902 649 946 Neronis
697 899 737 938 iu

172 979 423 1021 Dolabellam
444 980 486 1012 ut
516 971 566 1009 de
593 979 663 1006 sua
689 958 891 1015 provincia
915 957 942 995 d

171 1046 391 1089 ficiscatur3
432 1051 473 1076 se
511 1035 756 1074 demonstrat
787 1024 1027 1063 incolumem
1069 1026 1154 1053 esse
1197 1021 1278 1048 non
1318 1016 1447 1056 posse,

174 1110 413 1150 Philodamo
433 1102 563 1141 vivere
583 1105 702 1146 atque
723 1087 938 1140 aliquando
964 1085 1137 1121 Romam
1167 1073 1299 1114 venire
1326 1069 1510 1108 licuisset.
1536 1078 1572 1109 15

119 1190 156 1223 τε,
177 1178 415 1217 Commotus
450 1174 508 1206 est
541 1160 774 1202 Dolabella:
805 1148 993 1192 fecit-id
1021 1144 1130 1196 quod
1162 1138 1275 1179 multi
1309 1134 1516 1185 reprehen-

178 1242 419 1282 derunt—ut
440 1228 664 1272 exercitum,
691 1217 946 1274 provinciam,
962 1213 1110 1251 bellum
1139 1205 1386 1254 relinqueret,
1418 1205 1457 1236 et
1476 1195 1517 1233 in

182 1305 317 1346 Asiam
338 1296 511 1340 hominis
532 1286 764 1343 nequissimi
785 1295 902 1324 causa
923 1280 962 1318 in
984 1277 1151 1316 alienam
1170 1265 1413 1321 provinciam
1434 1274 1520 1312 pro-

183 1371 432 1410 ficisceretur.
493 1362 758 1406 Posteaquam
787 1350 838 1388 ad
864 1347 1067 1385 Neronem
1097 1335 1215 1382 venit,
1244 1327 1450 1371 contendit
1470 1325 1521 1365 ab

186 1450 234 1476 eo
272 1440 315 1473 ut
347 1424 571 1470 Philodami
603 1430 762 1461 causam
797 1413 1062 1463 cognosceret.
1121 1403 1295 1439 Venerat
1333 1395 1417 1445 ipse
1455 1390 1523 1441 qui
1545 1403 1584 1426 20

188 1509 290 1542 esset
310 1499 350 1536 in
381 1491 547 1534 consilio
577 1495 615 1527 et
648 1484 797 1536 primus
830 1472 1067 1517 sententiam
1101 1466 1275 1510 diceret3
1309 1460 1525 1499 adduxerat

191 1567 308 1607 etiam
330 1561 548 1613 praefectos
570 1560 608 1592 et
634 1549 813 1589 tribunos
832 1537 1007 1581 militaris
1030 1546 1132 1580 suos,
1149 1542 1249 1581 quos
1270 1527 1378 1565 Nero
1399 1520 1527 1561 omnis

192 1633 232 1670 in
267 1626 476 1669 consilium
509 1616 664 1659 vocavit
682 1629 691 1663 3
730 1618 810 1651 erat
848 1608 889 1645 in
921 1600 1087 1643 consilio
1117 1596 1235 1636 etiam
1269 1586 1529 1640 aequissimus

1043 1662 1147 1715 ogati
1181 1656 1393 1699 creditores
1415 1653 1531 1691 Grae-

194 1698 313 1736 iudex
340 1693 424 1743 ipse
452 1689 595 1726 Verres
610 1697 620 1731 3
654 1685 763 1720 erant
790 1687 871 1713 non
898 1668 995 1709 nulli
1026 1674 1040 1704 t

197 1773 345 1803 corum,
360 1755 504 1807 quibus
524 1750 576 1789 ad
591 1743 802 1796 exigendas
832 1733 1020 1789 pecunias
1041 1721 1321 1779 improbissimi
1342 1718 1533 1766 cuiusque
1555 1730 1569 1752 2
1576 1727 1592 1760 5

142 1837 181 1871 74
199 1824 315 1877 legati
335 1820 549 1873 plurimum
569 1815 729 1865 prodest
743 1809 873 1862 gratia.
934 1806 1007 1844 Ille
1020 1800 1137 1840 miser
1160 1795 1410 1835 defensorem
1430 1796 1537 1833 repe-

200 1892 273 1931 rire
311 1885 513 1927 neminem
552 1884 729 1931 poterat3
768 1874 855 1925 quis
896 1869 1001 1910 enim
1038 1870 1139 1904 esset
1170 1866 1237 1899 aut
1271 1860 1436 1905 togatus,
1469 1846 1537 1898 qui

204 1954 436 1995 Dolabellae
467 1946 598 1999 gratia,
627 1951 695 1983 aut
723 1944 908 1984 Graecus,
941 1932 1008 1985 qui
1040 1929 1217 1970 eiusdem
1244 1922 1281 1961 vi
1305 1928 1343 1959 et
1372 1912 1538 1965 imperio

616 2013 834 2049 Accusator
847 2010 979 2042 autem
992 1993 1204 2047 adponitur
1220 1987 1314 2028 civis
1331 1986 1538 2023 Romanus

594 2080 941 2125 ampsacenorumg
983 2062 1050 2113 qui
1085 2059 1116 2098 si
1144 2054 1304 2096 dixisset
1329 2047 1437 2099 quod
1467 2043 1540 2082 iste
1560 2053 1600 2084 30

422 791 491 818 ure
520 773 675 814 occisus
704 767 911 807 videbatur
937 759 1048 799 istius
1072 757 1137 794 ille
1167 750 1288 790 verbo
1315 746 1438 790 lictor,
1460 755 1501 780 re
1524 757 1561 778 ιε

626 833 811 876 bissimae
848 821 1087 877 cupiditatis,
1117 812 1318 870 pertimuit
1351 810 1424 848 iste
1453 820 1504 845 ne

740 895 845 936 dicio
891 891 1147 931 liberaretu13
1193 886 1302 930 rogat
1344 883 1381 914 et
1423 878 1506 911 orat

945 953 1094 997 ecedat,
1122 948 1174 987 ad
1201 946 1404 984 Neronem
1424 949 1506 988 pro-

1480 1014 1511 1038 si

205 2035 285 2061 non
307 2022 527 2058 moveretur
542 2014 558 2050 ?

207 2090 256 2127 (le
277 2080 535 2124 creditoribus
560 2079 592 2115 L

257 2201 269 2220 1
297 2186 402 2219 multa
419 2197 439 2215 π
455 2196 462 2215 :
488 2183 627 2214 multum
645 2177 709 2209 Dr
801 2184 820 2213 5
846 2168 994 2203 Neronis
1011 2162 1134 2197 iudicio
1149 2159 1204 2190 del.
1220 2155 1312 2188 Bake
1401 2160 1418 2189 7
1442 2145 1543 2180 suerit

211 2232 321 2265 audite
343 2241 383 2270 qr
399 2227 467 2260 cdd.
490 2237 559 2257 νεα.
683 2232 704 2261 9
727 2219 781 2250 his
798 2215 884 2248 codd.
1017 2219 1054 2246 17
1080 2207 1113 2237 in
1131 2203 1246 2234 Asiam
1265 2200 1348 2230 auct.
1366 2192 1454 2226 Iord.
1472 2189 1541 2221 secl.

212 2277 314 2316 Kays.
429 2273 470 2302 26
494 2279 566 2308 rep.
583 2276 671 2298 nem.
688 2268 758 2304 pot.
778 2261 846 2298 πύδ,
865 2254 1066 2293 Zielinskz'p.
1086 2258 1165 2289 193:
1192 2254 1279 2276 nem.
1298 2250 1369 2280 rep.
1388 2242 1458 2278 pot.
1481 2234 1544 2264 DQ

213 2330 256 2360 30
279 2318 367 2358 quod
386 2317 448 2348 iste
468 2313 623 2344 iussisset
640 2320 664 2340 s.
678 2308 698 2338 l.
714 2306 748 2347 [1²
