1600 2704
84 138 354 178 ACTIONIS
385 139 448 178 IN
476 138 522 178 c.
545 138 790 176 VERREM
817 138 1117 177 SECVNDAE
1149 138 1252 175 LIB.
1276 138 1319 175 11
1362 146 1414 184 24
1437 91 1549 185 53⁶5

85 256 222 301 postea
260 262 342 287 non
380 248 599 300 potuisset3
641 246 836 294 inimicus,
877 246 1000 285 hostis
1039 254 1141 285 esset
1180 254 1288 284 tanta
1326 260 1417 285 con-

84 313 247 352 tumelia
265 321 439 364 accepta,
461 313 536 351 nisi
565 320 696 351 tecum
726 319 810 351 tum
837 311 1072 350 conlusisset
1096 319 1135 349 et
1165 318 1256 349 tuae
1286 311 1417 360 potius

85 377 363 417 existimationi
390 377 569 416 servisset
598 390 717 427 quam
745 389 848 415 suae.
909 375 990 425 Qui
1018 388 1138 426 quam
1167 375 1238 414 tibi
1267 375 1417 413 amicus

84 456 166 481 non
197 444 320 482 modo
353 451 437 481 turn
468 442 582 480 fuerit
612 455 732 492 quarn
764 443 831 480 diu
866 448 998 479 tecum
1032 441 1072 479 in
1101 440 1303 491 provincia
1332 440 1415 486 suit,

46 522 63 554 5
84 519 219 546 verum
240 506 358 545 etiam
379 519 486 545 nunc
515 506 563 545 sit
589 519 680 545 cum
707 506 785 544 iarn
809 519 831 544 a
858 507 996 544 ceteris
1021 505 1157 543 amicis
1179 505 1335 543 relictus
1362 517 1414 551 es,

83 578 122 610 et
142 579 184 609 tu
205 571 397 621 intellegis
417 579 456 610 et
476 584 548 610 nos
569 570 788 609 existimare
810 583 1039 620 possumus:
1092 572 1157 608 An
1184 571 1260 608 hoc
1288 571 1416 608 solum

83 643 358 686 argumentum
392 643 451 674 est
484 635 581 673 nihil
613 635 687 674 isto
720 636 968 685 imprudente
998 635 1157 682 factum,
1186 635 1295 684 quod
1325 636 1417 672 Vol-

83 700 207 739 catius
239 700 275 739 ei
306 713 388 739 non
419 700 672 739 succensuit?
715 701 825 750 quod
854 700 927 738 iste
955 712 1086 750 neque
1120 699 1159 737 in
1190 699 1416 737 Volcatium

82 777 213 815 neque
244 764 284 803 in
318 765 483 804 Bidinos
515 765 821 804 animadvertit?
878 766 949 803 Est
988 778 1175 815 magnum
1214 777 1416 815 argumen-
1435 782 1476 814 59

25 845 64 868 10
83 837 178 876 tum,
201 843 336 869 verum
357 830 454 869 illud
475 830 701 877 maximum,
725 831 834 879 quod
860 829 935 868 illis
963 831 1056 879 ipsis
1084 829 1248 876 Bidinis,
1271 829 1415 879 quibus

82 894 155 933 iste
175 895 294 933 iratus
319 907 404 933 esse
431 894 579 941 debuit,
602 907 625 932 a
653 894 796 944 quibus
827 894 1029 944 comperit,
1053 895 1162 944 quod
1192 894 1274 932 iure
1301 907 1416 944 agere

81 972 174 997 cum
205 959 387 1008 Epicrate
416 958 513 997 nihil
542 966 714 1009 possent,
745 958 898 997 etiamsi
927 959 1094 1005 adesset,
1121 958 1268 997 idcirco
1299 971 1414 996 suum

81 1024 284 1062 decretum
314 1022 482 1073 pecunia
511 1036 597 1061 esse
626 1029 886 1072 temptatum:
929 1022 984 1068 iis,
1008 1022 1182 1071 inquam,
1211 1022 1303 1072 ipsis
1333 1035 1414 1060 non

82 1089 204 1126 modo
234 1087 339 1125 illam
368 1087 626 1126 hereditatem
657 1099 759 1137 quae
790 1086 964 1136 Epicrati
996 1095 1165 1132 venerat,
1192 1088 1273 1132 sed,
1303 1094 1345 1124 ut
1374 1086 1414 1124 in

25 1167 62 1199 ¹5
84 1152 272 1191 Heraclio
303 1153 556 1201 Syracusano,
586 1151 680 1190 item
713 1151 753 1189 in
785 1151 1050 1201 hoq—paulo
1082 1152 1199 1189 etiam
1232 1151 1411 1197 atrocius,

81 1218 191 1267 quod
220 1217 422 1266 Epicrates
451 1218 670 1266 appellatus
700 1216 865 1255 omnino
894 1229 976 1255 non
1006 1217 1264 1264 erat‚—bona
1291 1217 1414 1266 patria

80 1283 335 1331 fortunasque
377 1282 460 1320 eius
501 1281 653 1320 Bidinis
691 1281 864 1320 tradidit.
939 1281 1126 1321 Ostendit
1164 1282 1270 1320 enim
1309 1295 1414 1320 novo

80 1346 214 1392 modo,
237 1345 268 1383 si
289 1344 375 1395 quis
396 1344 493 1395 quid
519 1346 570 1384 de
590 1346 754 1384 absente
784 1352 944 1395 peteret,
968 1359 1010 1384 se
1038 1346 1276 1385 auditurum.
1335 1348 1414 1386 Ad-

79 1417 174 1449 eunt
213 1410 358 1457 Bidini,
392 1417 531 1460 petunt
570 1410 827 1449 hereditatem
847 1425 857 1458 5
904 1418 1174 1460 procuratores
1214 1412 1413 1461 postulant

22 1492 60 1515 20
79 1482 122 1514 ut
144 1488 184 1513 se
204 1476 256 1514 ad
275 1476 380 1524 leges
400 1488 488 1513 suas
510 1474 642 1514 reiciat
671 1482 738 1513 aut
765 1488 812 1514 ex
838 1477 923 1526 lege
952 1475 1111 1525 Rupilia
1137 1477 1267 1514 dicam
1297 1475 1411 1514 scribi

79 1540 222 1579 iubeat.
291 1540 514 1578 Adversarii
553 1553 634 1578 non
674 1540 877 1578 audebant
911 1548 1048 1578 contra
1086 1540 1239 1579 dicere:
1288 1540 1413 1579 exitus

78 1606 208 1643 nullus
229 1603 503 1654 reperiebatur.
564 1604 802 1643 Insimulant
830 1604 1033 1643 hominem
1061 1605 1267 1644 fraudandi
1294 1618 1412 1644 causa

78 1669 306 1709 discessisse
320 1684 330 1717 ,·
358 1671 558 1720 postulant
589 1677 630 1707 ut
660 1670 766 1709 bona
794 1669 996 1719 possidere
1023 1670 1166 1709 iubeat.
1227 1671 1411 1709 Debebat
1430 1679 1473 1713 60

80 1735 283 1786 Epicrates
317 1748 526 1773 nummum
556 1736 708 1774 nullum
742 1734 892 1774 nemini
910 1749 920 1782 3
960 1735 1088 1782 amici,
1124 1735 1156 1774 si
1189 1737 1277 1786 quis
1315 1736 1412 1786 quid

20 1809 59 1847 25
78 1808 238 1850 peteret,
270 1799 417 1839 iudicio
449 1813 490 1839 se
523 1813 717 1850 passuros,
746 1800 965 1839 iudicatum
997 1800 1095 1840 solvi
1126 1801 1218 1840 satis
1250 1802 1410 1840 daturos

78 1877 164 1904 esse
197 1864 394 1903 dicebant.
461 1865 565 1904 Cum
604 1864 738 1903 omnia
771 1866 936 1905 consilia
975 1865 1168 1917 frigerent,
1202 1865 1408 1905 admonitu
1428 1876 1479 1916 25

77 1929 187 1968 istius
208 1928 432 1968 insimulare
457 1936 672 1978 coeperunt
703 1931 928 1980 Epicratem
952 1931 1100 1970 litteras
1128 1931 1305 1981 publicas
1330 1943 1410 1969 cor-

77 1993 238 2043 rupisse,
260 2005 283 2031 a
316 2006 394 2042 qua
423 1993 647 2043 suspicione
676 1995 742 2032 ille
770 1995 905 2035 aberat
933 1995 1174 2046 plurimum:
1212 1994 1410 2033 actionem

120 2106 140 2126 2
164 2101 274 2127 tecum
291 2101 360 2126 tum
381 2094 454 2136 Opq
470 2106 477 2126 :
501 2100 614 2126 tecum
631 2095 720 2137 vulg.
870 2109 889 2136 4
913 2104 983 2130 turn
1002 2098 1089 2130 codd.
1107 2111 1114 2130 t
1139 2104 1204 2130 tam
1225 2099 1279 2130 diu
1297 2098 1410 2131 Muell.

75 2141 97 2169 6
118 2140 222 2171 Ad.O
236 2151 242 2169 :
256 2140 404 2179 fortasse
418 2139 486 2170 At?
575 2140 596 2169 8
620 2149 732 2179 neque
750 2164 757 2171 .
777 2163 784 2171 .
807 2163 814 2170 .
833 2150 945 2180 neque
964 2141 1036 2181 Oq:
1061 2153 1123 2173 nec
1143 2167 1150 2173 .
1169 2166 1176 2173 .
1198 2168 1204 2174 .
1223 2153 1333 2182 neque
1346 2148 1410 2183 pr:

75 2193 138 2214 nec
155 2206 164 2213 .
182 2207 189 2214 .
213 2207 219 2214 .
236 2193 299 2213 nec
315 2183 334 2213 b
350 2181 419 2213 edd.
529 2191 550 2221 9
573 2183 721 2213 animum
739 2183 921 2224 advertitp
1027 2195 1062 2215 11
1090 2187 1154 2216 iste
1172 2185 1284 2217 Muell.
1306 2198 1313 2216 τ
1337 2187 1410 2225 ipse

74 2225 144 2256 cO:
167 2236 233 2256 om.
257 2225 365 2256 Vrell.
503 2234 542 2265 13
567 2225 595 2256 is
615 2224 665 2256 V:
685 2227 740 2257 his
756 2227 846 2267 vulg.
986 2228 1024 2258 18
1049 2229 1091 2259 de
1112 2229 1161 2259 V:
1185 2239 1251 2260 om.
1266 2229 1310 2269 pb
1322 2230 1384 2260 rell.
1404 2241 1410 2259 :

74 2269 115 2299 ab
131 2269 220 2310 vulg.
324 2279 362 2299 se
379 2279 446 2300 om,
468 2267 500 2297 V
671 2279 714 2301 20
737 2270 845 2301 dicam
867 2270 932 2311 Vp
948 2270 991 2302 al.
1011 2282 1018 2302 :
1043 2271 1136 2303 litem
1155 2272 1197 2303 01
1216 2284 1222 2302 :
1248 2273 1356 2311 legem
1374 2272 1411 2302 ὂδ

75 2322 115 2351 23
139 2312 253 2343 iubeat
271 2312 358 2343 VcO¹
374 2323 380 2343 :
404 2311 505 2342 liceat
517 2316 542 2352 p
560 2311 625 2342 rell.
791 2324 833 2352 24
859 2314 988 2345 nullum
1006 2325 1073 2347 om.
1097 2314 1146 2346 V:
1172 2315 1299 2347 nullum
1316 2326 1409 2347 num-

75 2365 163 2386 mum
179 2356 198 2386 b
214 2356 258 2387 al.
