1600 2704
100 89 158 134 69
187 94 248 126 166
554 92 608 128 M.
641 91 808 128 TVLLI
840 91 1147 130 CICERONIS

185 204 193 219 ‘
207 202 391 239 Aratores
418 201 565 240 inimici
587 210 677 240 sunt
701 210 860 252 propter
880 203 1092 241 decumas.'
1150 202 1288 251 Quid?
1309 202 1375 253 qui
1396 216 1508 253 agros

183 265 368 305 immunis
394 266 618 316 liberosque
644 275 764 314 arant,
788 280 856 305 cur
883 268 1080 305 oderunt?
1108 280 1176 304 cur
1202 266 1419 314 Halaesini,
1441 280 1509 305 cur

182 331 440 382 Centuripini,
463 345 532 370 cur
559 332 771 381 Segestani,
799 346 867 370 cur
889 332 1178 381 Halicyenses?
1235 333 1356 380 Quod
1385 344 1508 381 genus

183 396 398 443 hominum,
422 410 541 446 quem
568 410 785 442 numerum,
809 409 928 446 quem
950 396 1129 435 ordinem
1155 397 1326 446 proferre
1346 409 1506 446 possum

181 461 247 510 qui
271 469 308 499 te
329 475 408 499 non
430 461 567 509 oderit,
591 461 671 499 sive
692 460 836 499 civium
864 462 1135 499 Romanorum
1157 460 1237 498 sive
1258 460 1508 499 Siculorum?
1529 470 1546 502 5

182 534 233 572 ut,
257 525 408 564 etiamsi
429 539 566 563 causas
595 539 664 563 cur
690 533 728 564 te
755 525 909 564 oderint
936 539 1016 564 non
1042 525 1189 575 possim
1210 525 1355 573 dicere,
1375 533 1507 563 tamen

180 590 276 628 illud
302 590 516 628 dicendum
544 597 694 639 putem,
715 603 833 639 quem
855 603 994 628 onmes
1024 591 1207 628 mortales
1228 590 1393 637 oderint,
1416 603 1506 628 eum

100 658 159 700 167
180 654 291 692 vobis
319 667 478 703 quoque
499 654 593 692 odio
622 667 706 692 esse
733 662 923 703 oportere.
983 656 1047 692 An
1075 656 1150 693 hoc
1175 654 1305 693 dicere
1328 654 1504 700 audebis,

181 727 309 756 utrum
338 720 388 756 de
418 727 455 756 te
484 728 666 765 aratores,
698 726 828 756 utrum
853 719 1027 768 denique
1057 718 1176 757 Siculi
1207 718 1374 757 universi
1407 719 1507 756 bene

179 783 411 829 existiment,
453 791 520 821 aut
563 796 643 832 quo
682 785 803 822 modo
845 783 1078 831 existiment,
1123 785 1176 822 ad
1217 797 1299 822 rem
1338 783 1378 822 id
1426 797 1505 821 non
1532 796 1567 817 10

179 849 402 898 pertinere?
459 849 601 898 Neque
636 856 677 886 tu
716 849 793 886 hoc
827 848 958 887 dicere
990 848 1167 896 audebis,
1202 862 1274 887 nec
1309 848 1339 887 si
1371 848 1506 898 cupias

178 913 335 960 licebit3
376 912 547 963 eripiunt
586 912 691 951 enim
731 912 802 951 tibi
842 912 956 951 istam
995 913 1214 952 orationem
1252 920 1505 951 contemnen-

176 979 317 1016 dorum
355 977 574 1016 Siculorum
612 985 731 1027 atque
763 985 958 1016 aratorum
991 985 1141 1016 statuae
1174 978 1262 1016 illae
1293 986 1502 1027 equestres,

176 1056 273 1092 quas
295 1052 335 1080 tu
358 1045 476 1092 paulo
495 1050 587 1081 ante
608 1056 727 1091 quam
747 1044 798 1080 ad
820 1043 957 1080 urbem
979 1042 1130 1080 venires
1150 1042 1245 1092 poni
1266 1041 1505 1091 inscribique

176 1107 331 1155 iussisti,
374 1116 414 1146 ut
456 1107 633 1145 omnium
678 1107 925 1145 inimicorum
966 1116 1121 1145 tuorum
1160 1106 1313 1145 animos
1350 1119 1506 1144 accusa-
1528 1119 1563 1151 15

97 1179 158 1211 168
177 1180 386 1222 torumque
408 1173 588 1210 tardares.
650 1171 749 1220 Quis
775 1171 879 1210 enim
902 1171 971 1209 tibi
994 1173 1182 1209 molestus
1202 1178 1304 1209 esset
1329 1178 1396 1209 aut
1417 1171 1504 1221 quis

174 1239 372 1287 appellare
393 1245 430 1275 te
455 1238 631 1279 auderet,
652 1249 743 1274 curn
764 1235 913 1274 videret
934 1243 1080 1274 statuas
1105 1236 1155 1274 ab
1182 1235 1501 1284 negotiatoribus,

174 1302 225 1339 ab
245 1301 473 1347 aratoribus,
496 1315 519 1339 a
539 1302 742 1339 communi
772 1300 925 1339 Siciliae
945 1300 1121 1350 positas?
1177 1301 1298 1348 Quod
1318 1308 1376 1338 est
1396 1299 1503 1339 aliud

175 1367 213 1403 in
253 1366 317 1404 illa
356 1366 556 1416 provincia
594 1379 717 1415 genus
757 1365 995 1404 hominum?
1062 1366 1236 1403 Nullum.
1311 1366 1415 1413 Ergo
1452 1365 1504 1403 ab

174 1431 353 1470 universa
387 1431 602 1481 provincia,
633 1432 928 1480 generatimque
957 1443 979 1468 a
1008 1430 1169 1480 singulis
1198 1430 1280 1468 eius
1314 1429 1501 1480 partibus,
1525 1441 1564 1462 20

173 1510 254 1534 non
274 1499 400 1535 solum
423 1496 605 1546 diligitur,
627 1498 696 1535 sed
717 1496 834 1534 etiam
856 1503 1027 1534 ornatur.
1069 1495 1168 1544 Quis
1189 1497 1294 1533 hunc
1314 1495 1503 1545 attingere

172 1562 345 1599 audeat?
419 1564 533 1599 Potes
573 1561 687 1611 igitur
732 1560 862 1599 dicere
901 1560 998 1598 nihil
1037 1560 1107 1598 tibi
1146 1560 1286 1598 obesse
1323 1568 1503 1610 oportere

172 1634 380 1673 aratorum,
409 1625 707 1675 negotiatorum,
732 1626 1034 1674 Siculorumque
1064 1626 1243 1662 omnium
1265 1624 1499 1670 testimonia,

175 1703 265 1728 cum
295 1704 429 1728 eorum
461 1690 688 1728 nominibus
722 1690 761 1727 in
785 1698 1000 1728 statuarum
1030 1688 1284 1738 inscriptione
1309 1688 1501 1739 oppositis

175 1768 333 1793 omnem
370 1763 407 1793 te
441 1754 605 1804 speraris
639 1754 827 1793 invidiam
859 1761 979 1803 atque
1011 1752 1211 1791 infamiam
1246 1760 1352 1791 tuam
1385 1766 1500 1802 posse
1523 1767 1560 1799 ²5
1597 1765 1600 1817 1

219 1869 238 1887 2
263 1864 358 1889 erant
379 1858 439 1888 VO
529 1869 548 1896 4
574 1858 684 1897 possis
701 1858 739 1887 ὂδ
836 1859 858 1888 6
881 1867 1000 1888 causas
1018 1857 1105 1888 VCO
1120 1869 1126 1887 :
1151 1867 1285 1888 causam
1303 1858 1417 1895 (causa
1431 1862 1466 1896 p*
1481 1863 1503 1897 p
1596 1859 1598 1884 l

1599 1924 1600 1948 l

177 1902 241 1933 rell.
305 1903 431 1941 possim
445 1900 524 1942 COp
537 1902 581 1932 al.
598 1913 604 1930 :
623 1911 759 1941 possum
778 1901 809 1930 V
893 1902 913 1931 8
936 1901 1034 1931 vobis
1047 1911 1180 1940 quoque
1196 1901 1275 1940 COp
1287 1901 1349 1931 al.:
1367 1910 1502 1940 quoque

176 1946 270 1975 vobis
291 1945 337 1975 Vb
518 1956 540 1984 9
564 1950 672 1975 utrum
698 1945 927 1983 negotiatores
945 1947 1023 1984 post
1045 1950 1196 1975 aratores
1221 1944 1297 1974 add.
1320 1944 1499 1975 Garatom:

175 1989 212 2026 ‘f-
224 1989 255 2019 ll.
280 1999 326 2027 17,
345 1999 386 2027 23
405 1992 437 2025 (ξ
460 1990 519 2019 188
536 1989 639 2028 infra)
734 1999 773 2019 10
796 1993 854 2019 aut
870 1987 939 2018 edd.
956 1999 962 2017 :
986 1998 1028 2018 an
1047 1987 1106 2018 CO
1124 1988 1157 2027 (5
1182 1997 1242 2026 144
1259 1993 1375 2026 supra}
1444 1993 1501 2017 aut

175 2040 247 2068 [ani
265 2043 330 2070 quo
347 2033 444 2062 inodo
462 2032 658 2062 existiment
676 2030 755 2062 CO:
779 2042 846 2063 om.
871 2031 979 2062 Vrell.
1085 2041 1119 2060 11
1147 2031 1262 2070 cupias
1280 2030 1338 2061 CO
1355 2042 1360 2060 :
1386 2031 1501 2070 cupies

180 2075 227 2115 Vp
245 2076 307 2105 rell.
463 2085 500 2105 12
525 2075 616 2105 enim
635 2075 714 2105 CO:
738 2085 804 2105 om.
828 2073 896 2104 an
1007 2074 1330 2105 contemnendorum
1349 2098 1356 2105 .
1378 2098 1384 2104 .
1406 2098 1411 2104 .
1429 2084 1499 2104 ara-

175 2124 280 2147 torum
303 2119 407 2148 Garat
436 2122 516 2148 (mss.
536 2119 603 2149 secl.
624 2118 739 2148 Muell.
856 2127 894 2156 15
919 2117 1130 2148 inimicorum
1152 2117 1261 2149 Vrell.
1281 2128 1287 2147 :
1312 2116 1500 2155 iniquorum

177 2159 235 2190 CO
253 2162 285 2199 (j,
306 2164 321 2197 ξ
345 2172 397 2199 19»
577 2171 613 2200 17
639 2161 811 2201 appellare
834 2166 867 2191 te
888 2161 938 2190 V:
963 2160 1151 2200 appellaret
1170 2160 1219 2191 C:
1242 2161 1414 2199 appellare
1431 2160 1498 2191 rcll.

175 2214 192 2232 a
213 2209 327 2242 negot.
350 2205 394 2233 171
544 2206 582 2234 18
606 2205 649 2235 ab
665 2210 744 2235 arat.
769 2204 836 2243 Vpb
853 2215 919 2235 om.
941 2203 1020 2243 COq
1124 2203 1241 2234 Sicilia
1261 2203 1318 2233 VC
1333 2203 1498 2242 (coma-ae)

177 2246 229 2276 O:
258 2251 293 2284 ἐξ
317 2257 382 2284 114,
407 2257 475 2286 145,
498 2258 555 2286 154
573 2253 675 2286 supra
775 2248 904 2285 positas
926 2247 973 2277 V:
997 2258 1063 2277 om.
1085 2247 1182 2286 COp
1200 2246 1266 2277 rell.
1417 2257 1458 2276 20
1482 2256 1500 2276 a

176 2288 298 2328 COpb:
322 2291 362 2319 ab
380 2291 446 2329 Vqr
546 2302 586 2321 22
614 2291 728 2321 Potest
750 2290 806 2320 l'C
920 2300 961 2329 23
985 2300 1049 2329 quc
1066 2300 1131 2321 om.
1156 2290 1188 2319 V
1287 2299 1327 2328 25
1351 2289 1500 2328 speraris

179 2332 287 2362 VFO:
312 2333 464 2371 ‹qun-abis
482 2334 547 2364 ΝΗ.
