1600 2704
1430 120 1474 134 ‘ff

383 126 445 164 IN
475 127 524 175 Q.
557 128 878 171 CAECILIVM
909 135 1126 178 ORAT1o
1372 143 1477 192 2167'

83 231 180 269 tudo
220 233 339 283 longo
373 234 578 276 intervallo
613 241 777 289 repetita
809 255 856 281 ac
891 246 1020 293 relata,
1059 249 1255 289 sociorum
1292 255 1416 303 queri-

81 295 238 335 moniae
267 300 420 339 delatae
450 303 501 340 ad
534 304 736 344 hominem
767 320 848 346 non
884 308 1175 362 inertissimum,
1209 327 1414 368 susceptae

78 360 129 398 ab
157 374 204 400 eo
225 363 293 412 qui
318 364 524 405 videbatur
550 382 686 408 eorum
718 372 893 412 fortunas
924 376 1002 415 fide
1031 378 1314 431 diligentiaque
1344 397 1412 423 sua

77 437 195 474 posse
221 429 445 470 defendere.
506 435 600 473 Hoc
627 435 767 475 timent
797 439 993 489 homines,
1014 443 1091 481 hoc
1121 445 1311 493 laborant,
1336 449 1411 487 hoc
1432 458 1472 489 68

39 499 57 531 5
77 489 226 530 institui
255 501 375 544 atque
404 498 505 536 adeo
535 498 757 539 institutum
793 505 922 542 referri
957 519 1002 545 ac
1037 510 1213 548 renovari
1246 514 1411 553 moleste

76 554 205 594 ferunt
219 571 230 604 3
259 567 399 608 putant
419 562 501 601 fore
522 571 575 610 ut,
598 564 630 602 si
655 567 844 615 paulatim
866 570 964 608 haec
984 576 1234 614 consuetudo
1255 589 1409 628 serpere

74 631 120 657 ac
157 622 314 670 prodire
348 627 531 676 coeperit,
567 641 637 678 per
670 632 852 671 homines
891 636 1191 677 honest1ssimos
1226 641 1407 693 virosque

73 684 316 735 fortissimos,
349 703 429 728 non
464 691 666 742 imperitos
701 698 1021 739 adulescentulos
1056 711 1123 741 aut
1160 704 1261 744 illius
1298 710 1405 748 modi

72 751 396 802 quadruplatores
418 757 522 807 leges
543 758 769 811 iudiciaque
789 765 1121 807 administrentur.
1174 771 1296 810 Cuius
1314 787 1405 812 con-
1424 780 1466 824 69

14 828 52 851 10
71 816 291 856 suetudinis
330 828 450 870 atque
484 822 651 863 instituti
687 834 815 875 patres
851 829 1098 882 maioresque
1131 843 1287 875 nostros
1322 852 1403 878 non

69 879 297 927 paenitebat
328 892 411 923 tum
442 900 533 926 cum
564 890 605 926 P.
639 891 842 940 Lentulus,
875 894 905 932 is
934 896 1001 945 qui
1031 898 1213 950 princeps
1244 911 1402 943 senatus

68 943 151 991 suit,
174 949 386 988 accusabat
418 953 485 990 Μ’.
509 954 713 1003 Aquilium
742 958 1007 1008 subscriptore
1029 963 1072 1001 C.
1099 965 1250 1004 Rutilio
1281 968 1399 1015 Rufo,

67 1017 135 1047 aut
165 1024 255 1050 cum
286 1016 327 1052 P.
351 1016 570 1065 Africanus,
602 1021 723 1059 homo
744 1022 895 1071 virtute,
926 1026 1095 1075 fortuna,
1122 1030 1254 1078 gloria,
1285 1033 1401 1072 rebus

66 1076 185 1122 gestis
208 1079 484 1128 amplissimus,
508 1091 766 1135 posteaquam
793 1087 852 1126 bis
882 1092 1021 1129 consul
1043 1099 1081 1130 et
1103 1106 1243 1133 censor
1263 1097 1397 1144 fuerat,

9 1153 46 1186 15
67 1139 110 1176 L.
136 1141 295 1180 Cottam
323 1143 361 1182 in
389 1145 578 1185 iudicium
600 1151 778 1190 vocabat.
844 1154 934 1192 Iure
962 1162 1045 1193 turn
1070 1158 1234 1197 florebat
1262 1164 1398 1211 populi

65 1204 239 1244 Romani
273 1221 432 1257 nornen,
466 1211 548 1251 iure
581 1216 793 1255 auctoritas
827 1218 944 1258 huius
979 1220 1116 1271 imperi
1150 1224 1399 1277 civitatisque

63 1269 244 1309 maiestas
278 1274 404 1323 gravis
439 1277 669 1318 habebatur.
730 1283 862 1321 Nemo
894 1285 1109 1326 mirabatur
1138 1288 1177 1327 in
1208 1292 1397 1332 Africano

60 1331 138 1380 illo,
162 1338 271 1385 quod
301 1338 341 1376 in
373 1353 436 1379 me
467 1355 584 1391 nunc,
608 1346 769 1386 homine
799 1349 926 1398 parvis
957 1351 1100 1401 opibus
1129 1367 1176 1392 ac
1205 1356 1396 1396 facultati-

60 1398 133 1438 bus
167 1403 357 1451 praedito,
394 1406 579 1447 simulant
614 1423 699 1450 sese
734 1413 875 1461 mirari,
911 1429 1001 1454 curn
1038 1420 1202 1459 moleste
1241 1423 1392 1462 ferunt:

0 1480 40 1502 20
63 1465 194 1514 ‘Quid
216 1467 289 1507 sibi
311 1469 383 1509 iste
403 1473 515 1511 vult?
543 1485 867 1518 accusatoremne
887 1494 928 1520 se
949 1482 1168 1531 existimari,
1189 1486 1256 1535 qui
1276 1496 1393 1527 antea
1415 1503 1452 1537 70

57 1530 270 1571 defendere
300 1545 519 1585 consuerat,
549 1553 655 1580 nunc
685 1544 924 1592 praesertim,
954 1560 999 1585 ea
1030 1548 1106 1586 iarn
1137 1558 1275 1598 aetate,
1299 1566 1390 1591 cum

55 1595 294 1637 aedilitatem
326 1604 486 1650 petat?'
544 1607 629 1656 Ego
657 1621 749 1647 vero
778 1618 817 1648 et
845 1612 984 1651 aetatis
1014 1627 1095 1652 non
1126 1617 1247 1655 modo
1279 1631 1390 1657 meae

55 1661 125 1699 sed
146 1664 271 1702 multo
291 1665 408 1704 etiam
430 1670 650 1719 superioris,
674 1681 712 1711 et
742 1675 902 1714 honoris
929 1678 1161 1728 amplissimi
1185 1689 1282 1730 puto
1304 1697 1390 1723 esse

54 1732 92 1762 et
112 1739 296 1768 accusare
321 1730 522 1782 improbos
550 1743 588 1774 et
618 1737 780 1778 miseros
809 1742 1139 1794 calamitososque
1160 1747 1384 1788 defendere.

0 1804 33 1836 25
56 1791 106 1828 Et
135 1794 312 1842 profecto
345 1806 413 1836 aut
442 1799 519 1838 hoc
550 1803 769 1842 remedium
798 1814 856 1844 est
889 1817 1071 1858 aegrotae
1102 1823 1148 1849 ac
1175 1824 1298 1863 prope
1322 1816 1386 1853 de-

52 1865 229 1905 speratae
258 1860 311 1899 rei
342 1863 524 1911 publicae
555 1865 789 1920 iudiciisque
814 1874 1006 1923 corruptis
1037 1883 1075 1913 et
1107 1878 1385 1919 contaminatis

50 1933 266 1970 paucorum
288 1926 383 1966 vitio
411 1942 457 1967 ac
487 1931 740 1981 turpitudine,
766 1937 947 1977 homines
977 1940 1028 1978 ad
1058 1942 1189 1991 legum
1218 1944 1386 1983 defensi-

49 1998 169 2025 onem
190 1988 506 2044 iudiciorumque
526 1999 799 2039 auctoritatem
814 2015 933 2052 quam
956 2005 1256 2047 honestissimos
1274 2018 1312 2049 et
1329 2010 1385 2049 in·

49 2052 274 2101 tegerrimos
289 2055 689 2113 diligentissimosque
702 2067 890 2106 accedere
899 2082 909 2115 ,·
930 2077 1008 2117 aut,
1019 2070 1049 2108 si
1065 2085 1114 2110 ne
1128 2073 1204 2112 hoc
1218 2075 1381 2124 quidem

0 2127 27 2156 ιο
46 2118 234 2166 prodesse
263 2122 418 2170 poterit,
441 2126 618 2174 profecto
648 2130 754 2168 nulla
784 2144 972 2182 umquam
1004 2136 1201 2176 medicina
1232 2139 1291 2178 his
1323 2148 1380 2181 tot

86 2232 106 2260 4
131 2222 287 2255 homines
304 2225 372 2258 secl.
388 2227 434 2258 A.
452 2228 626 2262 Eberhard
717 2236 738 2265 6
763 2236 809 2266 uti
829 2235 868 2276 Gl
886 2239 930 2270 al.
1034 2250 1073 2272 21
1101 2251 1281 2277 consuerat
1299 2248 1356 2278 Dtr
1372 2262 1380 2280 :

43 2273 265 2298 consueverat
276 2268 344 2299 KZ
355 2270 398 2302 al.
467 2283 508 2313 25
533 2280 672 2314 aegrote
685 2276 854 2320 DGIKZp
869 2293 876 2311 :
902 2289 1041 2322 egrotae
1054 2286 1088 2316 rb
1107 2298 1113 2317 :
1139 2292 1309 2328 egrotanti
1326 2293 1353 2323 L
1371 2306 1379 2324 :

42 2314 240 2347 aegrotante
260 2311 302 2350 G2
449 2319 491 2347 26
516 2323 549 2349 et
567 2325 713 2353 contam.
735 2321 822 2363 Lq‘·'r
836 2324 915 2358 Asc.
936 2339 943 2358 ε
967 2338 1006 2360 ac
1024 2335 1168 2362 contam.
1191 2331 1229 2371 Gl
1248 2334 1289 2366 al.
1309 2347 1315 2368 :
1342 2342 1377 2367 et

43 2350 316 2387 incontaminatis
334 2356 368 2387 D
384 2357 426 2390 al.
441 2360 500 2401 pq¹
