1600 2704
1499 58 1534 76 νίν

139 47 408 93 ACTIONIS
440 56 503 96 IN
532 60 576 98 C.
602 63 841 107 VERREM
873 73 1170 120 sEchDAE
1203 86 1304 126 Lm.
1330 91 1347 128 1
1391 103 1440 140 19
1460 76 1525 142 54²

106 219 215 257 domi
235 234 390 274 semper
410 229 583 280 fuissent,
608 249 654 274 ex
674 240 818 288 quibus
846 257 1084 299 quaererem,
1108 255 1217 305 signa
1238 261 1433 305 scirentne

102 282 221 323 fuisse
241 299 343 336 quae
369 305 449 331 non
474 302 635 339 essent?
681 305 791 352 Quid
821 316 903 348 tum
936 313 1007 352 hos
1039 318 1089 355 de
1122 327 1160 358 te
1192 321 1430 369 iudicaturos
1450 317 1503 384 „²⁰

99 348 306 391 arbitratus
333 369 388 404 es,
409 371 500 398 cum
521 362 698 406 viderent
726 378 763 408 te
790 370 866 411 iam
888 388 969 414 non
997 389 1132 420 contra
1159 397 1427 431 accusatorem
1450 380 1489 407 ⁵²

58 426 78 457 5
97 419 219 462 tuum,
243 419 313 456 sed
343 430 479 463 contra
505 438 754 477 quaestorem
784 447 1057 494 sectoremque
1085 455 1290 499 pugnare?
1336 458 1427 506 Qua

95 476 146 514 de
187 491 228 517 re
266 483 549 529 Charidemum
589 495 735 536 Chium
785 503 1052 547 testimonium
1098 513 1226 561 priore
1268 520 1424 562 actione

92 541 224 583 dicere
243 550 418 599 audistis,
438 567 534 604 sese,
551 571 641 599 cum
656 573 758 604 esset
779 568 1010 612 trierarchus
1031 584 1069 615 et
1083 579 1244 620 Verrem
1266 597 1312 623 ex
1328 589 1422 627 Asia

89 607 352 653 decedentem
373 629 674 672 prosequeretur
700 629 807 669 iussu
831 635 1073 689 Dolabellae,
1096 644 1213 684 fuisse
1231 661 1308 687 una
1329 664 1419 692 cum

87 669 163 712 isto
183 675 302 726 Sami,
323 692 489 734 seseque
509 695 593 727 tum
620 692 718 732 scire
745 698 954 745 spoliatum
983 717 1067 744 esse
1094 709 1227 749 fanum
1253 715 1418 757 Iunonis

29 751 66 786 κιο
85 744 124 774 et
161 740 355 790 oppidum
394 748 581 801 Samum3
621 767 838 810 posteaque
876 778 918 804 se
948 781 1106 810 causam
1145 779 1251 826 apud
1292 781 1414 822 Chios

81 801 177 842 civis
217 819 308 847 suos
339 811 479 853 Samiis
518 823 795 865 accusantibus
829 831 987 878 publice
1018 836 1172 887 dixisse,
1209 855 1338 893 eoque
1371 861 1413 886 se

78 880 165 907 esse
178 871 405 915 absolutum
419 883 528 929 quod
541 886 703 933 planum
717 891 872 933 fecisset
886 909 931 934 ea
944 910 1045 948 quae
1059 903 1172 953 legati
1188 907 1407 950 Samiorum

75 936 256 980 dicerent
273 944 327 981 ad
348 945 524 998 Verrem,
546 965 626 991 non
646 957 696 993 ad
718 970 759 996 se
778 968 982 1008 pertinere.

66 1197 247 1246 Aspendi
268 1200 437 1254 signum,
458 1208 610 1260 Verres,
633 1214 847 1266 reliquisse,
871 1224 1005 1262 omnia
1032 1239 1078 1264 ex
1102 1229 1212 1279 fanis,
1236 1246 1282 1271 ex
1303 1236 1399 1274 locis

64 1262 245 1312 publicis,
268 1269 410 1317 palam,
443 1278 713 1323 spectantibus
743 1284 940 1334 omnibus,
963 1291 1143 1338 plaustris
1174 1308 1307 1338 evecta
1338 1314 1398 1339 ex-

63 1333 296 1380 portataque
316 1346 411 1374 esse.
470 1340 604 1390 Atque
620 1344 738 1384 etiam
754 1347 864 1388 illurn
879 1354 1127 1403 Aspendium
1142 1360 1393 1414 citharistam,

1 1404 43 1428 20
62 1391 112 1429 de
142 1406 222 1443 quo
252 1408 369 1448 saepe
398 1402 562 1444 audistis
593 1407 634 1446 id
669 1414 776 1460 quod
809 1424 867 1454 est
900 1418 1059 1459 Graecis
1092 1424 1319 1467 hominibus
1353 1431 1392 1470 in

58 1459 278 1509 proverbio,
302 1476 420 1513 quem
448 1469 581 1509 omnia
606 1472 732 1514 ‘intus
760 1483 922 1519 canere'
942 1484 1138 1535 dicebant,
1171 1495 1327 1533 sustulit
1353 1504 1391 1535 et

57 1518 96 1557 in
128 1521 275 1564 intimis
309 1529 389 1568 suis
418 1533 584 1574 aedibus
614 1540 757 1588 posuit,
787 1552 828 1581 ut
858 1546 975 1585 etiam
1007 1549 1114 1590 illum
1152 1553 1280 1604 ipsum
1317 1573 1389 1601 suo

53 1586 220 1628 artificio
250 1604 454 1642 superasse
475 1599 663 1642 videatur.
724 1608 871 1659 Pergae
900 1614 1034 1653 fanum
1065 1618 1383 1670 antiquissimum
1407 1645 1448 1677 54

53 1657 92 1687 et
112 1654 403 1698 sanctissimum
426 1662 580 1705 Dianae
601 1668 745 1709 scimus
767 1686 875 1713 esse:
906 1676 944 1715 id
976 1692 1136 1731 quoque
1162 1698 1185 1723 a
1205 1693 1243 1725 te
1264 1692 1385 1728 nuda-

0 1726 31 1761 25
52 1720 135 1753 tum
165 1730 211 1756 ac
242 1723 453 1771 spoliatum
475 1741 571 1777 esse,
608 1746 655 1771 ex
684 1733 767 1785 ipsa
798 1739 925 1780 Diana
953 1747 1061 1793 quod
1095 1749 1268 1790 habebat
1298 1756 1381 1793 auri

49 1779 268 1823 detractum
290 1794 410 1838 atque
429 1792 605 1834 ablatum
627 1811 713 1838 esse
733 1802 834 1842 dico.

101 1845 224 1894 Quae,
244 1853 403 1900 malum,
427 1865 485 1895 est
506 1858 578 1898 ista
598 1870 706 1902 tanta
722 1869 887 1908 audacia
907 1880 1025 1923 atque
1041 1880 1211 1918 amentia
1230 1885 1237 1919 ἕ
1268 1884 1377 1932 Quas

43 1908 149 1947 enim
179 1913 376 1955 sociorum
397 1927 516 1970 atque
545 1926 762 1969 amicorum
785 1934 891 1973 urbis
915 1938 1030 1977 adisti
1061 1942 1266 1992 legationis
1294 1947 1375 1989 iure

40 1980 79 2010 et
98 1976 272 2026 nomine,
296 1979 327 2018 si
347 1981 387 2020 in
412 1997 477 2024 eas
498 1987 534 2026 vi
559 2002 650 2029 cum
678 1997 847 2035 exercitu
876 1999 1121 2055 imperioque
1151 2008 1370 2063 invasisses,

82 2087 101 2107 2
126 2087 262 2120 semper
286 2082 374 2115 Dm:
398 2096 502 2128 saepe
520 2091 584 2130 prb
686 2105 705 2134 3
733 2098 775 2128 ibi
800 2100 904 2132 fuisse
932 2114 1018 2143 quae
1045 2118 1133 2140 nunc
1159 2122 1224 2143 non
1254 2123 1369 2148 essent

36 2118 138 2160 Bake,
158 2122 260 2163 Kays.
285 2127 295 2160 (
299 2126 458 2162 szlinski
464 2138 498 2172 p.
520 2136 597 2175 159)
705 2143 726 2170 6
751 2143 861 2175 chium
879 2145 986 2179 ow:
1010 2152 1167 2191 cophium
1180 2156 1240 2195 pq¹
1331 2161 1368 2190 18

35 2162 175 2200 plostris
190 2165 248 2207 Dp
264 2169 306 2201 al.
379 2182 422 2204 20
445 2178 560 2216 gregis
571 2184 597 2219 p
679 2192 717 2213 21
745 2185 834 2218 intus
851 2198 915 2220 om.
934 2192 991 2231 pq¹
1058 2205 1101 2226 22
1124 2207 1184 2229 suo
1199 2205 1264 2230 art.
1280 2200 1345 2232 ΟΨ
1360 2215 1366 2234 :

35 2212 99 2238 art.
115 2217 177 2240 suo
188 2211 291 2250 ῥὸνδε
315 2223 376 2246 suo
389 2227 458 2249 om.
471 2220 561 2258 Asc„
579 2221 684 2257 Sclzol.
707 2227 852 2262 Gronov.
912 2244 955 2273 29
978 2236 1005 2266 si
1024 2237 1056 2269 in
1074 2249 1133 2271 eas
1149 2254 1171 2271 π
1186 2241 1235 2272 D‘2
1251 2244 1337 2285 vulg.
1356 2259 1364 2277 ε

33 2250 111 2287 quin
131 2262 170 2283 ea
182 2253 239 2294 D¹‚
255 2258 335 2294 quin
353 2269 411 2291 eas
428 2265 456 2291 Ψ
474 2263 588 2304 (quam
607 2277 664 2300 eas
682 2269 725 2307 L]
743 2283 749 2301 :
775 2283 849 2304 cum
869 2274 901 2306 in
919 2288 976 2309 eas
990 2279 1098 2323 Klots,
1113 2283 1359 2349 Kays‘stqmll'
