1600 2704
75 99 346 143 ACTIONIS
377 98 438 136 IN
469 96 514 136 C.
536 91 779 131 VERREM
812 84 1111 127 SECVNDAE
1143 82 1247 119 LIB.
1269 81 1305 115 V
1347 79 1405 125 46
1431 90 1492 121 1²3

75 222 144 253 aut
178 215 277 250 haec
306 221 425 259 quem
458 207 510 245 ad
544 205 709 243 modum
744 198 919 238 auditis?
977 197 1119 232 Vtrum
1154 204 1226 241 ego
1256 188 1410 238 desipio

76 290 117 320 et
146 282 233 330 plus
263 289 382 328 quam
417 273 509 313 satis
539 280 597 311 est
627 271 745 308 doleo
781 272 888 304 tanta
921 262 1143 300 calamitate
1179 255 1412 304 miseriaque

80 345 288 390 sociorum,
324 355 375 380 an
413 352 482 377 vos
522 347 681 387 quoque
718 332 783 370 hic
821 326 1100 368 acerbissimus
1140 319 1413 360 innocentium

82 410 276 448 cruciatus
303 414 341 445 et
367 416 519 443 maeror
546 400 628 451 pari
656 410 772 437 sensu
800 392 947 434 doloris
975 388 1141 429 adficit?
1199 387 1285 434 Ego
1310 383 1415 422 enim

42 488 173 522 5cum
215 469 511 513 Herbitensem,
547 478 638 503 cum
681 459 978 500 Heracliensem
1019 452 1146 493 securi
1187 460 1416 501 percussum

84 552 170 578 esse
197 537 298 583 dico,
325 541 498 573 versatur
524 529 620 569 mihi
648 536 739 567 ante
767 526 903 564 oculos
932 518 1142 569 indignitas
1171 513 1416 554 calamitatis.

87 607 290 644 Eorumne
327 599 564 650 populorum
604 593 710 639 civis,
746 602 881 629 eorum
921 596 1102 637 agrorum
1141 582 1336 625 alumnos,
1374 590 1420 616 ex
1442 585 1490 622 47

88 668 232 718 quibus
276 663 447 703 maxima
485 661 541 699 vis
584 655 768 697 frumenti
809 649 1020 703 quotannis
1064 645 1170 697 plebi
1215 646 1421 682 Romanae

91 733 246 771 illorum
274 728 402 780 operis
428 740 474 765 ac
501 724 701 764 laboribus
723 718 931 771 quaeritur,
955 714 1021 765 qui
1049 727 1071 751 a
1098 709 1326 762 parentibus
1355 720 1423 757 spe

36 817 75 840 ιο
93 795 214 836 nostri
258 792 396 844 imperi
440 798 675 838 nostraeque
721 782 929 834 aequitatis
973 776 1144 827 suscepti
1185 772 1424 821 educatique

94 870 198 909 sunt,
217 861 270 899 ad
294 860 338 899 C.
361 856 492 896 Verris
523 853 709 893 nefariam
740 848 1026 888 immanitatem
1057 850 1094 881 et
1123 841 1174 879 ad
1204 839 1287 877 eius
1318 838 1424 874 fune-

94 935 194 965 stam
220 935 397 964 securem
423 933 507 959 esse
533 916 734 957 servatos?
793 914 896 953 Cum
924 908 1019 948 mihi
1041 902 1299 956 Tyndaritani
1326 902 1427 939 illius

94 991 201 1030 venit
229 990 268 1028 in
299 995 486 1030 mentem,
506 996 596 1022 cum
626 978 837 1031 Segestani,
861 985 946 1014 tum
968 975 1051 1011 iura
1078 971 1194 1009 simul
1224 967 1426 1006 civitatum

96 1065 216 1106 atque
255 1052 383 1092 officia
422 1048 640 1089 considero.
703 1045 813 1093 Quas
848 1041 954 1079 urbis
991 1039 1031 1075 P.
1068 1035 1276 1074 Africanus
1311 1031 1428 1069 etiarn

39 1141 76 1172 15
97 1121 294 1161 ornandas
322 1130 407 1156 esse
435 1113 568 1166 spoliis
598 1109 772 1150 hostium
803 1107 1010 1144 arbitratus
1041 1108 1110 1147 est,
1133 1111 1198 1137 eas
1220 1098 1264 1136 C.
1288 1098 1429 1133 Verres

98 1199 178 1225 non
218 1185 345 1222 solum
385 1180 459 1218 illis
499 1173 739 1217 ornamentis
778 1172 848 1210 sed
888 1168 1006 1208 etiam
1046 1164 1136 1202 viris
1175 1159 1430 1200 nobilissimis

99 1249 248 1289 nefario
293 1248 438 1286 scelere
483 1240 657 1294 privavit.
719 1239 781 1276 En
821 1235 928 1286 quod
965 1226 1223 1281 Tyndaritani
1263 1225 1430 1262 libenter

100 1313 354 1367 praedicent:
392 1310 499 1348 ‘Nos
530 1307 569 1345 in
605 1301 889 1355 septemdecim
922 1295 1078 1349 populis
1112 1291 1265 1332 Siciliae
1300 1302 1433 1327 nume-

102 1393 243 1426 ramur,
265 1389 338 1416 nos
367 1386 522 1423 semper
542 1369 727 1410 omnibus
757 1364 916 1405 Punicis
946 1357 1296 1406 Siciliensibusque
1323 1353 1436 1392 bellis

44 1462 85 1485 20
103 1442 317 1483 amicitiam
348 1441 549 1487 fidemque
577 1433 713 1485 populi
746 1428 918 1470 Romani
948 1426 1071 1466 secuti
1103 1434 1249 1467 sumuS,
1273 1433 1295 1458 a
1322 1418 1436 1457 nobis

105 1507 239 1548 omnia
266 1506 415 1557 populo
445 1504 630 1540 Romano
660 1509 813 1547 semper
841 1502 879 1533 et
907 1491 999 1531 belli
1024 1488 1253 1528 adiumenta
1274 1492 1311 1522 et
1333 1482 1439 1533 pacis

107 1578 339 1612 ornamenta
376 1567 593 1606 ministrata
632 1562 746 1601 sunt.’
807 1560 979 1597 Multum
1015 1566 1107 1593 vero
1141 1553 1239 1589 haec
1274 1549 1319 1586 iis
1359 1549 1441 1585 iura

107 1638 337 1689 profuerunt
358 1633 397 1671 in
413 1632 524 1671 istius
545 1626 710 1679 imperio
726 1638 771 1664 ac
795 1629 989 1674 potestate
1007 1623 1013 1657 l
1057 1619 1219 1656 Vestros
1237 1613 1441 1663 quondam

109 1710 248 1741 nautas
283 1706 417 1738 contra
450 1691 729 1743 Carthaginem
766 1688 899 1738 Scipio
932 1684 1053 1730 duxit,
1087 1691 1126 1720 at
1160 1692 1266 1718 nunc
1301 1689 1440 1715 navem

51 1785 91 1818 25
110 1774 246 1807 contra
276 1764 495 1815 praedones
525 1770 651 1809 paene
685 1755 844 1794 inanem
877 1753 1115 1792 Cleomenes
1145 1745 1253 1785 ducit
1270 1758 1279 1791 3
1317 1742 1444 1780 vobis-

111 1845 203 1871 cum
225 1828 432 1868 Africanus
459 1824 633 1863 hostium
661 1819 785 1871 spolia
812 1826 850 1857 et
878 1815 1052 1867 praemia
1075 1811 1203 1850 laudis
1228 1807 1445 1847 communi-

113 1897 225 1942 cavit,
259 1902 298 1933 at
332 1904 450 1937 nunc,
485 1903 554 1940 per
596 1888 745 1926 Verrem
781 1882 949 1934 spoliati,
984 1892 1084 1918 nave
1117 1890 1140 1915 a
1178 1872 1445 1925 praedonibus

114 1962 300 2007 abducta,
321 1957 393 2008 ipsi
421 1955 460 1993 in
487 1952 660 1992 hostium
688 1952 777 1989 loco
806 1958 1051 1995 numeroque
1074 1938 1277 1982 ducimini.
1337 1935 1445 1984 Quid

164 2075 177 2094 1
204 2061 329 2094 auditis
339 2060 382 2100 pb
400 2056 562 2098 (audietis
585 2053 648 2093 Vz)
667 2063 674 2084 τ
698 2051 838 2083 audistis
856 2049 949 2082 st
1070 2057 1089 2076 2
1114 2049 1165 2076 est
1183 2053 1250 2074 om.
1277 2040 1308 2070 V
1429 2048 1448 2077 3

117 2117 179 2139 vos
195 2106 249 2136 hic
266 2112 400 2143 quoque
416 2099 509 2131 st
651 2105 689 2126 21
717 2095 830 2126 omnia
851 2094 937 2134 Vpa:
962 2102 1027 2122 om.
1046 2088 1139 2120 st
1288 2093 1329 2114 22
1354 2082 1448 2112 mini-

118 2154 223 2181 strata
252 2146 360 2178 st:
393 2143 626 2175 administrata
661 2139 726 2179 Vp&
832 2137 874 2167 iis
896 2136 975 2167 VR:
1015 2134 1067 2164 his
1089 2138 1113 2173 p
1131 2143 1137 2162 :
1175 2130 1203 2160 is
1236 2140 1254 2168 q
1409 2135 1449 2162 24

119 2192 260 2224 adduxit
281 2190 313 2220 V
440 2196 482 2225 25
505 2186 597 2216 ducit
613 2182 701 2215 codd.
717 2184 846 2222 praeter
859 2179 925 2211 RS
941 2179 1050 2219 (duxit
1068 2177 1116 2210 etl
1253 2180 1293 2209 27
1319 2179 1379 2209 per
1397 2177 1450 2198 me

121 2235 223 2276 RSp&
250 2234 311 2274 (tle.
337 2241 399 2272 per
422 2235 590 2268 ure=per
612 2227 765 2264 Verrem,
794 2228 830 2255 ut
853 2224 933 2254 coni.
959 2219 1144 2258 Nettlesln'p,
1168 2215 1295 2254 Nolam:
1330 2218 1373 2252 cp.
1403 2212 1451 2250 iii,

125 2283 140 2316 ξ
159 2288 224 2309 200
242 2277 299 2307 ubi
313 2274 527 2306 ure=Verre
545 2271 593 2310 (J.
614 2269 675 2301 Ph.
696 2263 778 2306 ixx,
797 2268 871 2307 195)
887 2279 893 2299 ι
919 2276 982 2306 per
997 2265 1086 2295 hunc
1108 2261 1156 2291 V:
1182 2269 1245 2299 per
1260 2261 1451 2297 praetorem

123 2321 239 2360 populi
259 2318 404 2349 Romani
423 2315 568 2350 Mueller,
588 2313 634 2345 ed.
658 2313 770 2342 minor
787 2311 870 2349 1898
1018 2305 1158 2346 spoliata
1180 2302 1257 2333 navi
1274 2311 1293 2331 a
1311 2299 1450 2339 praedo—

126 2363 224 2393 nibus
246 2362 276 2392 V
292 2363 370 2392 ὀνκ.
390 2358 551 2398 abducta)
633 2357 674 2386 28
699 2355 865 2386 ducemini
888 2354 956 2384 VB:
982 2348 1149 2382 ducamini
1168 2357 1210 2386 q:
1235 2342 1453 2400 duceaminip

1306 2388 1365 2416 28·-

1454 910 1511 940 124

1466 1621 1524 1652 125

1503 22 1552 48 Δ.»

1575 21 1593 48 ‘l
