1600 2704
112 163 136 202 3
157 170 176 203 9
525 143 580 180 M.
612 137 781 178 TVLLI
812 128 1118 174 CICERONIS

158 262 397 303 iudiciorum
417 254 588 301 infamia,
612 250 732 291 totius
753 245 901 287 ordinis
915 240 1144 286 offensione,
1161 249 1252 276 cum
1271 236 1350 273 hoc
1363 244 1487 271 unum

161 329 222 368 his
252 333 312 366 tot
337 318 602 364 incommodis
635 312 854 355 remedium
885 322 970 348 esse
999 304 1214 348 arbitrarer,
1237 307 1280 338 ut
1307 295 1489 336 homines

162 391 297 433 idonei
316 397 436 439 atque
456 382 595 434 integri
618 392 778 420 causam
800 375 854 415 rei
879 372 1062 425 publicae
1088 370 1301 418 legumque
1322 360 1492 410 suscipe-

163 464 261 504 rent,
301 456 425 493 fateor
462 463 526 488 me
566 445 700 486 salutis
740 440 920 482 omniurn
965 447 1083 475 causa
1120 432 1172 471 ad
1215 441 1302 468 eam
1341 431 1492 476 partem

166 519 379 562 accessisse
398 515 453 555 rei
474 512 657 566 publicae
681 505 948 547 sublevandae
971 513 1075 551 quae
1096 494 1266 536 maxime
1285 491 1490 529 laboraret.
1511 498 1529 531 5

108 599 146 622 10
222 588 342 626 Nunc
362 580 553 633 quoniam
573 576 716 627 quibus
742 572 858 611 rebus
884 568 1081 607 adductus
1105 562 1156 600 ad
1184 569 1343 598 causam
1367 565 1496 592 acces-

168 652 284 692 serim
305 642 581 689 demonstravi,
606 638 821 679 dicendum
849 628 1070 672 necessario
1091 633 1149 665 est
1169 625 1220 663 de
1241 617 1496 660 contentione

168 723 311 762 nostra,
343 720 386 752 ut
415 711 456 749 in
485 704 766 748 constituendo
801 704 1029 739 accusatore
1061 691 1158 742 quid
1193 685 1305 737 sequi
1339 680 1497 734 possitis

169 778 358 821 habeatis.
423 777 508 824 Ego
548 771 603 810 sic
642 768 837 816 intellego,
880 760 1056 800 iudices:
1100 768 1191 795 cum
1231 753 1283 791 de
1319 744 1498 799 pecuniis

171 841 400 896 repetundis
429 849 578 877 nomen
609 830 828 881 cuiuspiam
859 827 1065 869 deferatur,
1103 820 1135 859 si
1166 824 1365 856 certamen
1400 811 1500 849 inter
1522 826 1560 848 10

171 911 325 960 aliquos
346 906 394 945 sit
415 903 477 943 cui
498 898 748 953 potissimum
769 891 916 933 delatio
937 891 1062 933 detur,
1084 887 1183 923 haec
1204 883 1285 920 duo
1306 879 1346 917 in
1367 874 1500 928 primis

174 972 340 1027 spectari
379 975 570 1020 oportere,
612 973 732 1014 quem
772 955 942 996 maxime
981 950 1102 990 velint
1140 954 1314 986 actorem
1354 954 1440 980 esse
1476 938 1503 976 ii

175 1040 319 1092 quibus
367 1037 493 1073 factae
542 1042 627 1069 esse
671 1025 851 1065 dicantur
889 1016 1062 1062 iniuriae,
1104 1019 1144 1051 et
1181 1021 1302 1061 quem
1341 1003 1504 1044 minime

127 1093 154 1132 4
176 1105 268 1145 velit
299 1102 331 1141 is
363 1099 431 1151 qui
465 1109 530 1136 eas
569 1090 728 1132 iniurias
762 1086 901 1126 fecisse
931 1087 1123 1132 arguatur.
1185 1076 1234 1114 In
1265 1074 1342 1111 hac
1373 1081 1502 1114 causa,

117 1153 150 1175 Π
177 1169 338 1214 iudices,
363 1161 518 1204 tametsi
539 1166 750 1205 utrumque
780 1163 865 1191 esse
891 1146 1055 1187 arbitror
1084 1139 1349 1193 perspicuum,
1371 1142 1505 1172 tamen
1528 1148 1564 1180 15

178 1237 229 1276 de
249 1241 417 1281 utroque
437 1227 579 1270 dicam,
603 1229 642 1261 et
663 1221 712 1259 de
733 1230 781 1257 eo
802 1214 908 1267 prius
933 1210 1043 1262 quod
1067 1207 1174 1258 apud
1195 1216 1265 1242 vos
1292 1199 1506 1252 plurimum

179 1300 300 1341 debet
328 1296 468 1340 valere,
499 1292 576 1328 hoc
606 1293 665 1326 est
694 1285 744 1323 de
768 1282 971 1320 voluntate
1001 1285 1139 1313 eorum
1169 1268 1314 1320 quibus
1344 1262 1508 1302 iniuriae

179 1368 305 1405 sactae
326 1366 417 1400 sunt
435 1372 446 1406 3
474 1365 643 1406 quorum
663 1360 782 1389 causa
801 1343 993 1384 iudicium
1012 1340 1063 1378 de
1079 1332 1259 1388 pecuniis
1280 1326 1508 1381 repetundis

181 1437 239 1470 est
260 1425 530 1467 constitutum.

236 1491 409 1533 Siciliam
448 1482 691 1538 provinciam
732 1479 777 1519 C.
812 1477 952 1514 Verres
984 1483 1052 1522 per
1083 1463 1296 1506 triennium
1336 1461 1511 1509 depopu-
1533 1468 1572 1490 20

182 1562 283 1599 latus
313 1568 410 1602 esse,
443 1551 662 1591 Siculorum
693 1543 869 1584 civitates
890 1544 1073 1581 vastasse,
1105 1533 1248 1571 domos
1279 1522 1509 1567 exinanisse,

184 1626 274 1664 fana
295 1619 483 1672 spoliasse
504 1613 656 1655 dicitur.
717 1609 886 1652 Adsunt,
920 1605 1137 1653 queruntur
1166 1590 1286 1633 Siculi
1316 1585 1487 1628 universi
1503 1600 1514 1633 3

184 1690 235 1728 ad
257 1698 386 1725 meam
408 1683 540 1727 fidem,
564 1689 683 1729 quarn
704 1673 854 1712 habent
884 1672 1100 1719 spectatam
1128 1661 1205 1699 iam
1234 1663 1272 1696 et
1301 1651 1513 1703 cognitam,

186 1749 445 1800 confugiunt3
475 1743 662 1784 auxilium
693 1737 768 1778 sibi
797 1749 865 1787 per
895 1745 958 1772 me
987 1744 1010 1768 a
1038 1725 1151 1767 vobis
1185 1730 1304 1772 atque
1333 1732 1356 1757 a
1379 1713 1515 1768 populi

187 1814 361 1856 Romani
385 1811 537 1862 legibus
568 1811 707 1858 petunt
723 1818 733 1851 3
762 1815 827 1840 me
857 1799 1105 1838 defensorem
1136 1785 1404 1829 calamitatum
1433 1792 1517 1818 sua·
1537 1793 1575 1824 25

187 1894 287 1928 rum,
308 1891 372 1917 me
400 1877 569 1914 ultorem
600 1867 839 1912 iniuriarum,
863 1876 926 1901 me
956 1857 1200 1909 cognitorem
1230 1848 1323 1889 iuris
1354 1845 1425 1892 sui,
1454 1856 1519 1881 me

132 1966 166 1988 12
188 1953 362 1986 actorem
387 1952 529 1980 causae
557 1935 677 1975 totius
709 1945 794 1971 esse
819 1930 1038 1968 voluerunt.
1098 1922 1252 1964 Vtrum,
1283 1916 1332 1963 Q.
1358 1907 1517 1953 Caecili,

189 2014 266 2050 hoc
288 2007 398 2053 dicis,
422 2018 485 2043 me
506 2015 587 2041 non
610 1999 830 2039 Siculorum
852 1998 989 2043 rogatu
1010 1988 1062 2027 ad
1075 1995 1235 2025 causam
1252 1978 1452 2022 accedere,
1470 1986 1519 2011 an

192 2075 433 2126 optimorum
466 2065 865 2110 fidelissimorumque
901 2055 1098 2096 sociorum
1131 2049 1376 2088 voluntatem
1415 2038 1522 2089 apud

193 2142 267 2179 hos
287 2149 443 2189 gravem
465 2146 550 2172 esse
571 2143 651 2169 non
674 2125 885 2178 oportere?
942 2120 980 2159 Si
1002 2118 1043 2157 id
1063 2112 1228 2155 audebis
1249 2108 1390 2153 dicere,
1414 2103 1522 2153 quod
1543 2114 1583 2145 30

197 2206 241 2245 C.
265 2205 417 2247 Verres,
441 2197 503 2237 cui
524 2204 562 2235 te
584 2192 788 2233 inimicum
819 2200 903 2227 esse
930 2183 1101 2226 simulas,
1125 2174 1294 2216 maxime
1315 2165 1524 2210 existimari

243 2316 263 2346 5
286 2301 530 2336 sublevandam
552 2296 692 2329 Vrsinus
849 2299 886 2328 13
910 2286 1047 2318 minime
1063 2279 1158 2318 rrZGl
1177 2278 1259 2317 (cap.
1276 2274 1334 2311 vii,
1351 2270 1398 2303 ad
1411 2267 1501 2308 init.)
1519 2278 1527 2297 ι

202 2350 348 2382 maxime
365 2346 429 2377 ΒΨ
539 2352 580 2380 23
604 2345 638 2370 et
656 2339 710 2368 diu
729 2345 825 2375 cogn.
841 2331 960 2374 p²rG16
1071 2335 1112 2364 27
1137 2321 1252 2354 volunt
1273 2315 1384 2357 G2LK
1485 2311 1527 2341 28

203 2393 287 2426 dicis
303 2391 412 2422 ΒΨπι
438 2387 530 2419 dices
549 2384 608 2424 διδ
625 2381 693 2414 edd.
