<?xml version="1.0" encoding="UTF-8"?>
<!DOCTYPE html PUBLIC "-//W3C//DTD XHTML 1.0 Transitional//EN"
    "http://www.w3.org/TR/xhtml1/DTD/xhtml1-transitional.dtd">
<html xmlns="http://www.w3.org/1999/xhtml" xml:lang="en" lang="en">
 <head>
  <title>
</title>
<meta http-equiv="Content-Type" content="text/html;charset=utf-8" />
  <meta name='ocr-system' content='tesseract 3.04.00' />
  <meta name='ocr-capabilities' content='ocr_page ocr_carea ocr_par ocr_line ocrx_word'/>
</head>
<body>
  <div class='ocr_page' id='page_1' title='image "./orationesrecogno02ciceuoft_0244.png"; bbox 0 0 1600 2704; ppageno 0'>
   <div class='ocr_carea' id='block_1_1' title="bbox 92 71 1123 131">
    <p class='ocr_par' dir='ltr' id='par_1_1' title="bbox 92 71 1123 131">
     <span class='ocr_line' id='line_1_1' title="bbox 92 71 1123 131; baseline -0.012 -10"><span class='ocrx_word' id='word_1_1' title='bbox 92 93 143 131; x_wconf 87' lang='lat'>73</span> <span class='ocrx_word' id='word_1_2' title='bbox 166 89 223 121; x_wconf 89' lang='lat'>181</span> <span class='ocrx_word' id='word_1_3' title='bbox 531 79 586 115; x_wconf 89' lang='lat' dir='ltr'>M.</span> <span class='ocrx_word' id='word_1_4' title='bbox 618 76 786 115; x_wconf 91' lang='lat' dir='ltr'>TVLLI</span> <span class='ocrx_word' id='word_1_5' title='bbox 817 71 1123 114; x_wconf 88' lang='lat' dir='ltr'><strong>CICERONIS</strong></span> 
     </span>
    </p>
   </div>
   <div class='ocr_carea' id='block_1_2' title="bbox 90 180 1527 1979">
    <p class='ocr_par' dir='ltr' id='par_1_2' title="bbox 90 180 1527 1979">
     <span class='ocr_line' id='line_1_2' title="bbox 166 180 1487 234; baseline -0.01 -3"><span class='ocrx_word' id='word_1_6' title='bbox 166 191 302 230; x_wconf 85' lang='lat' dir='ltr'>aetatis</span> <span class='ocrx_word' id='word_1_7' title='bbox 329 202 440 229; x_wconf 89' lang='lat' dir='ltr'>meae</span> <span class='ocrx_word' id='word_1_8' title='bbox 466 201 597 227; x_wconf 90' lang='lat' dir='ltr'>versor</span> <span class='ocrx_word' id='word_1_9' title='bbox 616 187 948 234; x_wconf 85' lang='lat' dir='ltr'>vehementerque</span> <span class='ocrx_word' id='word_1_10' title='bbox 968 182 1077 220; x_wconf 91' lang='lat' dir='ltr'>illum</span> <span class='ocrx_word' id='word_1_11' title='bbox 1104 180 1283 220; x_wconf 82' lang='lat' dir='ltr'>ordinem</span> <span class='ocrx_word' id='word_1_12' title='bbox 1308 180 1487 225; x_wconf 83' lang='lat' dir='ltr'>observo,</span> 
     </span>
     <span class='ocr_line' id='line_1_3' title="bbox 168 245 1490 295; baseline -0.011 0"><span class='ocrx_word' id='word_1_13' title='bbox 168 257 259 295; x_wconf 89' lang='lat' dir='ltr'>satis</span> <span class='ocrx_word' id='word_1_14' title='bbox 302 255 515 294; x_wconf 87' lang='lat' dir='ltr'>commode</span> <span class='ocrx_word' id='word_1_15' title='bbox 558 251 654 290; x_wconf 90' lang='lat' dir='ltr'>mihi</span> <span class='ocrx_word' id='word_1_16' title='bbox 691 250 827 290; x_wconf 87' lang='lat' dir='ltr'>videor</span> <span class='ocrx_word' id='word_1_17' title='bbox 870 261 1005 287; x_wconf 91' lang='lat' dir='ltr'>eorum</span> <span class='ocrx_word' id='word_1_18' title='bbox 1044 245 1372 285; x_wconf 80' lang='lat' dir='ltr'>consuetudinem</span> <span class='ocrx_word' id='word_1_19' title='bbox 1417 257 1490 282; x_wconf 90' lang='lat' dir='ltr'>usu</span> 
     </span>
     <span class='ocr_line' id='line_1_4' title="bbox 98 310 1492 391; baseline -0.01 -30"><span class='ocrx_word' id='word_1_20' title='bbox 98 311 147 391; x_wconf 79' lang='lat'>784</span> <span class='ocrx_word' id='word_1_21' title='bbox 168 322 452 370; x_wconf 82' lang='lat' dir='ltr'>tractandoque</span> <span class='ocrx_word' id='word_1_22' title='bbox 486 329 687 369; x_wconf 81' lang='lat' dir='ltr'>cognosse.</span> <span class='ocrx_word' id='word_1_23' title='bbox 748 317 887 365; x_wconf 91' lang='lat' dir='ltr'>Itaque</span> <span class='ocrx_word' id='word_1_24' title='bbox 919 321 961 352; x_wconf 93' lang='lat' dir='ltr'>ut</span> <span class='ocrx_word' id='word_1_25' title='bbox 994 314 1070 351; x_wconf 93' lang='lat' dir='ltr'>hoc</span> <span class='ocrx_word' id='word_1_26' title='bbox 1101 310 1286 361; x_wconf 89' lang='lat' dir='ltr'>comperi,</span> <span class='ocrx_word' id='word_1_27' title='bbox 1322 317 1492 348; x_wconf 91' lang='lat' dir='ltr'>remotas</span> 
     </span>
     <span class='ocr_line' id='line_1_5' title="bbox 90 371 1493 428; baseline -0.011 -2"><span class='ocrx_word' id='word_1_28' title='bbox 90 371 99 392; x_wconf 78' lang='lat'><strong>¹</strong></span> <span class='ocrx_word' id='word_1_29' title='bbox 132 371 145 392; x_wconf 75' lang='lat'>²</span> <span class='ocrx_word' id='word_1_30' title='bbox 169 400 253 425; x_wconf 87' lang='lat' dir='ltr'>esse</span> <span class='ocrx_word' id='word_1_31' title='bbox 280 386 426 424; x_wconf 82' lang='lat' dir='ltr'>litteras</span> <span class='ocrx_word' id='word_1_32' title='bbox 451 381 660 428; x_wconf 88' lang='lat' dir='ltr'>societatis,</span> <span class='ocrx_word' id='word_1_33' title='bbox 683 379 803 418; x_wconf 88' lang='lat' dir='ltr'>habui</span> <span class='ocrx_word' id='word_1_34' title='bbox 830 378 1021 417; x_wconf 90' lang='lat' dir='ltr'>rationem</span> <span class='ocrx_word' id='word_1_35' title='bbox 1050 389 1186 416; x_wconf 88' lang='lat' dir='ltr'>eorum</span> <span class='ocrx_word' id='word_1_36' title='bbox 1210 387 1403 413; x_wconf 89' lang='lat' dir='ltr'>annorum</span> <span class='ocrx_word' id='word_1_37' title='bbox 1425 386 1493 424; x_wconf 86' lang='lat' dir='ltr'>per</span> 
     </span>
     <span class='ocr_line' id='line_1_6' title="bbox 170 438 1527 501; baseline -0.011 -12"><span class='ocrx_word' id='word_1_38' title='bbox 170 463 268 501; x_wconf 89' lang='lat' dir='ltr'>quos</span> <span class='ocrx_word' id='word_1_39' title='bbox 289 449 361 487; x_wconf 87' lang='lat' dir='ltr'>iste</span> <span class='ocrx_word' id='word_1_40' title='bbox 382 448 421 486; x_wconf 91' lang='lat' dir='ltr'>in</span> <span class='ocrx_word' id='word_1_41' title='bbox 443 446 574 486; x_wconf 83' lang='lat' dir='ltr'>Sicilia</span> <span class='ocrx_word' id='word_1_42' title='bbox 593 445 728 484; x_wconf 89' lang='lat' dir='ltr'>fuisset</span> <span class='ocrx_word' id='word_1_43' title='bbox 743 458 753 492; x_wconf 86' lang='lat'>;</span> <span class='ocrx_word' id='word_1_44' title='bbox 781 443 874 482; x_wconf 92' lang='lat' dir='ltr'>dein</span> <span class='ocrx_word' id='word_1_45' title='bbox 895 440 1078 493; x_wconf 88' lang='lat' dir='ltr'>quaesivi,</span> <span class='ocrx_word' id='word_1_46' title='bbox 1102 441 1210 490; x_wconf 91' lang='lat' dir='ltr'>quod</span> <span class='ocrx_word' id='word_1_47' title='bbox 1231 446 1311 477; x_wconf 89' lang='lat' dir='ltr'>erat</span> <span class='ocrx_word' id='word_1_48' title='bbox 1332 438 1493 476; x_wconf 86' lang='lat' dir='ltr'>inventu</span> <span class='ocrx_word' id='word_1_49' title='bbox 1515 473 1527 482; x_wconf 60' lang='grc'><em>,</em></span> 
     </span>
     <span class='ocr_line' id='line_1_7' title="bbox 169 501 1495 562; baseline -0.011 -8"><span class='ocrx_word' id='word_1_50' title='bbox 169 515 411 560; x_wconf 85' lang='lat' dir='ltr'>facillimum,</span> <span class='ocrx_word' id='word_1_51' title='bbox 451 511 519 562; x_wconf 88' lang='lat' dir='ltr'>qui</span> <span class='ocrx_word' id='word_1_52' title='bbox 557 523 626 561; x_wconf 89' lang='lat' dir='ltr'>per</span> <span class='ocrx_word' id='word_1_53' title='bbox 668 522 736 548; x_wconf 88' lang='lat' dir='ltr'>eos</span> <span class='ocrx_word' id='word_1_54' title='bbox 775 521 900 547; x_wconf 90' lang='lat' dir='ltr'>annos</span> <span class='ocrx_word' id='word_1_55' title='bbox 938 505 1110 557; x_wconf 85' lang='lat' dir='ltr'>magistri</span> <span class='ocrx_word' id='word_1_56' title='bbox 1152 504 1255 543; x_wconf 87' lang='lat' dir='ltr'>illius</span> <span class='ocrx_word' id='word_1_57' title='bbox 1299 501 1495 542; x_wconf 89' lang='lat' dir='ltr'>societatis</span> 
     </span>
     <span class='ocr_line' id='line_1_8' title="bbox 171 568 1495 627; baseline -0.011 -8"><span class='ocrx_word' id='word_1_58' title='bbox 171 580 344 625; x_wconf 83' lang='lat' dir='ltr'>fuissent,</span> <span class='ocrx_word' id='word_1_59' title='bbox 374 578 481 627; x_wconf 91' lang='lat' dir='ltr'>apud</span> <span class='ocrx_word' id='word_1_60' title='bbox 505 588 605 626; x_wconf 91' lang='lat' dir='ltr'>quos</span> <span class='ocrx_word' id='word_1_61' title='bbox 632 574 790 612; x_wconf 87' lang='lat' dir='ltr'>tabulae</span> <span class='ocrx_word' id='word_1_62' title='bbox 819 572 993 611; x_wconf 85' lang='lat' dir='ltr'>fuissent.</span> <span class='ocrx_word' id='word_1_63' title='bbox 1052 570 1233 610; x_wconf 82' lang='lat' dir='ltr'>Sciebam</span> <span class='ocrx_word' id='word_1_64' title='bbox 1264 568 1368 607; x_wconf 88' lang='lat' dir='ltr'>enim</span> <span class='ocrx_word' id='word_1_65' title='bbox 1393 568 1495 605; x_wconf 89' lang='lat' dir='ltr'>hanc</span> 
     </span>
     <span class='ocr_line' id='line_1_9' title="bbox 173 633 1494 694; baseline -0.011 -12"><span class='ocrx_word' id='word_1_66' title='bbox 173 644 443 694; x_wconf 82' lang='lat' dir='ltr'>magistrorum</span> <span class='ocrx_word' id='word_1_67' title='bbox 468 640 536 690; x_wconf 89' lang='lat' dir='ltr'>qui</span> <span class='ocrx_word' id='word_1_68' title='bbox 565 639 717 678; x_wconf 89' lang='lat' dir='ltr'>tabulas</span> <span class='ocrx_word' id='word_1_69' title='bbox 747 638 936 676; x_wconf 86' lang='lat' dir='ltr'>haberent</span> <span class='ocrx_word' id='word_1_70' title='bbox 966 633 1294 674; x_wconf 82' lang='lat' dir='ltr'>consuetudinem</span> <span class='ocrx_word' id='word_1_71' title='bbox 1319 645 1414 677; x_wconf 84' lang='lat' dir='ltr'>esse,</span> <span class='ocrx_word' id='word_1_72' title='bbox 1441 638 1494 676; x_wconf 86' lang='lat' dir='ltr'>ut,</span> 
     </span>
     <span class='ocr_line' id='line_1_10' title="bbox 172 696 1496 752; baseline -0.011 -5"><span class='ocrx_word' id='word_1_73' title='bbox 172 721 261 747; x_wconf 92' lang='lat' dir='ltr'>cum</span> <span class='ocrx_word' id='word_1_74' title='bbox 292 707 445 745; x_wconf 85' lang='lat' dir='ltr'>tabulas</span> <span class='ocrx_word' id='word_1_75' title='bbox 477 717 582 743; x_wconf 84' lang='lat' dir='ltr'>novo</span> <span class='ocrx_word' id='word_1_76' title='bbox 613 702 799 752; x_wconf 84' lang='lat' dir='ltr'>magistro</span> <span class='ocrx_word' id='word_1_77' title='bbox 832 701 1039 747; x_wconf 82' lang='lat' dir='ltr'>traderent,</span> <span class='ocrx_word' id='word_1_78' title='bbox 1075 699 1254 748; x_wconf 83' lang='lat' dir='ltr'>exempla</span> <span class='ocrx_word' id='word_1_79' title='bbox 1282 696 1496 734; x_wconf 89' lang='lat' dir='ltr'>litterarum</span> 
     </span>
     <span class='ocr_line' id='line_1_11' title="bbox 174 759 1497 823; baseline -0.011 -12"><span class='ocrx_word' id='word_1_80' title='bbox 174 772 244 823; x_wconf 84' lang='lat' dir='ltr'>ipsi</span> <span class='ocrx_word' id='word_1_81' title='bbox 275 772 420 810; x_wconf 88' lang='lat' dir='ltr'>habere</span> <span class='ocrx_word' id='word_1_82' title='bbox 449 783 529 808; x_wconf 94' lang='lat' dir='ltr'>non</span> <span class='ocrx_word' id='word_1_83' title='bbox 559 769 720 807; x_wconf 87' lang='lat' dir='ltr'>nollent.</span> <span class='ocrx_word' id='word_1_84' title='bbox 781 768 921 816; x_wconf 87' lang='lat' dir='ltr'>Itaque</span> <span class='ocrx_word' id='word_1_85' title='bbox 953 766 1004 803; x_wconf 92' lang='lat' dir='ltr'>ad</span> <span class='ocrx_word' id='word_1_86' title='bbox 1039 765 1082 802; x_wconf 92' lang='lat' dir='ltr'>L.</span> <span class='ocrx_word' id='word_1_87' title='bbox 1118 762 1291 808; x_wconf 85' lang='lat' dir='ltr'>Vibium,</span> <span class='ocrx_word' id='word_1_88' title='bbox 1324 759 1497 809; x_wconf 84' lang='lat' dir='ltr'>equitem</span> 
     </span>
     <span class='ocr_line' id='line_1_12' title="bbox 175 825 1499 883; baseline -0.011 -7"><span class='ocrx_word' id='word_1_89' title='bbox 175 840 414 882; x_wconf 84' lang='lat' dir='ltr'>Romanum,</span> <span class='ocrx_word' id='word_1_90' title='bbox 443 834 568 873; x_wconf 89' lang='lat' dir='ltr'>virum</span> <span class='ocrx_word' id='word_1_91' title='bbox 593 830 832 883; x_wconf 87' lang='lat' dir='ltr'>primarium,</span> <span class='ocrx_word' id='word_1_92' title='bbox 855 842 973 880; x_wconf 90' lang='lat' dir='ltr'>quem</span> <span class='ocrx_word' id='word_1_93' title='bbox 1001 827 1242 878; x_wconf 83' lang='lat' dir='ltr'>reperiebam</span> <span class='ocrx_word' id='word_1_94' title='bbox 1271 825 1499 875; x_wconf 86' lang='lat' dir='ltr'>magistrum</span> 
     </span>
     <span class='ocr_line' id='line_1_13' title="bbox 174 891 1497 950; baseline -0.011 -9"><span class='ocrx_word' id='word_1_95' title='bbox 174 903 291 941; x_wconf 84' lang='lat' dir='ltr'>fuisse</span> <span class='ocrx_word' id='word_1_96' title='bbox 330 915 378 940; x_wconf 89' lang='lat' dir='ltr'>eo</span> <span class='ocrx_word' id='word_1_97' title='bbox 417 900 503 950; x_wconf 88' lang='lat' dir='ltr'>ipso</span> <span class='ocrx_word' id='word_1_98' title='bbox 541 911 647 936; x_wconf 92' lang='lat' dir='ltr'>anno</span> <span class='ocrx_word' id='word_1_99' title='bbox 681 895 749 946; x_wconf 88' lang='lat' dir='ltr'>qui</span> <span class='ocrx_word' id='word_1_100' title='bbox 787 894 884 934; x_wconf 89' lang='lat' dir='ltr'>mihi</span> <span class='ocrx_word' id='word_1_101' title='bbox 922 893 1090 932; x_wconf 84' lang='lat' dir='ltr'>maxime</span> <span class='ocrx_word' id='word_1_102' title='bbox 1124 891 1371 941; x_wconf 89' lang='lat' dir='ltr'>quaerendus</span> <span class='ocrx_word' id='word_1_103' title='bbox 1406 896 1497 936; x_wconf 90' lang='lat' dir='ltr'>erat,</span> 
     </span>
     <span class='ocr_line' id='line_1_14' title="bbox 174 953 1501 1018; baseline -0.012 -12"><span class='ocrx_word' id='word_1_104' title='bbox 174 968 343 1018; x_wconf 90' lang='lat' dir='ltr'>primum</span> <span class='ocrx_word' id='word_1_105' title='bbox 375 964 476 1004; x_wconf 90' lang='lat' dir='ltr'>veni.</span> <span class='ocrx_word' id='word_1_106' title='bbox 537 964 639 1002; x_wconf 90' lang='lat' dir='ltr'>Sane</span> <span class='ocrx_word' id='word_1_107' title='bbox 668 959 819 1000; x_wconf 89' lang='lat' dir='ltr'>homini</span> <span class='ocrx_word' id='word_1_108' title='bbox 850 966 1002 1011; x_wconf 89' lang='lat' dir='ltr'>praeter</span> <span class='ocrx_word' id='word_1_109' title='bbox 1029 956 1258 1010; x_wconf 89' lang='lat' dir='ltr'>opinionem</span> <span class='ocrx_word' id='word_1_110' title='bbox 1288 953 1501 1004; x_wconf 87' lang='lat' dir='ltr'>improviso</span> 
     </span>
     <span class='ocr_line' id='line_1_15' title="bbox 175 1017 1500 1075; baseline -0.012 -5"><span class='ocrx_word' id='word_1_111' title='bbox 175 1031 306 1070; x_wconf 87' lang='lat' dir='ltr'>incidi.</span> <span class='ocrx_word' id='word_1_112' title='bbox 368 1032 569 1068; x_wconf 87' lang='lat' dir='ltr'>Scrutatus</span> <span class='ocrx_word' id='word_1_113' title='bbox 617 1039 703 1065; x_wconf 91' lang='lat' dir='ltr'>sum</span> <span class='ocrx_word' id='word_1_114' title='bbox 748 1037 850 1075; x_wconf 86' lang='lat' dir='ltr'>quae</span> <span class='ocrx_word' id='word_1_115' title='bbox 897 1022 1008 1074; x_wconf 89' lang='lat' dir='ltr'>potui</span> <span class='ocrx_word' id='word_1_116' title='bbox 1051 1029 1089 1060; x_wconf 89' lang='lat' dir='ltr'>et</span> <span class='ocrx_word' id='word_1_117' title='bbox 1127 1018 1301 1071; x_wconf 88' lang='lat' dir='ltr'>quaesivi</span> <span class='ocrx_word' id='word_1_118' title='bbox 1345 1017 1500 1057; x_wconf 86' lang='lat' dir='ltr'>omnia:</span> 
     </span>
     <span class='ocr_line' id='line_1_16' title="bbox 175 1082 1503 1135; baseline -0.012 0"><span class='ocrx_word' id='word_1_119' title='bbox 175 1095 305 1135; x_wconf 84' lang='lat' dir='ltr'>inveni</span> <span class='ocrx_word' id='word_1_120' title='bbox 336 1096 437 1134; x_wconf 83' lang='lat' dir='ltr'>duos</span> <span class='ocrx_word' id='word_1_121' title='bbox 469 1094 573 1131; x_wconf 89' lang='lat' dir='ltr'>solos</span> <span class='ocrx_word' id='word_1_122' title='bbox 607 1090 760 1129; x_wconf 91' lang='lat' dir='ltr'>libellos</span> <span class='ocrx_word' id='word_1_123' title='bbox 790 1102 813 1127; x_wconf 92' lang='lat' dir='ltr'>a</span> <span class='ocrx_word' id='word_1_124' title='bbox 844 1089 887 1126; x_wconf 94' lang='lat' dir='ltr'>L.</span> <span class='ocrx_word' id='word_1_125' title='bbox 921 1085 1113 1127; x_wconf 82' lang='lat' dir='ltr'>Canuleio</span> <span class='ocrx_word' id='word_1_126' title='bbox 1142 1084 1282 1122; x_wconf 90' lang='lat' dir='ltr'>missos</span> <span class='ocrx_word' id='word_1_127' title='bbox 1312 1082 1427 1121; x_wconf 87' lang='lat' dir='ltr'>sociis</span> <span class='ocrx_word' id='word_1_128' title='bbox 1458 1095 1503 1120; x_wconf 83' lang='lat' dir='ltr'>ex</span> 
     </span>
     <span class='ocr_line' id='line_1_17' title="bbox 175 1151 1504 1213; baseline -0.013 -12"><span class='ocrx_word' id='word_1_129' title='bbox 175 1170 290 1213; x_wconf 90' lang='lat' dir='ltr'>portu</span> <span class='ocrx_word' id='word_1_130' title='bbox 322 1159 530 1210; x_wconf 81' lang='lat' dir='ltr'>Syracusis,</span> <span class='ocrx_word' id='word_1_131' title='bbox 555 1158 594 1195; x_wconf 87' lang='lat' dir='ltr'>in</span> <span class='ocrx_word' id='word_1_132' title='bbox 622 1156 766 1207; x_wconf 89' lang='lat' dir='ltr'>quibus</span> <span class='ocrx_word' id='word_1_133' title='bbox 786 1162 867 1194; x_wconf 89' lang='lat' dir='ltr'>erat</span> <span class='ocrx_word' id='word_1_134' title='bbox 887 1153 1030 1203; x_wconf 86' lang='lat' dir='ltr'>scripta</span> <span class='ocrx_word' id='word_1_135' title='bbox 1048 1151 1146 1190; x_wconf 89' lang='lat' dir='ltr'>ratio</span> <span class='ocrx_word' id='word_1_136' title='bbox 1170 1160 1379 1188; x_wconf 88' lang='lat' dir='ltr'>mensuum</span> <span class='ocrx_word' id='word_1_137' title='bbox 1400 1159 1504 1185; x_wconf 92' lang='lat' dir='ltr'>com-</span> 
     </span>
     <span class='ocr_line' id='line_1_18' title="bbox 177 1209 1503 1277; baseline -0.014 -12"><span class='ocrx_word' id='word_1_138' title='bbox 177 1226 345 1277; x_wconf 89' lang='lat' dir='ltr'>plurium</span> <span class='ocrx_word' id='word_1_139' title='bbox 378 1237 506 1263; x_wconf 89' lang='lat' dir='ltr'>rerum</span> <span class='ocrx_word' id='word_1_140' title='bbox 536 1227 825 1272; x_wconf 80' lang='lat' dir='ltr'>exportatarum</span> <span class='ocrx_word' id='word_1_141' title='bbox 859 1218 969 1257; x_wconf 89' lang='lat' dir='ltr'>istius</span> <span class='ocrx_word' id='word_1_142' title='bbox 1001 1215 1161 1254; x_wconf 87' lang='lat' dir='ltr'>nomine</span> <span class='ocrx_word' id='word_1_143' title='bbox 1194 1213 1277 1252; x_wconf 90' lang='lat' dir='ltr'>sine</span> <span class='ocrx_word' id='word_1_144' title='bbox 1307 1209 1503 1262; x_wconf 88' lang='lat' dir='ltr'>portorio:</span> 
     </span>
     <span class='ocr_line' id='line_1_19' title="bbox 99 1278 1506 1341; baseline -0.012 -12"><span class='ocrx_word' id='word_1_145' title='bbox 99 1301 157 1339; x_wconf 79' lang='lat'>183</span> <span class='ocrx_word' id='word_1_146' title='bbox 177 1291 309 1341; x_wconf 85' lang='lat' dir='ltr'>itaque</span> <span class='ocrx_word' id='word_1_147' title='bbox 334 1286 536 1338; x_wconf 84' lang='lat' dir='ltr'>obsignavi</span> <span class='ocrx_word' id='word_1_148' title='bbox 566 1285 708 1325; x_wconf 88' lang='lat' dir='ltr'>statim.</span> <span class='ocrx_word' id='word_1_149' title='bbox 765 1283 859 1322; x_wconf 81' lang='lat' dir='ltr'>Non</span> <span class='ocrx_word' id='word_1_150' title='bbox 885 1289 966 1321; x_wconf 89' lang='lat' dir='ltr'>erat</span> <span class='ocrx_word' id='word_1_151' title='bbox 993 1282 1091 1319; x_wconf 90' lang='lat' dir='ltr'>haec</span> <span class='ocrx_word' id='word_1_152' title='bbox 1120 1292 1167 1318; x_wconf 88' lang='lat' dir='ltr'>ex</span> <span class='ocrx_word' id='word_1_153' title='bbox 1193 1278 1335 1317; x_wconf 89' lang='lat' dir='ltr'>eodem</span> <span class='ocrx_word' id='word_1_154' title='bbox 1365 1287 1506 1325; x_wconf 80' lang='lat' dir='ltr'>genere</span> 
     </span>
     <span class='ocr_line' id='line_1_20' title="bbox 179 1338 1507 1405; baseline -0.014 -11"><span class='ocrx_word' id='word_1_155' title='bbox 179 1356 287 1405; x_wconf 87' lang='lat' dir='ltr'>quod</span> <span class='ocrx_word' id='word_1_156' title='bbox 308 1367 381 1404; x_wconf 78' lang='lat' dir='ltr'>ego</span> <span class='ocrx_word' id='word_1_157' title='bbox 406 1351 576 1391; x_wconf 85' lang='lat' dir='ltr'>maxime</span> <span class='ocrx_word' id='word_1_158' title='bbox 597 1362 721 1400; x_wconf 85' lang='lat' dir='ltr'>genus</span> <span class='ocrx_word' id='word_1_159' title='bbox 741 1361 788 1387; x_wconf 84' lang='lat' dir='ltr'>ex</span> <span class='ocrx_word' id='word_1_160' title='bbox 812 1346 1007 1386; x_wconf 90' lang='lat' dir='ltr'>sociorum</span> <span class='ocrx_word' id='word_1_161' title='bbox 1028 1343 1164 1383; x_wconf 89' lang='lat' dir='ltr'>litteris</span> <span class='ocrx_word' id='word_1_162' title='bbox 1191 1340 1358 1392; x_wconf 87' lang='lat' dir='ltr'>reperire</span> <span class='ocrx_word' id='word_1_163' title='bbox 1378 1338 1507 1389; x_wconf 86' lang='lat' dir='ltr'>cupie-</span> 
     </span>
     <span class='ocr_line' id='line_1_21' title="bbox 179 1402 1507 1467; baseline -0.013 -9"><span class='ocrx_word' id='word_1_164' title='bbox 179 1421 297 1467; x_wconf 77' lang='lat' dir='ltr'>bam3</span> <span class='ocrx_word' id='word_1_165' title='bbox 325 1430 459 1456; x_wconf 91' lang='lat' dir='ltr'>verum</span> <span class='ocrx_word' id='word_1_166' title='bbox 487 1422 640 1454; x_wconf 91' lang='lat' dir='ltr'>tantum</span> <span class='ocrx_word' id='word_1_167' title='bbox 670 1411 813 1458; x_wconf 89' lang='lat' dir='ltr'>inveni,</span> <span class='ocrx_word' id='word_1_168' title='bbox 844 1410 1006 1456; x_wconf 82' lang='lat' dir='ltr'>iudices,</span> <span class='ocrx_word' id='word_1_169' title='bbox 1034 1410 1143 1458; x_wconf 91' lang='lat' dir='ltr'>quod</span> <span class='ocrx_word' id='word_1_170' title='bbox 1167 1407 1275 1458; x_wconf 91' lang='lat' dir='ltr'>apud</span> <span class='ocrx_word' id='word_1_171' title='bbox 1299 1418 1369 1443; x_wconf 82' lang='lat' dir='ltr'>vos</span> <span class='ocrx_word' id='word_1_172' title='bbox 1397 1402 1507 1454; x_wconf 84' lang='lat' dir='ltr'>quasi</span> 
     </span>
     <span class='ocr_line' id='line_1_22' title="bbox 179 1468 1508 1533; baseline -0.014 -10"><span class='ocrx_word' id='word_1_173' title='bbox 179 1482 348 1533; x_wconf 88' lang='lat' dir='ltr'>exempli</span> <span class='ocrx_word' id='word_1_174' title='bbox 377 1494 496 1521; x_wconf 90' lang='lat' dir='ltr'>causa</span> <span class='ocrx_word' id='word_1_175' title='bbox 524 1479 695 1531; x_wconf 90' lang='lat' dir='ltr'>proferre</span> <span class='ocrx_word' id='word_1_176' title='bbox 724 1489 894 1528; x_wconf 86' lang='lat' dir='ltr'>possem.</span> <span class='ocrx_word' id='word_1_177' title='bbox 953 1475 1031 1513; x_wconf 89' lang='lat' dir='ltr'>Sed</span> <span class='ocrx_word' id='word_1_178' title='bbox 1061 1481 1193 1511; x_wconf 90' lang='lat' dir='ltr'>tamen</span> <span class='ocrx_word' id='word_1_179' title='bbox 1223 1469 1413 1521; x_wconf 91' lang='lat' dir='ltr'>quicquid</span> <span class='ocrx_word' id='word_1_180' title='bbox 1438 1468 1508 1506; x_wconf 88' lang='lat' dir='ltr'>erit</span> 
     </span>
     <span class='ocr_line' id='line_1_23' title="bbox 180 1532 1509 1595; baseline -0.014 -8"><span class='ocrx_word' id='word_1_181' title='bbox 180 1549 220 1586; x_wconf 92' lang='lat' dir='ltr'>in</span> <span class='ocrx_word' id='word_1_182' title='bbox 241 1548 301 1587; x_wconf 90' lang='lat' dir='ltr'>his</span> <span class='ocrx_word' id='word_1_183' title='bbox 321 1545 474 1593; x_wconf 90' lang='lat' dir='ltr'>libellis,</span> <span class='ocrx_word' id='word_1_184' title='bbox 493 1544 901 1595; x_wconf 89' lang='lat' dir='ltr'>quantulumcumque</span> <span class='ocrx_word' id='word_1_185' title='bbox 917 1537 1112 1577; x_wconf 91' lang='lat' dir='ltr'>videbitur</span> <span class='ocrx_word' id='word_1_186' title='bbox 1131 1549 1226 1582; x_wconf 88' lang='lat' dir='ltr'>esse,</span> <span class='ocrx_word' id='word_1_187' title='bbox 1250 1537 1326 1573; x_wconf 91' lang='lat' dir='ltr'>hoc</span> <span class='ocrx_word' id='word_1_188' title='bbox 1347 1532 1509 1584; x_wconf 88' lang='lat' dir='ltr'>quidem</span> 
     </span>
     <span class='ocr_line' id='line_1_24' title="bbox 181 1598 1510 1652; baseline -0.014 0"><span class='ocrx_word' id='word_1_189' title='bbox 181 1622 286 1652; x_wconf 88' lang='lat' dir='ltr'>certe</span> <span class='ocrx_word' id='word_1_190' title='bbox 311 1611 561 1651; x_wconf 88' lang='lat' dir='ltr'>manifestum</span> <span class='ocrx_word' id='word_1_191' title='bbox 582 1607 676 1647; x_wconf 88' lang='lat' dir='ltr'>erit:</span> <span class='ocrx_word' id='word_1_192' title='bbox 704 1607 754 1646; x_wconf 89' lang='lat' dir='ltr'>de</span> <span class='ocrx_word' id='word_1_193' title='bbox 774 1605 912 1645; x_wconf 87' lang='lat' dir='ltr'>ceteris</span> <span class='ocrx_word' id='word_1_194' title='bbox 933 1618 979 1643; x_wconf 88' lang='lat' dir='ltr'>ex</span> <span class='ocrx_word' id='word_1_195' title='bbox 999 1605 1075 1641; x_wconf 94' lang='lat' dir='ltr'>hoc</span> <span class='ocrx_word' id='word_1_196' title='bbox 1096 1601 1362 1640; x_wconf 88' lang='lat' dir='ltr'>coniecturam</span> <span class='ocrx_word' id='word_1_197' title='bbox 1384 1598 1510 1635; x_wconf 88' lang='lat' dir='ltr'>facere</span> 
     </span>
     <span class='ocr_line' id='line_1_25' title="bbox 183 1662 1506 1720; baseline -0.013 -4"><span class='ocrx_word' id='word_1_198' title='bbox 183 1676 389 1716; x_wconf 88' lang='lat' dir='ltr'>debebitis.</span> <span class='ocrx_word' id='word_1_199' title='bbox 450 1673 590 1713; x_wconf 87' lang='lat' dir='ltr'>Recita</span> <span class='ocrx_word' id='word_1_200' title='bbox 623 1670 731 1718; x_wconf 90' lang='lat' dir='ltr'>mihi,</span> <span class='ocrx_word' id='word_1_201' title='bbox 767 1682 925 1720; x_wconf 87' lang='lat' dir='ltr'>quaeso,</span> <span class='ocrx_word' id='word_1_202' title='bbox 967 1669 1072 1706; x_wconf 92' lang='lat' dir='ltr'>hunc</span> <span class='ocrx_word' id='word_1_203' title='bbox 1110 1665 1279 1715; x_wconf 88' lang='lat' dir='ltr'>primum</span> <span class='ocrx_word' id='word_1_204' title='bbox 1319 1662 1506 1708; x_wconf 90' lang='lat' dir='ltr'>libellum,</span> 
     </span>
     <span class='ocr_line' id='line_1_26' title="bbox 183 1733 1188 1781; baseline -0.014 0"><span class='ocrx_word' id='word_1_205' title='bbox 183 1742 329 1781; x_wconf 88' lang='lat' dir='ltr'>deinde</span> <span class='ocrx_word' id='word_1_206' title='bbox 350 1740 459 1778; x_wconf 88' lang='lat' dir='ltr'>illum</span> <span class='ocrx_word' id='word_1_207' title='bbox 479 1740 656 1776; x_wconf 86' lang='lat' dir='ltr'>alterum.</span> <span class='ocrx_word' id='word_1_208' title='bbox 716 1736 888 1773; x_wconf 82' lang='lat' dir='ltr'>L1BELL1</span> <span class='ocrx_word' id='word_1_209' title='bbox 911 1733 1188 1772; x_wconf 74' lang='lat' dir='ltr'>CANVLEIANI.</span> 
     </span>
     <span class='ocr_line' id='line_1_27' title="bbox 240 1790 1511 1854; baseline -0.013 -10"><span class='ocrx_word' id='word_1_210' title='bbox 240 1807 332 1844; x_wconf 93' lang='lat' dir='ltr'>Non</span> <span class='ocrx_word' id='word_1_211' title='bbox 362 1815 508 1854; x_wconf 89' lang='lat' dir='ltr'>quaero</span> <span class='ocrx_word' id='word_1_212' title='bbox 538 1802 644 1840; x_wconf 90' lang='lat' dir='ltr'>unde</span> <span class='ocrx_word' id='word_1_213' title='bbox 674 1810 775 1838; x_wconf 88' lang='lat' dir='ltr'>cccc</span> <span class='ocrx_word' id='word_1_214' title='bbox 803 1798 1013 1847; x_wconf 89' lang='lat' dir='ltr'>amphoras</span> <span class='ocrx_word' id='word_1_215' title='bbox 1038 1793 1163 1833; x_wconf 89' lang='lat' dir='ltr'>mellis</span> <span class='ocrx_word' id='word_1_216' title='bbox 1187 1790 1384 1839; x_wconf 75' lang='lat' dir='ltr'>habueris,</span> <span class='ocrx_word' id='word_1_217' title='bbox 1404 1791 1511 1829; x_wconf 89' lang='lat' dir='ltr'>unde</span> 
     </span>
     <span class='ocr_line' id='line_1_28' title="bbox 185 1856 1511 1911; baseline -0.012 -3"><span class='ocrx_word' id='word_1_218' title='bbox 185 1877 338 1908; x_wconf 88' lang='lat' dir='ltr'>tantum</span> <span class='ocrx_word' id='word_1_219' title='bbox 369 1865 651 1911; x_wconf 86' lang='lat' dir='ltr'>Melitensium,</span> <span class='ocrx_word' id='word_1_220' title='bbox 681 1864 788 1901; x_wconf 90' lang='lat' dir='ltr'>unde</span> <span class='ocrx_word' id='word_1_221' title='bbox 819 1874 843 1900; x_wconf 91' lang='lat' dir='ltr'>L</span> <span class='ocrx_word' id='word_1_222' title='bbox 871 1859 1127 1899; x_wconf 85' lang='lat' dir='ltr'>tricliniorum</span> <span class='ocrx_word' id='word_1_223' title='bbox 1155 1859 1288 1903; x_wconf 85' lang='lat' dir='ltr'>lectos,</span> <span class='ocrx_word' id='word_1_224' title='bbox 1321 1856 1428 1894; x_wconf 90' lang='lat' dir='ltr'>unde</span> <span class='ocrx_word' id='word_1_225' title='bbox 1455 1861 1511 1893; x_wconf 92' lang='lat' dir='ltr'>tot</span> 
     </span>
     <span class='ocr_line' id='line_1_29' title="bbox 185 1918 1508 1979; baseline -0.013 -6"><span class='ocrx_word' id='word_1_226' title='bbox 185 1933 445 1979; x_wconf 68' lang='lat' dir='ltr'>candelabra,</span> <span class='ocrx_word' id='word_1_227' title='bbox 474 1943 566 1978; x_wconf 87' lang='lat' dir='ltr'>non,</span> <span class='ocrx_word' id='word_1_228' title='bbox 594 1929 768 1979; x_wconf 88' lang='lat' dir='ltr'>inquam,</span> <span class='ocrx_word' id='word_1_229' title='bbox 791 1926 868 1964; x_wconf 89' lang='lat' dir='ltr'>iam</span> <span class='ocrx_word' id='word_1_230' title='bbox 893 1936 1040 1975; x_wconf 87' lang='lat' dir='ltr'>quaero</span> <span class='ocrx_word' id='word_1_231' title='bbox 1064 1923 1170 1961; x_wconf 87' lang='lat' dir='ltr'>unde</span> <span class='ocrx_word' id='word_1_232' title='bbox 1190 1922 1287 1959; x_wconf 88' lang='lat' dir='ltr'>haec</span> <span class='ocrx_word' id='word_1_233' title='bbox 1315 1918 1508 1965; x_wconf 85' lang='lat' dir='ltr'>habueris,</span> 
     </span>
    </p>
   </div>
   <div class='ocr_carea' id='block_1_3' title="bbox 188 2022 1514 2376">
    <p class='ocr_par' dir='ltr' id='par_1_3' title="bbox 188 2022 1514 2376">
     <span class='ocr_line' id='line_1_30' title="bbox 230 2022 1508 2076; baseline -0.013 -8"><span class='ocrx_word' id='word_1_234' title='bbox 230 2048 249 2076; x_wconf 85' lang='lat'><strong>5</strong></span> <span class='ocrx_word' id='word_1_235' title='bbox 274 2037 351 2067; x_wconf 88' lang='lat' dir='ltr'>dein</span> <span class='ocrx_word' id='word_1_236' title='bbox 370 2035 399 2066; x_wconf 89' lang='lat' dir='ltr'><em>C</em></span> <span class='ocrx_word' id='word_1_237' title='bbox 414 2033 518 2074; x_wconf 83' lang='lat' dir='ltr'>(domi</span> <span class='ocrx_word' id='word_1_238' title='bbox 536 2032 579 2072; x_wconf 80' lang='lat' dir='ltr'>O)</span> <span class='ocrx_word' id='word_1_239' title='bbox 597 2043 605 2063; x_wconf 67' lang='grc' dir='ltr'><strong><em>τ</em></strong></span> <span class='ocrx_word' id='word_1_240' title='bbox 629 2032 788 2072; x_wconf 86' lang='lat' dir='ltr'>deindep</span> <span class='ocrx_word' id='word_1_241' title='bbox 805 2028 868 2061; x_wconf 77' lang='lat' dir='ltr'>rell.</span> <span class='ocrx_word' id='word_1_242' title='bbox 1020 2028 1041 2058; x_wconf 88' lang='grc'>6</span> <span class='ocrx_word' id='word_1_243' title='bbox 1065 2035 1126 2058; x_wconf 89' lang='lat' dir='ltr'>eos</span> <span class='ocrx_word' id='word_1_244' title='bbox 1145 2023 1203 2056; x_wconf 85' lang='lat' dir='ltr'>CO</span> <span class='ocrx_word' id='word_1_245' title='bbox 1221 2036 1227 2056; x_wconf 92' lang='lat'><strong>:</strong></span> <span class='ocrx_word' id='word_1_246' title='bbox 1253 2024 1388 2055; x_wconf 88' lang='lat' dir='ltr'>eosdem</span> <span class='ocrx_word' id='word_1_247' title='bbox 1404 2028 1428 2063; x_wconf 77' lang='lat' dir='ltr'>j&gt;</span> <span class='ocrx_word' id='word_1_248' title='bbox 1446 2022 1508 2053; x_wconf 77' lang='lat' dir='ltr'>rell.</span> 
     </span>
     <span class='ocr_line' id='line_1_31' title="bbox 188 2067 1513 2119; baseline -0.013 -7"><span class='ocrx_word' id='word_1_249' title='bbox 188 2091 205 2119; x_wconf 92' lang='lat'><strong>7</strong></span> <span class='ocrx_word' id='word_1_250' title='bbox 230 2081 316 2119; x_wconf 86' lang='lat' dir='ltr'>apud</span> <span class='ocrx_word' id='word_1_251' title='bbox 336 2079 395 2110; x_wconf 89' lang='lat' dir='ltr'>CO</span> <span class='ocrx_word' id='word_1_252' title='bbox 412 2090 419 2109; x_wconf 75' lang='grc' dir='ltr'><em>τ</em></span> <span class='ocrx_word' id='word_1_253' title='bbox 442 2083 475 2109; x_wconf 88' lang='lat' dir='ltr'>et</span> <span class='ocrx_word' id='word_1_254' title='bbox 492 2078 580 2117; x_wconf 86' lang='lat' dir='ltr'>apud</span> <span class='ocrx_word' id='word_1_255' title='bbox 594 2081 640 2117; x_wconf 83' lang='lat' dir='ltr'>pq</span> <span class='ocrx_word' id='word_1_256' title='bbox 656 2075 698 2107; x_wconf 89' lang='lat' dir='ltr'>al.</span> <span class='ocrx_word' id='word_1_257' title='bbox 824 2083 858 2103; x_wconf 94' lang='lat'>11</span> <span class='ocrx_word' id='word_1_258' title='bbox 886 2072 1115 2111; x_wconf 83' lang='lat' dir='ltr'>magistratum</span> <span class='ocrx_word' id='word_1_259' title='bbox 1135 2068 1194 2100; x_wconf 90' lang='lat' dir='ltr'>CO</span> <span class='ocrx_word' id='word_1_260' title='bbox 1328 2068 1366 2096; x_wconf 90' lang='lat'>16</span> <span class='ocrx_word' id='word_1_261' title='bbox 1390 2067 1513 2105; x_wconf 88' lang='lat' dir='ltr'>scripta</span> 
     </span>
     <span class='ocr_line' id='line_1_32' title="bbox 189 2109 1512 2160; baseline -0.012 -6"><span class='ocrx_word' id='word_1_262' title='bbox 189 2124 272 2153; x_wconf 82' lang='lat' dir='ltr'>ratio</span> <span class='ocrx_word' id='word_1_263' title='bbox 292 2121 382 2153; x_wconf 80' lang='lat' dir='ltr'>codd.</span> <span class='ocrx_word' id='word_1_264' title='bbox 400 2133 405 2151; x_wconf 92' lang='lat'>:</span> <span class='ocrx_word' id='word_1_265' title='bbox 431 2121 514 2152; x_wconf 82' lang='lat' dir='ltr'>ratio</span> <span class='ocrx_word' id='word_1_266' title='bbox 531 2120 658 2160; x_wconf 86' lang='lat' dir='ltr'>scripta</span> <span class='ocrx_word' id='word_1_267' title='bbox 674 2119 692 2148; x_wconf 85' lang='lat' dir='ltr'>b</span> <span class='ocrx_word' id='word_1_268' title='bbox 709 2115 798 2158; x_wconf 79' lang='lat' dir='ltr'>vulg.</span> <span class='ocrx_word' id='word_1_269' title='bbox 889 2124 1066 2146; x_wconf 88' lang='lat' dir='ltr'>mensuum</span> <span class='ocrx_word' id='word_1_270' title='bbox 1082 2114 1142 2153; x_wconf 82' lang='lat' dir='ltr'>qk:</span> <span class='ocrx_word' id='word_1_271' title='bbox 1166 2120 1318 2142; x_wconf 88' lang='lat' dir='ltr'>mensum</span> <span class='ocrx_word' id='word_1_272' title='bbox 1333 2109 1378 2150; x_wconf 79' lang='lat' dir='ltr'>Cp</span> <span class='ocrx_word' id='word_1_273' title='bbox 1396 2121 1402 2139; x_wconf 73' lang='grc' dir='ltr'>ε</span> <span class='ocrx_word' id='word_1_274' title='bbox 1421 2119 1512 2139; x_wconf 87' lang='lat' dir='ltr'>men-</span> 
     </span>
     <span class='ocr_line' id='line_1_33' title="bbox 189 2154 1511 2197; baseline -0.011 -1"><span class='ocrx_word' id='word_1_275' title='bbox 189 2166 275 2196; x_wconf 82' lang='lat' dir='ltr'>sium</span> <span class='ocrx_word' id='word_1_276' title='bbox 296 2164 344 2195; x_wconf 78' lang='lat' dir='ltr'>Ob</span> <span class='ocrx_word' id='word_1_277' title='bbox 360 2164 428 2195; x_wconf 83' lang='lat' dir='ltr'>edd.</span> <span class='ocrx_word' id='word_1_278' title='bbox 622 2163 662 2193; x_wconf 90' lang='lat'>18</span> <span class='ocrx_word' id='word_1_279' title='bbox 688 2160 766 2191; x_wconf 90' lang='lat' dir='ltr'>Non</span> <span class='ocrx_word' id='word_1_280' title='bbox 784 2158 898 2191; x_wconf 78' lang='lat' dir='ltr'>addidi</span> <span class='ocrx_word' id='word_1_281' title='bbox 916 2160 1003 2197; x_wconf 64' lang='lat' dir='ltr'>(ante</span> <span class='ocrx_word' id='word_1_282' title='bbox 1019 2166 1135 2187; x_wconf 90' lang='lat' dir='ltr'>verum</span> <span class='ocrx_word' id='word_1_283' title='bbox 1158 2160 1286 2185; x_wconf 84' lang='lat' dir='ltr'>tantum</span> <span class='ocrx_word' id='word_1_284' title='bbox 1304 2154 1325 2184; x_wconf 91' lang='lat' dir='ltr'>I.</span> <span class='ocrx_word' id='word_1_285' title='bbox 1343 2154 1400 2193; x_wconf 79' lang='lat'>20)</span> <span class='ocrx_word' id='word_1_286' title='bbox 1420 2164 1425 2182; x_wconf 91' lang='lat'><strong>:</strong></span> <span class='ocrx_word' id='word_1_287' title='bbox 1450 2161 1511 2182; x_wconf 90' lang='lat' dir='ltr'>nec</span> 
     </span>
     <span class='ocr_line' id='line_1_34' title="bbox 188 2194 1512 2246; baseline -0.012 -6"><span class='ocrx_word' id='word_1_288' title='bbox 188 2209 324 2239; x_wconf 80' lang='lat' dir='ltr'>Hotom.</span> <span class='ocrx_word' id='word_1_289' title='bbox 385 2212 455 2238; x_wconf 85' lang='lat' dir='ltr'>erat</span> <span class='ocrx_word' id='word_1_290' title='bbox 472 2207 555 2238; x_wconf 85' lang='lat' dir='ltr'>haec</span> <span class='ocrx_word' id='word_1_291' title='bbox 574 2206 629 2246; x_wconf 79' lang='lat' dir='ltr'>(sc.</span> <span class='ocrx_word' id='word_1_292' title='bbox 648 2205 746 2237; x_wconf 53' lang='lat' dir='ltr'>ratio)</span> <span class='ocrx_word' id='word_1_293' title='bbox 763 2203 896 2243; x_wconf 78' lang='lat' dir='ltr'>scripsi:</span> <span class='ocrx_word' id='word_1_294' title='bbox 922 2205 1017 2232; x_wconf 86' lang='lat' dir='ltr'>erant</span> <span class='ocrx_word' id='word_1_295' title='bbox 1034 2201 1116 2230; x_wconf 82' lang='lat' dir='ltr'>haec</span> <span class='ocrx_word' id='word_1_296' title='bbox 1135 2197 1197 2228; x_wconf 89' lang='lat' dir='ltr'>Cb:</span> <span class='ocrx_word' id='word_1_297' title='bbox 1223 2202 1293 2228; x_wconf 86' lang='lat' dir='ltr'>erat</span> <span class='ocrx_word' id='word_1_298' title='bbox 1313 2198 1395 2237; x_wconf 81' lang='lat' dir='ltr'>(om.</span> <span class='ocrx_word' id='word_1_299' title='bbox 1412 2194 1512 2234; x_wconf 84' lang='lat' dir='ltr'>haec)</span> 
     </span>
     <span class='ocr_line' id='line_1_35' title="bbox 191 2239 1512 2288; baseline -0.012 -5"><span class='ocrx_word' id='word_1_300' title='bbox 191 2251 222 2281; x_wconf 89' lang='lat' dir='ltr'><em>O</em></span> <span class='ocrx_word' id='word_1_301' title='bbox 340 2261 382 2282; x_wconf 83' lang='lat' dir='ltr'>ex</span> <span class='ocrx_word' id='word_1_302' title='bbox 401 2251 519 2281; x_wconf 88' lang='lat' dir='ltr'>eodem</span> <span class='ocrx_word' id='word_1_303' title='bbox 540 2251 639 2288; x_wconf 82' lang='lat' dir='ltr'>(exeo</span> <span class='ocrx_word' id='word_1_304' title='bbox 653 2249 695 2279; x_wconf 79' lang='lat' dir='ltr'>de</span> <span class='ocrx_word' id='word_1_305' title='bbox 713 2246 775 2287; x_wconf 85' lang='lat' dir='ltr'>Cp)</span> <span class='ocrx_word' id='word_1_306' title='bbox 792 2255 920 2285; x_wconf 85' lang='lat' dir='ltr'>genere</span> <span class='ocrx_word' id='word_1_307' title='bbox 938 2242 1018 2283; x_wconf 82' lang='lat' dir='ltr'>COp</span> <span class='ocrx_word' id='word_1_308' title='bbox 1035 2243 1078 2274; x_wconf 86' lang='lat' dir='ltr'>al,</span> <span class='ocrx_word' id='word_1_309' title='bbox 1098 2253 1103 2272; x_wconf 74' lang='grc' dir='ltr'><strong><em>ε</em></strong></span> <span class='ocrx_word' id='word_1_310' title='bbox 1129 2251 1171 2271; x_wconf 85' lang='lat' dir='ltr'>ex</span> <span class='ocrx_word' id='word_1_311' title='bbox 1189 2250 1230 2271; x_wconf 89' lang='lat' dir='ltr'>eo</span> <span class='ocrx_word' id='word_1_312' title='bbox 1250 2250 1327 2279; x_wconf 81' lang='lat' dir='ltr'>gen.</span> <span class='ocrx_word' id='word_1_313' title='bbox 1347 2239 1384 2268; x_wconf 84' lang='lat' dir='ltr'>b:</span> <span class='ocrx_word' id='word_1_314' title='bbox 1411 2248 1453 2268; x_wconf 87' lang='lat' dir='ltr'>ex</span> <span class='ocrx_word' id='word_1_315' title='bbox 1472 2247 1512 2267; x_wconf 89' lang='lat' dir='ltr'>eo</span> 
     </span>
     <span class='ocr_line' id='line_1_36' title="bbox 189 2282 1514 2333; baseline -0.013 -7"><span class='ocrx_word' id='word_1_316' title='bbox 189 2294 323 2333; x_wconf 77' lang='lat' dir='ltr'>quidem</span> <span class='ocrx_word' id='word_1_317' title='bbox 342 2303 468 2332; x_wconf 82' lang='lat' dir='ltr'>genere</span> <span class='ocrx_word' id='word_1_318' title='bbox 486 2292 594 2323; x_wconf 82' lang='lat' dir='ltr'>Halm</span> <span class='ocrx_word' id='word_1_319' title='bbox 791 2299 831 2319; x_wconf 90' lang='lat'>22</span> <span class='ocrx_word' id='word_1_320' title='bbox 855 2286 1053 2327; x_wconf 80' lang='lat' dir='ltr'>quantulum</span> <span class='ocrx_word' id='word_1_321' title='bbox 1075 2284 1140 2315; x_wconf 57' lang='lat' dir='ltr'>CO&gt;</span> <span class='ocrx_word' id='word_1_322' title='bbox 1159 2296 1165 2314; x_wconf 91' lang='lat'>:</span> <span class='ocrx_word' id='word_1_323' title='bbox 1190 2282 1454 2323; x_wconf 87' lang='lat' dir='ltr'>quantulumque</span> <span class='ocrx_word' id='word_1_324' title='bbox 1471 2283 1514 2310; x_wconf 63' lang='grc' dir='ltr'>πλε</span> 
     </span>
     <span class='ocr_line' id='line_1_37' title="bbox 188 2325 1359 2376; baseline -0.012 -8"><span class='ocrx_word' id='word_1_325' title='bbox 188 2348 228 2376; x_wconf 85' lang='lat'>27</span> <span class='ocrx_word' id='word_1_326' title='bbox 253 2343 381 2368; x_wconf 86' lang='lat' dir='ltr'>tantum</span> <span class='ocrx_word' id='word_1_327' title='bbox 400 2335 623 2367; x_wconf 85' lang='lat' dir='ltr'>Melitensium</span> <span class='ocrx_word' id='word_1_328' title='bbox 643 2332 711 2364; x_wconf 84' lang='lat' dir='ltr'>cO:</span> <span class='ocrx_word' id='word_1_329' title='bbox 736 2337 860 2364; x_wconf 85' lang='lat' dir='ltr'>tantam</span> <span class='ocrx_word' id='word_1_330' title='bbox 881 2330 1092 2361; x_wconf 82' lang='lat' dir='ltr'>Melitensem</span> <span class='ocrx_word' id='word_1_331' title='bbox 1112 2332 1237 2357; x_wconf 86' lang='lat' dir='ltr'>vestem</span> <span class='ocrx_word' id='word_1_332' title='bbox 1251 2332 1275 2365; x_wconf 84' lang='lat' dir='ltr'>p</span> <span class='ocrx_word' id='word_1_333' title='bbox 1295 2325 1359 2355; x_wconf 69' lang='lat' dir='ltr'>rell.</span> 
     </span>
    </p>
   </div>
  </div>
 </body>
</html>
