1600 2704
59 121 117 158 60
144 126 206 169 156
514 121 570 158 M.
603 120 771 158 TVLLI
803 117 1111 159 CICERONIS

140 232 266 271 civem
295 233 523 271 Romanum
554 231 619 281 qui
651 231 837 270 omnibus
867 230 906 269 in
930 230 997 270 illo
1024 237 1222 269 conventu
1251 237 1380 278 notus,
1403 229 1471 281 qui

140 296 339 347 Syracusis
373 305 488 336 natus
520 304 631 344 esset,
666 297 736 335 abs
762 304 800 335 te
834 296 959 335 securi
991 308 1220 347 percussum
1249 307 1335 334 esse
1361 294 1468 334 dixit.

60 370 120 405 157
141 363 235 400 Post
269 363 371 400 hanc
405 361 560 400 illorum
592 360 923 409 vociferationem,
960 368 1049 410 post
1080 361 1182 399 hanc
1216 372 1470 399 communem

139 427 285 465 famam
319 434 438 476 atque
465 425 753 476 querimoniam
792 439 873 465 non
912 425 1043 465 mitior
1081 424 1121 463 in
1160 424 1368 475 supplicio,
1400 425 1471 463 sed

139 490 362 541 diligentior
395 504 481 529 esse
510 489 670 540 coepit3
698 489 892 541 capitibus
922 488 1107 528 involutis
1137 489 1232 528 civis
1264 491 1470 528 Romanos
1490 501 1507 533 5

138 557 190 593 ad
210 568 350 594 necem
371 556 591 605 producere
615 553 810 603 instituit3
838 567 938 604 quos
965 562 1098 593 tamen
1125 553 1273 593 idcirco
1302 553 1471 591 necabat

137 621 268 674 palam
307 619 416 669 quod
455 617 637 657 homines
675 617 715 655 in
754 625 963 665 conventu,
999 617 1039 657 id
1078 619 1187 667 quod
1224 625 1341 656 antea
1378 616 1470 664 dixi,

139 683 305 721 nimium
322 682 528 732 diligenter
544 682 790 732 praedonum
807 694 1014 720 numerum
1030 681 1291 731 requirebant.
1340 681 1470 720 Haec—

139 747 203 786 ine
242 747 348 798 plebi
388 748 597 786 Romanae
635 753 674 785 te
712 753 890 796 praetore
928 753 987 785 est
1025 745 1239 785 constituta
1272 745 1469 794 condicio,

140 813 238 850 haec
268 810 400 862 negoti
429 810 591 861 gerendi
620 823 720 861 spes,
749 811 826 849 hoc
854 809 993 860 capitis
1021 809 1202 860 vitaeque
1225 809 1531 849 discrimen?10

140 878 337 916 Parumne
389 878 513 914 multa
561 874 845 914 mercatoribus
892 882 983 913 sunt
1030 873 1250 913 necessario
1297 874 1470 925 pericula

139 943 347 980 subeunda
380 942 572 988 fortunae,
605 940 679 979 nisi
718 939 836 979 etiam
870 941 945 978 hae
983 938 1212 978 formidines
1243 939 1294 977 ab
1327 939 1470 978 nostris

139 1005 429 1057 magistratibus
467 1012 587 1055 atque
625 1004 666 1042 in
704 1003 846 1042 nostris
893 1003 1103 1053 provinciis
1149 1002 1471 1053 impendebunt?

139 1072 204 1110 Ad
243 1083 383 1109 eamne
416 1083 498 1108 rem
533 1069 605 1108 fuit
637 1070 736 1108 haec
770 1069 996 1107 suburbana
1021 1081 1068 1107 ac
1101 1066 1228 1107 fidelis
1257 1066 1467 1118 provincia,

138 1137 255 1187 plena
294 1135 534 1186 optimorum
579 1134 776 1172 sociorum
823 1132 1271 1182 honestissimorumque
1313 1131 1468 1180 civium,
1491 1145 1528 1178 15

139 1213 241 1250 quae
269 1198 364 1238 civis
397 1200 604 1238 Romanos
633 1198 764 1237 omnis
793 1197 872 1235 suis
905 1197 989 1247 ipsa
1020 1197 1180 1236 sedibus
1211 1196 1471 1236 libentissime

139 1277 295 1315 semper
315 1262 479 1314 accepit,
496 1270 550 1311 ut,
567 1262 635 1314 qui
655 1275 782 1313 usque
802 1275 849 1300 ex
864 1261 1002 1300 ultima
1022 1260 1131 1311 Syria
1149 1267 1268 1311 atque
1288 1262 1471 1311 Aegypto

138 1329 377 1380 navigarent,
418 1327 487 1379 qui
528 1328 636 1378 apud
673 1327 860 1366 barbaros
899 1333 1057 1376 propter
1095 1332 1209 1376 togae
1242 1338 1391 1364 nomen
1429 1325 1470 1363 in

138 1395 290 1432 honore
332 1392 467 1443 aliquo
509 1392 685 1439 fuissent,
729 1391 796 1442 qui
836 1404 883 1429 ex
923 1391 1171 1441 praedonum
1204 1389 1368 1437 insidiis,
1401 1388 1470 1439 qui

140 1472 186 1498 ex
224 1464 505 1508 tempestatum
542 1455 725 1508 periculis
767 1454 1041 1506 profugissent,
1080 1454 1119 1492 in
1166 1453 1298 1493 Sicilia
1343 1452 1470 1492 securi
1489 1466 1532 1490 20

73 1560 122 1597 61
139 1522 354 1570 ferirentur,
387 1535 478 1560 cum
508 1535 549 1561 se
579 1521 656 1560 iarn
686 1521 851 1559 domurn
881 1518 1035 1558 venisse
1063 1518 1371 1558 arbitrarentur?

61 1621 120 1660 158
196 1589 300 1626 Nam
326 1587 422 1638 quid
450 1600 523 1637 ego
552 1588 602 1625 de
633 1588 673 1624 P.
707 1585 845 1632 Gavio,
868 1585 1056 1624 Consano
1086 1583 1295 1634 municipe,
1325 1582 1468 1631 dicam,

140 1652 302 1699 iudices,
343 1658 409 1690 aut
448 1664 525 1701 qua
563 1650 600 1689 vi
639 1650 759 1698 vocis,
797 1663 875 1699 qua
911 1649 1097 1699 gravitate
1130 1649 1351 1695 verborum,
1390 1660 1471 1698 quo

140 1718 278 1756 dolore
316 1715 437 1754 animi
475 1715 635 1754 dicam?
682 1713 836 1753 tametsi
871 1714 984 1752 dolor
1010 1725 1073 1751 me
1111 1725 1192 1751 non
1224 1712 1391 1760 deficit3
1427 1719 1470 1749 ut

141 1789 269 1820 cetera
291 1780 386 1818 mihi
407 1780 446 1818 in
472 1780 644 1818 dicendo
672 1779 791 1829 digna
822 1791 873 1826 re,
894 1778 1013 1829 digna
1042 1779 1178 1817 dolore
1208 1790 1309 1824 meo,
1332 1789 1471 1827 suppe-
1491 1787 1530 1819 25

141 1854 225 1884 tant
254 1845 377 1895 magis
410 1845 671 1884 laborandum
704 1852 772 1883 est.
833 1845 955 1892 Quod
984 1843 1132 1881 crimen
1161 1841 1245 1881 eius
1274 1841 1383 1880 modi
1412 1849 1470 1880 est

140 1918 194 1957 ut,
217 1923 308 1948 cum
338 1909 509 1960 primurn
538 1909 590 1948 ad
620 1922 684 1947 me
713 1909 888 1947 delatum
919 1914 987 1955 est,
1011 1919 1172 1946 usurum
1202 1919 1266 1945 me
1295 1905 1362 1944 illo
1388 1918 1470 1944 non

140 1981 348 2025 putarem3
400 1972 555 2013 tametsi
603 1972 708 2012 enim
756 1971 1001 2011 verissimum
1049 1984 1134 2010 esse
1181 1969 1468 2020 intellegebam,

141 2047 273 2078 tamen
313 2038 500 2078 credibile
547 2039 629 2077 fore
676 2050 756 2076 non
803 2036 1029 2076 arbitrabar.
1101 2036 1272 2075 Coactus
1301 2033 1469 2073 lacrimis

142 2103 320 2141 omnium
360 2102 504 2141 civium
545 2103 817 2140 Romanorum
856 2101 923 2151 qui
962 2100 1002 2139 in
1041 2099 1172 2139 Sicilia
1210 2098 1468 2148 negotiantur,
1487 2112 1531 2144 30

141 2169 337 2206 adductus
366 2166 680 2213 Valentinorum,
709 2165 915 2205 hominum
940 2163 1317 2211 honestissimorum,
1346 2161 1470 2201 omni-

192 2281 203 2300 1
231 2272 285 2309 qui
318 2271 473 2302 omnibus
504 2271 538 2301 in
571 2270 686 2311 illop:
724 2269 846 2309 quibus
878 2267 936 2300 illo
969 2268 1023 2299 R:
1062 2269 1119 2308 qui
1151 2267 1206 2298 illo
1238 2266 1296 2298 Sw
1430 2276 1468 2304 14

145 2314 314 2353 provincia
325 2315 371 2354 pk
389 2324 397 2343 t
421 2313 534 2344 Sicilia
549 2312 614 2346 RS
629 2324 636 2344 :
660 2313 835 2353 provincia
852 2312 965 2343 Sicilia
981 2313 998 2342 δ
1145 2319 1186 2341 22
1208 2310 1368 2341 Consano
1383 2308 1469 2340 RS:

144 2357 278 2387 Cosano
295 2368 314 2386 π
330 2368 335 2386 :
361 2356 514 2387 Cossano
532 2357 547 2386 δ
680 2357 722 2387 26
745 2356 979 2387 elaborandum
999 2357 1017 2386 δ
