1600 2704
91 114 134 153 15
154 112 194 152 38
519 95 575 133 M.
605 88 774 129 TVLLI
807 76 1112 124 CICERONIS

101 489 140 520 39

117 1144 160 1176 40

154 228 254 266 quos
287 212 365 252 suis
404 207 579 260 partibus
611 197 869 241 amicissimos
903 204 987 230 esse
1019 181 1281 232 intellegebat,
1312 175 1381 216 ubi
1405 173 1481 214 iste

155 292 332 320 summae
370 274 425 314 rei
464 280 684 318 causaeque
732 273 873 301 nocere
912 254 1008 295 nihil
1047 255 1191 301 posset.
1269 242 1317 283 Ei
1345 245 1483 291 postea

156 343 329 397 praemia
362 349 495 379 tamen
527 330 736 374 liberaliter
765 324 909 369 tribuit,
938 321 1044 359 bona
1077 312 1273 364 quaedam
1324 300 1485 357 proscri-

158 419 314 462 ptorum
354 407 393 444 in
431 414 524 452 agro
554 402 835 437 Beneventano
864 383 1085 435 diripienda
1113 372 1319 419 concessit,
1349 366 1488 408 habuit

160 478 352 514 honorem
375 478 415 508 ut
437 462 636 518 proditori,
653 473 733 498 non
760 464 802 495 ut
831 451 959 492 amico
989 449 1119 486 fidem.
1170 442 1290 479 Nunc
1310 430 1488 485 quamvis
1508 443 1525 475 5

162 540 239 579 sint
258 535 440 576 homines
457 530 525 581 qui
554 534 752 566 mortuum
775 522 847 560 Cn.
871 515 1095 556 Carbonem
1116 504 1281 549 oderint,
1297 509 1429 538 tamen
1449 494 1491 533 hi

164 605 312 644 debent
347 612 427 638 non
457 594 553 646 quid
583 591 637 630 illi
667 587 844 627 accidere
869 577 1072 621 voluerint,
1104 572 1174 611 sed
1203 566 1300 619 quid
1328 561 1423 613 ipsis
1451 559 1492 597 in

165 669 232 708 tali
253 681 292 705 re
313 661 573 703 metuendum
603 655 650 694 sit
679 651 859 702 cogitare.
910 646 1135 684 Commune
1156 641 1214 674 est
1235 634 1312 670 hoc
1332 628 1491 670 malum,

167 729 391 772 communis
413 732 552 771 metus,
575 729 786 760 commune
807 711 1034 764 periculum.
1094 701 1236 741 Nullae
1257 702 1348 735 sunt
1367 691 1495 731 occul-

169 799 285 837 tiores
307 792 472 833 insidiae
494 800 614 840 quam
628 797 697 824 eae
714 792 814 832 quae
834 779 957 815 latent
976 772 1017 810 in
1038 763 1288 807 simulatione
1307 756 1411 798 offici
1428 762 1496 796 aut

170 866 210 903 in
230 862 363 912 aliquo
383 849 686 897 necessitudinis
716 843 888 884 nomine.
948 839 1054 877 Nam
1083 844 1174 872 eum
1203 827 1271 878 qui
1291 826 1421 877 palam
1441 829 1499 859 est

171 924 414 968 adversarius
434 919 546 959 facile
573 914 750 954 cavendo
770 909 889 947 vitare
905 901 1031 956 possis
1050 915 1059 947 3
1087 900 1164 936 hoc
1183 905 1276 933 vero
1298 888 1502 929 occultum

174 991 405 1033 intestinum
436 999 482 1025 ac
516 978 778 1023 domesticum
807 974 953 1011 malum
983 979 1064 1005 non
1090 961 1212 1001 modo
1240 969 1322 997 non
1343 950 1500 996 exsistit,

179 1070 313 1098 verum
334 1054 450 1094 etiarn
473 1045 658 1100 opprimit
684 1049 897 1089 antequam
921 1030 1144 1085 prospicere
1165 1032 1284 1074 atque
1305 1020 1504 1069 explorare

180 1121 362 1175 potueris.
423 1118 535 1155 Itane
566 1110 689 1149 vero?
755 1107 819 1142 Tu
861 1113 951 1139 cum
992 1100 1174 1146 quaestor
1203 1089 1256 1127 ad
1295 1082 1507 1125 exercitum

180 1188 321 1227 missus
351 1183 413 1230 sis,
442 1186 575 1219 custos
600 1187 682 1213 non
711 1172 838 1210 solum
871 1161 1062 1216 pecuniae
1096 1157 1167 1195 sed
1186 1153 1305 1193 etiam
1325 1144 1507 1190 consulis,

182 1253 376 1304 particeps
397 1244 576 1286 omnium
601 1250 729 1278 rerum
760 1230 1093 1275 consiliorumque
1122 1219 1251 1264 fueris,
1279 1213 1438 1254 habitus
1459 1209 1510 1248 sis

184 1319 225 1356 in
239 1317 406 1354 liberum
419 1313 521 1356 loco,
531 1306 630 1345 sicut
644 1315 729 1342 mos
743 1298 935 1338 maiorum
949 1290 1108 1334 ferebat,
1124 1290 1284 1334 repente
1300 1278 1512 1326 relinquas,

1520 763 1557 785 10

1529 1088 1566 1121 15

186 1385 353 1426 deseras,
371 1378 422 1415 ad
442 1368 683 1413 adversarios
705 1361 909 1404 transeas?
966 1357 1002 1395 O
1024 1354 1161 1397 sceluS,
1180 1362 1204 1387 o
1225 1350 1452 1397 portentum
1472 1338 1512 1376 in
1560 1334 1566 1341 ’

188 1446 344 1486 ultimas
375 1450 495 1480 terras
525 1430 837 1486 exportandum!
896 1424 988 1461 Non
1017 1417 1122 1457 enim
1146 1418 1276 1464 potest
1305 1421 1352 1447 ea
1378 1413 1515 1444 natura

189 1524 290 1562 quae
321 1514 476 1547 tantum
505 1500 656 1541 facinus
683 1488 923 1534 commiserit
948 1488 1024 1524 hoc
1054 1494 1135 1520 uno
1156 1478 1301 1516 scelere
1321 1484 1407 1512 esse
1427 1481 1517 1507 con-

191 1583 299 1615 tenta
315 1590 321 1611 2
342 1581 504 1610 necesse
517 1573 575 1605 est
589 1574 742 1612 semper
756 1555 905 1606 aliquid
921 1551 1004 1591 eius
1024 1544 1133 1586 modi
1148 1540 1340 1586 moliatur,
1358 1545 1519 1574 necesse

194 1648 251 1679 est
272 1639 311 1676 in
332 1634 449 1675 simili
467 1629 633 1671 audacia
653 1622 894 1677 perfidiaque
915 1621 1096 1655 versetur.

252 1706 392 1752 Itaque
412 1700 517 1737 idem
538 1696 620 1739 iste,
644 1702 762 1742 quem
785 1688 856 1726 Cn.
877 1679 1085 1721 Dolabella
1106 1680 1244 1725 postea
1263 1670 1308 1709 C.
1332 1663 1523 1705 Malleolo

197 1768 330 1809 occiso
364 1777 434 1815 pro
465 1766 671 1811 quaestore
701 1745 1036 1796 habuitfubaud
1069 1740 1150 1779 scio
1174 1751 1225 1776 an
1254 1733 1378 1773 maior
1407 1728 1525 1768 etiam
1570 1740 1584 1769 5

199 1837 296 1873 haec
316 1826 567 1869 necessitudo
588 1820 700 1860 fuerit
717 1829 836 1868 quam
853 1814 917 1851 illa
938 1805 1143 1850 Carbonis,
1161 1815 1208 1841 ac
1227 1801 1315 1850 plus
1336 1794 1526 1835 iudicrum

200 1894 411 1937 voluntatis
443 1892 571 1929 valere
596 1898 715 1936 quam
748 1879 860 1920 sortis
888 1870 1208 1919 debeat,——idem
1235 1865 1276 1903 in
1308 1863 1381 1902 Cn.
1411 1859 1529 1897 Dola-

202 1965 346 2002 bellam
380 1957 448 2008 qui
481 1956 521 1992 in
553 1954 625 1993 Cn.
653 1948 877 1989 Carbonem
906 1940 988 1979 fuit.
1066 1937 1170 1974 Nam
1201 1918 1303 1981 quae
1332 1926 1371 1964 in
1401 1924 1530 1973 ipsum

203 2026 386 2065 valebant
406 2019 569 2060 crimina
589 2012 753 2055 contulit
782 2010 822 2048 in
849 2008 971 2052 illum,
986 2009 1225 2046 causamque
1248 1992 1350 2031 illius
1371 1997 1530 2028 omnem

1537 1414 1576 1435 20

205 2093 255 2130 ad
276 2088 456 2127 inimicos
477 2089 802 2127 accusatoresque
818 2070 957 2113 detulit
973 2083 983 2117 3
1011 2067 1094 2117 ipse
1116 2063 1154 2101 in
1176 2072 1266 2099 eum
1286 2055 1350 2095 eui
1369 2056 1530 2102 legatus,
1553 2059 1593 2091 30

256 2204 274 2223 2
301 2194 346 2223 nil
365 2189 526 2226 Zielinski,
542 2193 576 2227 p.
599 2186 657 2224 178
763 2191 778 2218 7
804 2176 967 2208 accedere
985 2171 1019 2202 D
1034 2169 1075 2201 al.
1096 2180 1117 2198 π
1135 2166 1182 2206 (ii,
1205 2167 1242 2201 ἐξ
1261 2172 1292 2200 4,
1314 2160 1387 2200 172)
1499 2164 1534 2184 11

216 2247 292 2267 eum
319 2235 374 2275 qui
400 2231 581 2271 DKZpbr:
617 2227 673 2267 qui
702 2235 744 2264 q:
769 2231 843 2253 cum
874 2217 917 2260 62
1052 2222 1091 2251 13
1114 2219 1180 2240 non
1205 2205 1305 2237 modo
1329 2212 1397 2233 non
1424 2197 1535 2230 codd.:

213 2290 280 2310 non
298 2278 398 2309 modo
416 2275 490 2305 Asc.
511 2272 579 2303 cdd.
603 2270 665 2311 (CI.
686 2269 763 2298 Rev.
780 2275 835 2295 xx.
856 2260 934 2300 256)
1068 2263 1105 2292 15
1129 2252 1180 2282 Tu
1198 2259 1271 2281 cum
1284 2247 1349 2288 pb:
1376 2250 1446 2276 tum
1463 2249 1537 2273 cum

216 2323 251 2355 D
266 2322 307 2354 al.
326 2333 332 2351 z
358 2329 432 2351 cum
455 2315 567 2357 G2LK
699 2311 739 2340 28
766 2310 796 2338 in
816 2308 887 2345 ipso
906 2303 982 2333 Asc.
1002 2298 1070 2331 cdd.
1093 2299 1160 2327 vett.
