1600 2704
45 125 99 163 30
123 117 162 162 76
486 99 541 135 M.
574 88 742 130 TVLLI
774 73 1082 123 CICERONIS

123 228 281 275 propter
309 210 482 254 hominis
514 194 805 255 flagitiosissimi
830 189 1065 240 singularem
1093 173 1310 228 nequitiam
1339 174 1459 216 atque

126 280 458 337 improbissimam
479 267 735 321 cupiditatem
754 263 761 299 Ξ

140 611 263 649 citum
283 611 351 652 atq

143 669 314 713 hominis
335 654 615 714 improbissimi
628 649 801 704 pericula
816 636 1070 683 sublevares?
1118 628 1240 679 Quod
1261 623 1366 664 enim
1388 631 1479 658 eum

146 737 217 778 tibi
238 727 456 785 quaestoris
477 725 517 763 in
545 723 636 760 loco
668 711 937 754 constitueras,
966 699 1114 741 idcirco
1140 692 1212 733 tibi
1239 688 1412 729 amicum
1442 683 1481 720 in

149 808 383 856 perpetuum
404 795 486 832 fore
506 783 684 839 putasti?
715 774 918 818 nesciebas
934 769 985 808 ab
999 779 1047 805 eo
1061 765 1134 803 Cn.
1154 757 1381 799 Carbonem
1395 761 1486 788 con-
1509 759 1544 780 10

152 870 288 912 sulem,
305 861 416 902 cuius
436 871 476 895 re
504 865 596 892 vera
624 851 806 898 quaestor
826 841 960 881 fuerat,
975 844 1057 871 non
1078 826 1199 866 modo
1219 820 1397 860 relictum
1419 813 1489 852 sed

155 934 275 974 etiam
307 924 518 978 spoliatum
556 911 719 956 auxiliis,
753 902 931 958 pecunia,
962 892 1109 936 nefarie
1148 892 1420 939 oppugnatum
1451 884 1490 916 et

158 992 389 1050 proditum?
460 987 654 1033 Expertus
683 973 797 1025 igitur
834 981 874 1007 es
905 963 1016 1003 istius
1049 953 1254 1009 perfidiam
1289 958 1372 987 tum
1403 954 1494 982 cum

161 1064 246 1113 ipse
285 1071 326 1097 se
373 1054 425 1093 ad
458 1046 639 1089 inimicos
668 1049 758 1079 tuos
789 1030 969 1076 contulit,
995 1037 1086 1065 cum
1118 1021 1158 1059 in
1192 1025 1231 1056 te
1261 1016 1384 1052 homo
1414 1008 1497 1058 ipse

166 1136 315 1167 nocens
344 1115 577 1160 acerrimum
604 1101 875 1147 testimonium
902 1093 1009 1139 dixit,
1025 1101 1115 1129 cum
1136 1082 1306 1124 rationes
1328 1077 1378 1116 ad
1399 1085 1500 1113 aera·
1525 1084 1559 1115 15

168 1193 269 1232 rium
289 1185 364 1226 nisi
385 1185 574 1223 damnato
595 1183 632 1212 te
653 1171 793 1209 referre
812 1160 949 1202 noluit.

225 1258 431 1294 Tantaene
460 1254 562 1289 tuae,
590 1241 626 1276 V

175 1320 366 1362 sustinere
386 1325 467 1352 non
502 1301 726 1359 provinciae
756 1310 781 1347 p

176 1397 281 1426 terae
319 1376 503 1432 possint?
562 1372 678 1409 Tune
710 1375 790 1414 quo

179 1443 438 1498 concupieris,
468 1437 577 1490 quod
598 1427 788 1482 cogitaris,
814 1421 889 1461 nisi
909 1419 951 1458 id
970 1416 1021 1455 ad
1051 1418 1192 1451 nutum
1221 1413 1333 1444 tuum
1361 1403 1516 1449 praesto
1537 1406 1577 1428 20

182 1514 309 1560 fuerit,
335 1507 410 1549 nisi
439 1500 595 1544 libidini
622 1506 711 1536 tuae
742 1483 1027 1540 cupiditatique
1055 1471 1236 1528 paruerit,
1259 1464 1519 1507 immittentur

186 1578 380 1622 homines,
399 1566 727 1621 expugnabuntur
744 1558 901 1599 domus,
917 1546 1092 1587 civitates
1108 1551 1189 1579 non
1210 1534 1331 1574 modo
1346 1533 1519 1580 pacatae,

189 1655 325 1684 verum
356 1638 474 1678 etiam
505 1630 701 1671 sociorum
732 1629 850 1670 atque
881 1612 1098 1653 amicorum
1132 1604 1183 1643 ad
1213 1599 1292 1638 vim
1326 1603 1446 1643 atque
1474 1589 1525 1627 ad

193 1721 300 1749 arma
321 1700 560 1750 confugient,
590 1700 632 1732 ut
653 1690 703 1729 ab
724 1700 765 1726 se
785 1691 904 1732 atque
924 1691 947 1716 a
975 1671 1107 1713 liberis
1137 1666 1215 1706 suis
1244 1659 1361 1712 legati
1392 1652 1527 1708 populi

198 1769 371 1814 Romani
410 1766 537 1805 scelus
576 1771 621 1797 ac
660 1751 865 1793 libidinem
904 1739 1131 1794 propulsare
1169 1726 1354 1782 possint?
1425 1721 1530 1759 Nam
1553 1729 1590 1760 ²5

281 1848 346 1876 ero
367 1834 437 1871 abs
457 1838 496 1868 te
516 1825 849 1865 circumsessusne
880 1808 931 1847 sis
964 1796 1185 1851 Lampsaci,
1212 1789 1437 1841 coeperitne
1467 1785 1534 1822 do-

764 1893 784 1918 e
816 1877 881 1915 illa
912 1866 1124 1910 multitudo
1157 1857 1380 1900 incendere,
1407 1850 1537 1888 volue-

205 1970 333 2008 rintne
375 1965 547 2011 legatum
586 1947 722 2004 populi
771 1936 945 1982 Romani
984 1931 1216 1972 comburere
1253 1921 1385 1959 vivum
1427 1916 1539 1952 Lam-

209 2028 397 2085 psaceni?
443 2025 597 2071 Negare
613 2027 694 2055 non
711 2016 823 2062 potes
839 2020 848 2053 3
873 2002 1005 2042 habeo
1021 1994 1126 2035 enim
1143 1984 1413 2030 testimonium
1430 1986 1541 2017 tuum

212 2097 320 2148 quod
341 2091 447 2141 apud
470 2089 671 2126 Neronem
693 2071 834 2117 dixisti,
856 2067 986 2107 habeo
1011 2072 1107 2111 quas
1134 2056 1185 2095 ad
1206 2051 1377 2091 eundem
1398 2044 1544 2083 litteras
1567 2052 1600 2081 ‚ac

113 1281 151 1322 78

200 1852 278 1890 qua

203 1915 311 1943 mum
344 1899 384 1937 in
419 1907 497 1946 qua
528 1883 760 1930 deversabar

1041 2162 1224 2193 liberorum
1253 2149 1382 2183 DWrrb:
1406 2146 1546 2177 liberum

1059 2204 1125 2236 elui
1137 2200 1227 2232 Bake
1242 2192 1439 2233 <sanguines
1452 2188 1497 2218 lui
1513 2192 1534 2226 j>

261 2210 279 2238 3
308 2207 360 2228 mc
387 2194 442 2232 Dp
470 2189 536 2221 aL:
561 2196 627 2217 0111.
658 2182 741 2221 ng.
767 2176 896 2217 praetcr
918 2179 937 2208 q

1022 2259 1064 2289 29
1087 2252 1179 2278 tuum
1197 2241 1252 2281 Dp
1271 2237 1333 2270 rell,
1351 2247 1358 2266 ε
1383 2232 1551 2274 publicum

222 2243 335 2283 Quint.
356 2237 435 2268 Asc.
455 2232 523 2265 cdd.
613 2230 633 2258 6
658 2223 876 2255 innocentum
897 2209 970 2250 G,Z

224 2298 264 2318 10
287 2280 431 2323 sperasti
451 2278 479 2308 L
569 2283 610 2310 24
634 2281 653 2301 a
669 2263 783 2298 liberis
798 2255 932 2298 0111.pq¹

223 2337 316 2361 tuum
334 2326 422 2361 Asc,
443 2319 541 2351 Klots
