1600 2704
55 120 322 160 ACTIONIS
345 119 406 158 IN
429 118 474 159 C.
496 119 739 157 VERREM
760 118 1060 157 SECVNDAE
1082 118 1187 156 LIB.
1211 118 1270 156 IV
1338 117 1382 154 18
1402 131 1444 164 39

53 228 126 266 illis
139 227 279 267 diebus
292 226 444 266 misisse
460 227 704 277 Lilybaeum.
767 227 859 277 Ipse
878 225 1026 265 interea
1041 227 1188 265 recedit
1206 240 1216 273 3
1244 226 1383 265 abesse

51 307 75 332 a
94 294 216 332 domo
236 292 432 343 paulisper
452 291 588 330 maluit
609 304 728 342 quam
745 303 930 342 praesens
952 290 1048 329 illud
1070 290 1219 340 optime
1235 291 1382 329 facturn

50 366 254 408 argentum
283 357 471 396 amittere.
532 358 653 406 Quod
683 356 751 395 ubi
778 356 850 396 iste
873 355 1034 402 audivit,
1058 368 1182 405 usque
1207 368 1254 393 eo
1279 369 1384 394 corn-

51 430 181 461 motus
221 429 279 461 est
313 430 355 460 ut
390 422 474 460 sine
511 423 591 460 ulla
624 420 872 460 dubitatione
907 420 1077 459 insanire
1117 420 1303 459 omnibus
1337 433 1383 458 ac

13 502 30 534 5
49 488 174 526 furere
194 486 399 526 videretur.
459 485 565 535 Quia
591 498 671 524 non
693 493 873 536 potuerat
895 485 1043 536 eripere
1064 492 1267 534 argentum
1299 484 1383 534 ipse

51 551 242 598 Diodoro,
277 559 409 601 erepta
443 550 516 590 sibi
547 563 638 589 vasa
669 550 819 601 optime
852 551 955 589 facta
988 550 1145 589 dicebat
1163 564 1173 598 3
1213 549 1384 587 minitari

48 615 203 655 absenti
233 615 426 661 Diodoro,
456 614 656 655 vociferari
687 617 827 665 palam,
864 615 1043 654 lacrimas
1073 614 1271 654 interdum
1301 627 1383 653 non

49 688 192 719 tenere.
253 680 480 731 Eriphylam
508 680 734 730 accepimus
764 679 804 718 in
836 680 978 719 fabulis
1008 693 1053 719 ea
1083 679 1298 730 cupiditate
1327 687 1380 726 ut,

50 758 141 784 curn
162 745 322 785 vidisset
352 745 508 793 monile,
532 753 573 783 ut
594 745 745 796 opinor,
768 759 815 784 ex
841 759 934 783 aura
957 753 995 784 et
1017 745 1194 795 gemmis,
1218 744 1384 795 pulchri-

0 825 33 847 to
51 811 188 850 tudine
219 810 302 850 eius
336 810 497 849 incensa
530 811 695 849 salutem
727 810 796 848 viri
832 811 1023 860 proderet.
1097 809 1242 849 Similis
1274 809 1383 848 istius

51 875 256 926 cupiditas,
279 877 356 914 hoc
383 875 500 914 etiam
526 875 651 914 acrior
674 883 793 925 atque
820 875 1003 923 insanior,
1027 876 1136 925 quod
1163 875 1227 913 illa
1255 874 1384 925 cupie-

48 942 114 980 bat
144 941 185 980 id
215 941 324 991 quod
344 940 503 988 viderat,
527 940 643 978 huius
672 940 857 980 libidines
888 953 969 979 non
1000 941 1127 979 solum
1158 939 1282 978 oculis
1313 940 1382 978 sed

46 1006 165 1045 etiam
185 1005 344 1044 auribus
364 1005 642 1044 excitabantur.

102 1069 294 1121 conquiri
320 1069 541 1109 Diodorum
566 1077 649 1108 tota
679 1069 881 1120 provincia
909 1068 1042 1108 iubet:
1081 1069 1145 1108 ille
1176 1082 1222 1107 ex
1253 1068 1383 1108 Sicilia

11 1150 27 1182 5
46 1135 124 1174 iam
146 1143 271 1174 castra
291 1142 557 1174 commoverat
578 1142 616 1173 et
636 1147 728 1173 vasa
748 1136 967 1185 collegerat.
1020 1135 1169 1182 Homo,
1186 1141 1229 1172 ut
1249 1133 1383 1183 aliquo

48 1201 170 1239 modo
200 1200 239 1238 in
269 1199 511 1250 provinciam
541 1199 651 1238 illum
680 1206 890 1246 revocaret,
914 1200 1017 1237 hanc
1047 1198 1241 1249 excogitat
1271 1198 1384 1237 ratio—

46 1278 149 1311 nem,
184 1264 215 1303 si
247 1265 345 1303 haec
376 1264 473 1303 ratio
505 1263 636 1314 potius
667 1276 786 1314 quarn
821 1265 994 1302 amentia
1028 1263 1273 1302 nominanda
1312 1272 1380 1301 est.

45 1329 224 1380 Apponit
251 1330 301 1368 de
332 1329 411 1367 suis
442 1329 606 1368 canibus
637 1330 837 1379 quendam
869 1328 936 1379 qui
961 1328 1065 1368 dicat
1090 1342 1131 1367 se
1160 1328 1383 1367 Diodorum

48 1394 299 1433 Melitensem
324 1394 378 1432 rei
408 1393 583 1444 capitalis
608 1407 717 1433 reum
749 1395 848 1433 velle
878 1395 1015 1432 facere.
1077 1392 1210 1432 Primo
1241 1393 1383 1431 mirum

0 1475 28 1497 ιο
47 1459 232 1498 omnibus
253 1458 375 1498 videri
399 1458 621 1498 Diodorum
645 1472 766 1506 reum,
786 1458 989 1497 hominem
1012 1458 1312 1509 quietissimum,
1333 1458 1384 1497 ab

47 1523 155 1562 omni
179 1536 260 1562 non
285 1525 408 1562 modo
433 1523 616 1562 facinoris
637 1536 772 1562 verum
801 1523 918 1562 etiarn
944 1523 1098 1561 minimi
1123 1523 1236 1562 errati
1263 1523 1385 1573 suspi-

46 1589 160 1627 cione
174 1588 479 1628 remotissimum
494 1603 504 1636 3
533 1588 679 1627 deinde
698 1601 782 1627 esse
803 1588 1053 1639 perspicuum
1071 1588 1153 1627 fieri
1170 1588 1303 1627 omnia
1320 1590 1383 1627 illa

46 1662 205 1705 propter
234 1662 448 1704 argentum.
510 1655 590 1693 Iste
620 1667 701 1694 non
727 1654 883 1693 dubitat
910 1653 1044 1693 iubere
1068 1667 1214 1693 nornen
1240 1654 1381 1702 referri,

47 1727 85 1758 et
113 1727 196 1758 tum
221 1719 391 1770 primurn
416 1726 459 1758 ut
485 1719 626 1770 opinor
655 1719 771 1758 istum
797 1719 971 1758 absentis
999 1732 1145 1758 nomen
1175 1719 1380 1769 recepisse.

0 1798 29 1829 25
50 1785 130 1822 Res
161 1785 264 1822 clara
295 1783 425 1822 Sicilia
456 1790 538 1822 tota
569 1792 727 1835 propter
765 1783 903 1823 caelati
937 1783 1086 1834 argenti
1124 1783 1382 1834 cupiditatem
1402 1799 1443 1831 41

47 1861 133 1887 reos
172 1848 253 1887 fieri
292 1862 420 1887 rerum
452 1849 689 1899 capitalium,
723 1863 853 1900 neque
892 1851 1020 1888 solum
1060 1863 1146 1888 reos
1186 1849 1278 1896 fieri,
1313 1850 1383 1888 sed

47 1914 164 1952 etiarn
203 1913 387 1952 absentis.
448 1913 648 1953 Diodorus
683 1915 838 1953 Romae
877 1914 1099 1953 sordidatus
1138 1914 1285 1952 circum
1319 1927 1383 1963 pa-

46 1986 180 2018 tronos
209 1986 329 2028 atque
359 1978 534 2029 hospites
563 1992 728 2027 cursare,
752 1992 833 2018 rem
864 1979 1050 2018 omnibus
1081 1992 1247 2017 narrare.
1306 1978 1383 2016 Lit-

1402 1049 1449 1087 19

1401 1111 1445 1141 40

91 2092 110 2122 3
135 2082 303 2113 amitteret
322 2080 383 2122 Lg.
402 2092 444 2120 42
463 2081 566 2122 (prob.
584 2081 816 2122 Hirsclzfilder}
951 2093 970 2122 5
996 2082 1069 2122 ipse
1095 2081 1246 2113 Diodoro
1262 2081 1368 2113 RSH
1376 2095 1381 2114 :

48 2126 120 2166 ipse
149 2136 167 2156 a
196 2126 346 2156 Diodoro
373 2125 450 2164 rell„
473 2124 557 2156 unde
582 2127 669 2157 varie
696 2125 917 2157 distinxerunt
944 2125 1038 2157 edd.:
1072 2126 1145 2166 ipse
1173 2124 1379 2167 (Diodoro),

48 2180 67 2200 a
84 2169 236 2200 Diodoro
255 2174 372 2209 erepta
389 2169 451 2199 sibi
474 2169 602 2209 Tz'edka,
621 2169 710 2199 Nolzl
885 2170 907 2200 6
931 2169 1020 2200 facta
1039 2169 1169 2200 dicebat
1186 2169 1310 2208 optime
1322 2167 1359 2208 p¹
1376 2181 1382 2200 z

50 2213 136 2244 sacta
163 2214 290 2252 optime
317 2213 381 2243 dic.
403 2212 484 2252 p²qr
680 2223 696 2252 7
724 2213 872 2244 Diodoro
900 2213 968 2243 secl.
998 2212 1116 2252 Kays„
1147 2211 1264 2248 Halm,
1296 2211 1387 2242 Nohl

49 2266 115 2287 non
133 2255 197 2288 SD
215 2258 259 2297 (v,
282 2259 297 2293 §
320 2256 395 2296 172)
412 2268 417 2286 :
442 2257 497 2286 vix
514 2254 592 2286 πΗδ
609 2255 702 2287 Serv.
718 2256 765 2287 ad
777 2256 862 2287 Aen.
881 2266 912 2288 v.
932 2265 1009 2296 173:
1035 2256 1146 2286 omi?
1236 2257 1255 2286 8
1280 2256 1382 2286 fuisse

50 2304 86 2330 ut
101 2300 204 2339 Kays.
219 2312 224 2330 :
249 2300 284 2331 in
302 2299 331 2331 S
346 2303 392 2329 est
407 2309 523 2329 rasum
534 2303 611 2339 post
626 2299 747 2330 fabulis
853 2309 890 2329 12
914 2299 1051 2330 videbat
1068 2298 1109 2330 H
1209 2309 1250 2330 20
1274 2298 1381 2329 videri

51 2342 124 2374 fieri
141 2343 254 2374 Eberh.
367 2351 409 2381 23
433 2342 556 2373 deferri
569 2344 612 2382 p6
724 2353 766 2381 24
790 2347 827 2373 ut
841 2343 960 2382 opinor
976 2341 1095 2374 RSH:
1120 2342 1295 2382 opinorp6
1311 2341 1381 2373 edd.

51 2388 93 2417 26
117 2397 193 2418 reos
211 2385 351 2427 RSHp:
377 2396 452 2417 reos
469 2392 680 2426 praesentes,
700 2387 751 2418 vel
763 2392 962 2426 praesentes
981 2396 1058 2417 reos
1076 2386 1092 2415 δ
