1600 2704
1447 58 1471 75 <s

84 124 351 164 ACTIONIS
373 124 434 162 IN
456 123 501 163 c.
524 124 764 162 VERREM
786 125 1086 163 SECVNDAE
1107 126 1211 163 LIB.
1236 126 1302 163 III
1359 135 1410 172 55
1433 139 1496 172 ιη

84 234 160 274 sint
189 233 408 282 deminuta,
436 247 495 272 res
534 233 796 281 frumentaria,
833 241 1089 289 commeatus,
1124 234 1272 284 copiae,
1307 237 1410 273 salus

83 298 190 338 urbis
226 307 347 348 atque
384 297 624 336 exercituum
663 306 886 336 nostrorum
925 297 965 335 in
997 298 1266 347 posteritatem
1301 298 1410 336 istius

81 362 240 400 avaritia
259 362 458 409 interierit,
481 363 618 400 saltem
639 362 775 411 populi
797 361 969 400 Romani
990 363 1205 401 commoda
1232 362 1411 412 respicite

82 427 113 465 si
127 426 242 465 sociis
258 426 494 465 fidelissimis
507 426 728 476 prospicere
741 440 822 464 non
836 426 1031 465 laboratis.
1063 429 1196 476 Atque
1210 435 1252 465 ut
1266 426 1411 465 intelle-

43 503 62 534 5
81 491 179 541 gatis
199 492 249 530 ab
271 491 346 530 isto
359 504 451 541 prae
471 493 580 529 lucro
600 492 825 540 praedaque
846 491 1041 541 praesenti
1062 505 1137 530 nec
1163 491 1410 541 vectigalium

82 569 156 594 nec
184 555 420 605 posteritatis
448 554 622 593 habitam
649 568 734 593 esse
754 555 958 602 rationem,
990 555 1218 605 cognoscite
1238 556 1335 605 quid
1361 557 1411 593 ad

83 608 299 658 extremum
326 619 468 658 scribat
490 620 686 657 Metellus.
747 620 799 657 IN
829 631 1046 663 RELIQVVM
1077 631 1223 657 TAMEN
1248 632 1411 657 TEMPx's

84 693 378 723 VECTIGALIBVS
410 695 622 722 PROSPEXI.
683 685 731 721 In
759 683 951 733 reliquum
980 692 1135 734 tempus
1155 684 1411 734 vectigalibus

82 746 135 784 ait
155 759 197 785 se
216 746 471 796 prospexisse.
522 747 614 784 Non
636 746 821 785 scriberet
843 759 883 784 se
897 746 1152 795 vectigalibus
1166 746 1410 796 prospexisse

25 826 65 848 10
82 810 157 849 nisi
194 811 271 848 hoc
304 812 419 849 vellet
457 811 677 857 ostendere,
709 817 747 848 te
780 809 984 860 vectigalia
1012 809 1240 860 perdidisse.
1300 810 1409 859 Quid

82 874 188 913 enim
209 882 288 913 erat
309 875 418 924 quod
438 873 692 923 vectigalibus
714 874 953 924 prospiceret
969 876 1154 913 Metellus
1174 874 1214 912 in
1231 874 1408 913 decumis

81 947 119 978 et
157 939 198 977 in
236 948 319 978 tota
357 952 397 977 re
434 938 696 984 frumentaria,
736 938 768 976 si
802 938 875 977 iste
913 952 994 977 non
1032 938 1236 988 vectigalia
1274 938 1409 988 populi

83 1004 254 1043 Romani
285 1012 450 1054 quaestu
480 1017 551 1042 suo
590 1003 865 1053 pervertisset?
920 1005 1053 1052 Atque
1085 1003 1169 1053 ipse
1208 1004 1406 1049 Metellus,

82 1069 150 1119 qui
178 1069 432 1118 vectigalibus
463 1068 660 1118 prospicit,
693 1067 759 1117 qui
794 1067 1008 1117 ‘reliquos'
1041 1076 1211 1106 aratores
1251 1067 1407 1116 colligit,

24 1149 62 1180 15
82 1134 179 1184 quid
207 1133 434 1183 adsequitur
463 1132 537 1170 nisi
566 1134 653 1178 hoc,
677 1139 719 1170 ut
747 1139 869 1178 arent,
901 1132 931 1170 si
962 1132 1029 1181 qui
1058 1140 1235 1182 possunt,
1267 1131 1410 1181 quibus

79 1207 250 1237 aratrum
283 1200 421 1236 saltem
459 1197 621 1247 aliquod
659 1198 814 1235 satelles
844 1196 955 1235 istius
987 1197 1187 1246 Apronius
1217 1196 1410 1246 reliquum

80 1263 181 1310 fecit,
205 1262 272 1313 qui
302 1270 433 1302 tamen
468 1262 508 1300 in
545 1261 646 1311 agris
680 1274 749 1311 spe
780 1269 899 1311 atque
931 1261 1224 1311 exspectatione
1257 1261 1409 1300 Metelli

79 1328 381 1366 remanserunt?
437 1325 547 1374 Quid
576 1325 694 1364 ceteri
719 1325 872 1364 Siculi?
901 1325 997 1375 quid
1027 1325 1091 1364 ille
1121 1325 1313 1364 maximus
1343 1340 1409 1364 nu-

79 1405 209 1430 merus
242 1399 437 1430 aratorum
467 1390 535 1440 qui
569 1403 650 1427 non
685 1391 807 1428 modo
839 1404 885 1428 ex
928 1389 1028 1439 agris
1060 1389 1173 1428 eiecti
1207 1398 1308 1436 sunt,
1341 1391 1410 1428 sed

22 1473 62 1495 20
79 1456 197 1495 etiam
213 1470 260 1495 ex
273 1455 495 1494 civitatibus
509 1454 598 1501 suis,
622 1468 668 1493 ex
682 1454 883 1504 provincia
896 1454 1070 1504 denique
1091 1454 1206 1493 bonis
1231 1454 1410 1492 fortunis-

80 1534 156 1571 que
199 1520 385 1559 omnibus
425 1519 567 1569 ereptis
608 1520 874 1569 profugerunt,
906 1532 984 1568 qua
1013 1519 1163 1558 ratione
1197 1519 1223 1557 ii
1258 1532 1410 1557 revoca-

79 1586 253 1624 buntur?
328 1586 437 1633 Quot
475 1591 699 1634 praetorum
738 1582 965 1622 innocentia
1003 1583 1273 1633 sapientiaque
1312 1596 1411 1633 opus

79 1657 137 1688 est
169 1657 211 1688 ut
240 1649 305 1687 illa
333 1656 530 1687 aratorum
565 1647 777 1686 multitudo
805 1647 1021 1698 aliquando
1050 1647 1090 1686 in
1126 1648 1204 1686 suis
1235 1647 1335 1698 agris
1364 1661 1410 1686 ac

80 1714 241 1753 sedibus
270 1715 530 1753 conlocetur?

22 1793 61 1826 25
134 1782 194 1817 Ac
214 1793 265 1817 ne
286 1778 480 1817 miremini
502 1786 650 1816 tantam
668 1778 962 1817 multitudinem
984 1778 1201 1828 profugisse
1222 1786 1411 1827 quantam

80 1857 127 1882 ex
156 1843 291 1882 litteris
318 1842 486 1893 publicis
512 1850 790 1892 aratorumque
819 1842 1130 1893 professionibus
1159 1841 1411 1892 cognovistis,

80 1907 218 1946 scitote
239 1915 388 1945 tantam
418 1907 671 1945 acerbitatem
702 1907 823 1953 istius,
847 1915 1001 1945 tantum
1031 1908 1158 1945 scelus
1182 1906 1223 1943 in
1243 1913 1413 1944 aratores

80 1971 497 2019 fuisse‚—incredibile
523 1971 631 2010 dictu
662 1979 733 2019 est,
754 1971 915 2017 iudices,
939 1972 1008 2009 sed
1033 1979 1071 2009 et
1099 1972 1246 2009 factum
1268 1977 1305 2008 et
1332 1977 1414 2008 tota

80 2036 210 2075 Sicilia
222 2043 587 2086 pervagatum,—ut
601 2035 782 2074 homines
790 2043 948 2085 propter
961 2034 1120 2073 iniurias
1133 2034 1414 2083 licentiamque

22 2113 63 2145 30
80 2102 391 2140 decumanorum
412 2108 578 2138 mortem
600 2099 675 2138 sibi
695 2099 768 2149 ipsi
785 2099 1057 2138 consciverint.
1108 2097 1413 2148 Centuripinum

126 2215 141 2242 7
156 2204 399 2244 postMetellus
416 2204 535 2234 habent
549 2204 592 2233 uk
604 2204 656 2233 De
678 2204 733 2233 (ex
746 2203 779 2242 k)
793 2204 939 2243 epistula
953 2203 1090 2243 Metelli,
1107 2203 1301 2242 sedpunctis
1311 2208 1413 2242 supra

83 2249 241 2286 notavitp
402 2258 424 2286 9
448 2258 484 2277 se
502 2248 547 2277 ait
563 2247 643 2277 coni.
663 2245 822 2277 Zielinski
839 2258 843 2279 t,
857 2252 892 2286 p.
911 2248 985 2285 1955
1145 2256 1182 2275 12
1205 2251 1278 2277 tota
1295 2257 1360 2277 0111.
1383 2245 1412 2275 O

85 2301 122 2329 13
146 2295 290 2330 quaestu
315 2301 376 2321 suo
398 2290 488 2321 codd.
507 2301 514 2320 ε
550 2300 611 2320 suo
634 2295 779 2329 quaestu
800 2289 870 2322 cdd.
890 2294 1021 2329 praeter
1035 2289 1238 2320 Muellerum
1373 2300 1413 2326 24

83 2334 242 2364 sedilibus
260 2333 291 2364 O
403 2334 445 2363 28
470 2338 522 2363 est
540 2333 634 2363 dictu
654 2332 684 2363 O
796 2343 839 2372 29
863 2337 1081 2372 pervagatum
1101 2332 1152 2365 O:
1178 2332 1412 2373 pervulgatum

79 2382 102 2415 p
120 2377 184 2407 rell.
207 2378 238 2415 (ξ
261 2387 299 2415 77
316 2381 442 2416 s11pm;
468 2377 510 2415 iv,
528 2378 543 2413 ξ
562 2377 621 2416 64)

1267 2430 1326 2461 17*

1436 433 1494 463 128

1430 1748 1484 1794 56

1436 1817 1498 1848 129
