1600 2704
86 129 356 169 ACTIONIS
378 130 439 167 IN
461 130 505 169 C.
528 130 771 167 VERREM
792 129 1090 169 SECVNDAE
1114 132 1216 169 LIB.
1242 133 1301 171 IV
1361 133 1416 180 36
1437 140 1478 172 80

85 237 329 289 gloriamque
348 238 539 285 restituas,
556 246 610 285 ut,
629 238 739 288 quod
760 251 829 288 per
850 239 891 276 P.
909 239 1141 277 Africanum
1165 253 1211 278 ex
1232 241 1328 279 urbe
1349 242 1417 280 ho-

85 302 204 341 stium
225 303 500 354 recuperarint,
523 303 564 342 id
586 316 656 353 per
675 310 714 342 te
734 315 780 341 ex
809 302 1020 353 praedonis
1041 304 1164 342 domo
1185 316 1416 345 conservare

84 366 248 418 possint,

139 431 250 478 Quid
269 438 337 470 aut
363 439 405 470 tu
425 432 485 470 his
510 433 748 482 respondere
775 433 941 471 honeste
965 439 1078 483 potes
1103 439 1170 471 aut
1199 432 1254 471 illi
1276 434 1415 482 facere,
1436 444 1485 484 37

46 509 63 541 5
82 495 158 535 nisi
178 504 221 535 ut
242 504 281 535 te
299 509 346 535 ac
367 497 486 536 fidem
507 504 616 535 tuam
637 497 880 547 implorent?
936 498 1095 536 Adsunt
1122 504 1161 535 et
1190 496 1413 548 implorant.

83 562 201 600 Potes
223 561 466 600 domesticae
486 562 613 600 laudis
633 562 951 612 amplitudinem,
973 562 1116 612 Scipio,
1140 562 1250 608 tueri,
1273 570 1386 613 potes
1405 578 1414 610 3

81 626 216 665 omnia
245 635 336 665 sunt
365 626 405 665 in
434 635 473 666 te
501 640 603 677 quae
636 635 704 665 aut
736 629 892 666 fortuna
923 626 1152 665 hominibus
1179 634 1247 665 aut
1275 635 1414 666 natura

80 692 238 741 largitur
254 706 265 739 3
304 705 386 730 non
417 705 630 743 praecerpo
662 693 832 730 fructum
871 691 975 730 offici
1015 691 1082 738 tui,
1123 704 1205 730 non
1243 691 1413 731 alienam

80 756 177 794 mihi
215 757 376 795 laudem
415 764 570 808 appeto,
612 770 694 796 non
733 765 792 796 est
831 756 993 806 pudoris
1026 756 1103 795 mei
1139 758 1180 794 P.
1214 755 1413 806 Scipione,

22 837 62 861 10
79 820 359 860 florentissimo
387 823 652 868 adulescente,
685 822 774 860 vivo
803 829 841 860 et
871 821 1060 860 incolumi
1096 834 1159 860 me
1193 834 1413 872 propugna-

78 893 204 924 torem
226 894 576 926 monumentorum
599 889 639 925 P.
657 886 853 936 Scipionis
873 887 1204 936 defensoremque
1225 886 1409 936 profiteri.

78 950 211 997 Quam
244 952 297 990 ob
328 965 411 990 rem
450 952 481 990 si
513 951 679 1002 suscipis
711 951 953 991 domesticae
982 951 1110 989 laudis
1134 950 1408 1001 patrocinium,
1432 965 1469 995 81

77 1028 141 1054 me
171 1029 253 1055 non
283 1017 412 1055 solum
442 1016 554 1055 silere
575 1018 626 1055 de
646 1016 782 1054 vestris
813 1017 1082 1055 monumentis
1107 1015 1316 1065 oportebit,
1340 1016 1411 1055 sed

76 1079 195 1118 etiam
228 1081 361 1119 laetari
392 1082 434 1118 P.
466 1080 642 1119 Africani
672 1082 755 1119 eius
783 1080 892 1119 modi
923 1081 1121 1119 fortunam
1150 1092 1236 1118 esse
1266 1080 1410 1118 mortui

19 1161 55 1195 15
75 1152 118 1183 ut
147 1144 231 1184 eius
260 1146 388 1183 honos
418 1145 468 1183 ab
498 1145 543 1183 iis
573 1145 640 1195 qui
668 1158 714 1183 ex
735 1145 875 1183 eadem
897 1143 1043 1182 familia
1063 1143 1141 1181 sint
1161 1144 1410 1191 defendatur,

75 1222 206 1259 neque
234 1211 359 1248 ullum
388 1209 655 1249 adventicium
686 1209 874 1248 auxilium
910 1209 1136 1259 requiratur.
1198 1208 1267 1247 Sin
1298 1208 1409 1247 istius

74 1273 247 1313 amicitia
267 1282 305 1313 te
326 1274 503 1325 impedit,
526 1275 558 1313 si
588 1275 665 1312 hoc
695 1275 805 1323 quod
830 1287 904 1324 ego
931 1274 1002 1312 abs
1030 1281 1068 1312 te
1098 1275 1257 1323 postulo
1279 1273 1408 1312 minus

74 1340 126 1378 ad
164 1339 338 1378 officium
386 1347 498 1378 tuum
546 1338 740 1389 pertinere
783 1338 1033 1385 arbitrabere,
1084 1339 1296 1377 succedam
1335 1351 1409 1388 ego

74 1403 241 1443 vicarius
279 1411 349 1442 tuo
388 1403 551 1450 muneri,
593 1403 805 1453 suscipiam
844 1403 964 1453 partis
1003 1415 1100 1452 quas
1142 1402 1288 1441 alienas
1324 1415 1408 1441 esse

17 1484 58 1507 20
75 1468 300 1508 arbitrabar.
362 1469 520 1508 Deinde
551 1468 625 1507 ista
660 1470 858 1518 praeclara
893 1467 1078 1506 nobilitas
1113 1467 1269 1507 desinat
1298 1467 1408 1517 queri

74 1535 267 1583 populum
309 1535 539 1572 Romanum
579 1533 809 1572 hominibus
849 1532 961 1571 novis
1000 1532 1202 1571 industriis
1241 1532 1410 1570 libenter

73 1599 244 1637 honores
284 1599 472 1637 mandare
513 1611 748 1648 semperque
796 1598 1017 1636 mandasse.
1079 1599 1172 1635 Non
1221 1605 1279 1635 est
1317 1609 1410 1646 que-

72 1663 240 1702 rendum
271 1662 312 1700 in
351 1664 424 1701 hac
457 1663 623 1709 civitate,
667 1675 769 1713 quae
803 1670 962 1712 propter
999 1662 1182 1700 virtutem
1222 1662 1408 1701 omnibus

74 1727 301 1766 nationibus
332 1727 506 1778 imperat,
545 1728 728 1767 virtutem
765 1727 978 1778 plurimum
1018 1740 1145 1777 posse.
1206 1726 1263 1766 Sit
1301 1728 1408 1776 apud

15 1804 54 1838 25
73 1792 170 1830 alios
209 1792 339 1843 imago
374 1795 418 1831 P.
450 1793 636 1839 Africani,
679 1801 868 1832 ornentur
905 1792 970 1831 alii
1010 1792 1153 1831 mortui
1187 1791 1328 1830 virtute
1363 1805 1408 1830 ac

74 1856 236 1896 nomine
253 1872 264 1905 ,·
292 1859 377 1896 talis
408 1859 472 1896 ille
502 1860 559 1896 vir
588 1858 671 1905 fuit,
695 1859 748 1897 ita
777 1860 828 1897 de
859 1859 1008 1908 populo
1039 1859 1225 1895 Romano
1246 1856 1408 1895 meritus

73 1930 132 1960 est
152 1930 195 1960 ut
214 1935 296 1961 non
317 1924 385 1961 uni
405 1922 576 1961 familiae
598 1924 668 1962 sed
689 1924 894 1961 universae
929 1922 1076 1961 civitati
1104 1922 1408 1961 commendatus

73 1999 159 2025 esse
179 1987 334 2026 debeat.
394 1988 465 2025 Est
485 1987 617 2037 aliqua
638 2000 725 2026 mea
746 2001 834 2037 pars
855 1987 987 2034 virilis,
1008 1987 1118 2037 quod
1138 1987 1221 2025 eius
1242 1985 1408 2024 civitatis

73 2064 161 2089 sum
181 2064 300 2101 quam
322 2052 386 2090 ille
405 2053 579 2102 amplam
608 2051 814 2090 inlustrem
843 2053 1069 2101 claramque
1095 2051 1278 2097 reddidit,
1301 2063 1408 2100 prae-

15 2126 56 2159 30
73 2116 188 2166 cipue
208 2116 318 2165 quod
345 2116 385 2153 in
406 2116 466 2154 his
487 2116 604 2154 rebus
628 2128 818 2166 promea
848 2123 957 2166 parte
986 2128 1118 2155 versor
1147 2128 1313 2165 quarum
1343 2116 1408 2154 ille

72 2179 255 2230 princeps
284 2180 366 2226 fuit,
398 2182 608 2230 aequitate,
642 2181 849 2229 industrIa,
879 2180 1149 2231 temperantia,
1174 2180 1406 2219 defensione

119 2293 154 2314 11
182 2289 480 2315 monumentorum
493 2286 536 2324 p5
550 2294 563 2315 2·
578 2295 643 2315 om.
659 2283 724 2316 RS
831 2293 869 2323 15
891 2289 969 2315 sunt
985 2283 1016 2315 S
1130 2294 1168 2322 17
1191 2283 1351 2323 impediet
1364 2284 1407 2322 p&

76 2335 116 2365 19
136 2337 212 2358 esse
230 2338 294 2357 om.
312 2339 333 2356 π
421 2337 462 2367 25
485 2328 609 2358 virtute
625 2327 717 2360 codd.
738 2339 744 2359 :
771 2338 898 2367 genere
913 2327 1013 2358 Kiehl
1027 2327 1179 2366 (generis
1196 2332 1229 2357 et
1247 2327 1405 2363 nominis,

73 2369 176 2409 infra)
193 2382 199 2400 :
223 2369 387 2408 Zielinski,
400 2376 434 2410 p.
456 2382 515 2411 197
650 2380 694 2410 30
718 2371 772 2403 his
790 2371 944 2411 partibus
955 2375 1000 2411 p:
1024 2371 1076 2402 his
1093 2370 1220 2401 artibus
1234 2371 1249 2399 δ
