1600 2704
59 115 326 155 AcT10N1s
349 117 410 154 IN
430 116 475 155 c.
495 116 737 154 VERREM
759 117 1057 155 SECVNDAE
1081 119 1183 155 LIB.
1209 119 1274 155 111
1330 94 1387 155 δὲ
1409 87 1467 163 {424

57 229 108 266 de
137 229 393 266 decumarum
420 226 606 266 societate
633 228 684 265 ab
714 226 800 277 ipso
826 227 1043 277 prohibitas
1071 228 1259 267 iudicari:
1290 229 1385 278 quid

56 299 114 330 est
134 293 242 341 quod
262 291 386 341 possit
402 292 610 342 quisquam
632 291 877 330 manifestius
894 293 970 330 hoc
990 292 1212 330 desiderare
1229 294 1245 330 ?
1292 294 1386 331 Non

55 355 195 395 dubito
221 356 317 406 quin
337 357 449 396 vobis
470 357 562 395 satis
583 356 753 403 fecerim,
778 356 952 404 iudices:
982 370 1116 395 verum
1145 364 1277 396 tamen
1302 371 1387 408 pro-

54 420 206 471 grediar
236 421 401 471 longius,
434 435 514 460 non
548 422 772 460 mehercule
800 435 880 472 quo
908 422 1030 472 magis
1060 424 1136 460 hoc
1166 422 1279 461 vobis
1306 436 1387 473 per-

17 499 34 531 5
55 487 264 524 suadeatur
294 499 412 536 quam
447 486 525 525 iam
565 499 795 537 persuasum
828 499 914 525 esse
945 488 1119 535 confido,
1149 489 1219 526 sed
1250 496 1291 526 ut
1322 487 1386 526 ille

53 550 268 600 aliquando
292 550 562 601 impudentiae
583 565 675 590 suae
697 552 817 589 finem
839 551 967 598 faciat,
987 552 1203 602 aliquando
1233 553 1385 591 desinat

54 628 99 653 ea
115 628 156 654 se
176 623 312 664 putare
333 629 462 654 emere
483 629 584 666 quae
606 616 689 666 ipse
711 629 865 666 semper
886 617 1022 655 habuit
1043 617 1384 665 venalia,—f1dcm

53 680 112 718 ius
168 679 377 719 iurandum
431 680 632 719 veritatem
684 681 856 720 officium
906 682 1385 732 religionem,-desinant

53 744 168 783 amici
192 744 275 783 eius
306 758 352 783 ea
379 745 558 784 dictitare
595 759 695 795 quae
731 746 969 785 detrimento
1002 749 1178 785 maculae
1215 747 1386 786 invidiae

0 824 35 848 ιο
53 809 237 848 infamiae
275 809 391 848 nobis
422 810 608 849 omnibus
636 824 721 849 esse
751 810 913 861 possint.
974 814 1025 849 At
1055 812 1121 861 qui
1151 812 1290 850 amici!
1349 813 1385 851 O

53 874 249 922 miserum,
273 888 297 912 o
326 874 565 913 invidiosum
597 877 873 926 offensumque
894 889 1108 926 paucorum
1131 878 1246 927 culpa
1267 884 1385 927 atque

51 938 283 988 indignitate
305 939 484 978 ordinem
512 940 776 978 senatorium!
835 941 980 979 Albam
1009 941 1222 979 Aemilium
1249 943 1385 980 seden-

50 1011 129 1042 tem
151 1004 191 1042 in
212 1005 392 1044 faucibus
414 1005 567 1044 macelli
597 1005 704 1055 loqui
726 1007 855 1055 palam
878 1005 1016 1044 vicisse
1033 1008 1205 1053 Verrem,
1229 1014 1384 1057 emptos

50 1069 195 1108 habere
216 1069 377 1116 iudices,
400 1070 519 1108 alium
543 1072 613 1108 HS
635 1081 748 1117 ecce,
771 1071 890 1108 alium
914 1072 984 1109 HS
1005 1073 1043 1117 B,
1068 1084 1186 1120 quem
1206 1071 1380 1116 minimo,

0 1149 30 1181 ¹5
49 1133 125 1171 (TC—C
143 1137 149 1171 1
207 1136 339 1184 Atque
360 1134 394 1172 ei
416 1147 507 1172 cum
528 1147 759 1184 responsum
777 1142 878 1173 esset
900 1135 979 1173 fieri
998 1148 1076 1173 non
1092 1149 1219 1185 posse,
1239 1137 1383 1174 multos

49 1200 156 1238 testis
196 1214 281 1239 esse
311 1200 497 1248 dicturos,
532 1213 596 1239 me
625 1208 824 1250 praeterea
853 1214 994 1239 causac
1027 1214 1106 1239 non
1142 1202 1380 1245 defuturum,

51 1265 187 1304 ‘Licet
231 1267 387 1313 hercle‚'
418 1265 556 1315 inquit,
596 1269 759 1304 ‘omnes
789 1265 923 1303 omnia
953 1265 1099 1311 dicant,
1130 1266 1166 1303 in
1198 1266 1275 1312 illo,
1309 1267 1380 1304 nisi

48 1329 100 1368 ita
127 1344 186 1369 res
208 1330 415 1369 manifesta
438 1330 509 1369 erit
529 1331 659 1369 adlata
682 1337 722 1367 ut
750 1330 974 1379 responderi
1002 1329 1098 1368 nihil
1129 1331 1263 1379 possit,
1294 1331 1382 1369 vici-

49 1397 159 1434 mus.’
218 1398 327 1434 Bene
360 1395 454 1446 agis,
488 1396 615 1433 Alba:
658 1397 709 1433 ad
752 1404 858 1433 tuam
898 1395 1053 1433 veniam
1089 1396 1378 1434 condicionem.

0 1472 30 1495 ιο
49 1459 157 1498 Nihil
174 1468 288 1510 putas
302 1462 429 1499 valere
451 1461 489 1498 in
512 1460 666 1499 iudiciis
687 1460 966 1507 coniecturam,
983 1460 1079 1498 nihil
1101 1460 1378 1510 suspicionem,

48 1524 143 1562 nihil
157 1532 248 1563 ante
264 1533 374 1564 actae
396 1525 497 1563 vitae
512 1524 852 1571 existimationem,
873 1525 969 1562 nihil
992 1525 1161 1563 virorum
1185 1525 1378 1564 bonorum

47 1589 282 1637 testimonia,
302 1590 398 1628 nihil
419 1589 621 1628 civitatum
643 1590 895 1628 auctoritates
915 1603 961 1627 ac
983 1589 1127 1628 litteras
1146 1605 1152 1627 ;
1182 1604 1241 1628 res
1261 1591 1380 1628 mani-

47 1656 164 1693 festas
202 1655 367 1705 quaeris.
446 1657 539 1694 Non
575 1668 722 1704 quaero
758 1655 908 1693 iudices
948 1655 1171 1701 Cassianos,
1208 1663 1377 1694 veterem

47 1719 281 1759 iudiciorum
321 1721 566 1760 severitatem
606 1734 686 1758 non
735 1720 903 1770 requiro.
942 1728 1108 1759 vestram
1149 1720 1188 1758 in
1228 1722 1301 1759 hac
1341 1735 1379 1759 re

0 1797 29 1830 25
47 1785 167 1824 fidem
206 1785 438 1836 dignitatem
477 1785 705 1836 religionem
741 1785 779 1823 in
822 1785 1037 1824 iudicando
1072 1799 1152 1823 non
1185 1785 1381 1835 imploro;

47 1850 191 1888 Albam
216 1851 374 1890 habebo
394 1850 578 1898 iudicem,
601 1864 691 1889 eum
723 1850 926 1889 hominem
948 1850 1014 1900 qui
1036 1864 1077 1889 se
1099 1850 1181 1900 ipse
1206 1864 1375 1888 scurram

47 1914 382 1965 improbissimum
403 1915 612 1954 existimari
633 1916 725 1961 vult,
748 1928 830 1952 cum
862 1929 885 1953 a
905 1915 1044 1953 scurris
1073 1928 1227 1964 semper
1246 1915 1377 1964 potius

45 1979 236 2029 gladiator
274 1993 393 2029 quam
428 1993 558 2018 scurra
594 1981 814 2029 appellatus
847 1979 923 2025 sit:
962 1980 1136 2018 adferam
1179 1992 1260 2016 rem
1294 1978 1377 2016 eius

90 2094 109 2122 4
127 2083 298 2114 mehercle
313 2083 343 2114 O
389 2083 485 2114 vobis
497 2083 603 2123 magis
617 2083 680 2113 hoc
695 2082 725 2112 O
808 2092 825 2120 7
843 2088 963 2123 putare
975 2093 1074 2123 posse
1088 2092 1202 2113 emere
1218 2083 1377 2113 Wctorius

51 2136 88 2165 17
113 2127 230 2158 hercle
249 2127 279 2157 Ο
298 2139 305 2158 :
329 2126 523 2166 herculesp
539 2127 607 2158 rell.
776 2126 814 2155 18
838 2127 883 2157 ita
901 2132 992 2166 resp
1010 2138 1017 2157 τ
1042 2127 1086 2157 ita
1103 2130 1178 2157 ante
1201 2126 1313 2157 adlata
1332 2126 1373 2164 O,

41 2173 117 2210 post
131 2170 241 2201 adlata
258 2170 376 2201 Lanzb.
396 2170 430 2200 in
448 2181 515 2210 mg.
534 2171 615 2209 1584
718 2179 759 2199 22
785 2179 839 2199 res
855 2169 976 2200 Lamb.
994 2171 1027 2200 in
1046 2181 1112 2210 mg.
1136 2171 1215 2208 1584
1230 2181 1236 2201 :
1261 2175 1375 2200 aucto-

47 2213 162 2244 ritates
180 2224 218 2244 ac
235 2214 428 2245 testimonia
446 2213 576 2244 litteras
593 2212 789 2244 manifestas
807 2214 942 2252 quaeris
954 2218 979 2253 p
997 2213 1061 2244 rell.
1194 2223 1236 2252 24
1260 2213 1321 2244 hac
1340 2224 1375 2243 rc

49 2255 103 2286 O:
128 2257 190 2287 hac
207 2257 272 2288 sive
288 2257 351 2288 hoc
364 2263 389 2298 p
406 2257 472 2288 rell.
584 2258 626 2287 26
650 2256 754 2286 habes
775 2255 805 2286 O
896 2266 935 2294 27
960 2266 1034 2287 cum
1051 2256 1185 2296 scripsi:
1209 2256 1264 2296 qui
1283 2256 1349 2287 rell.
1369 2268 1375 2285 ε

46 2309 113 2331 om.
134 2299 165 2330 O
252 2310 388 2340 semper
404 2300 517 2340 potius
535 2300 589 2331 O:
613 2300 725 2340 potius
744 2304 916 2340 semperp
934 2300 998 2330 rell.
1136 2301 1176 2330 28
1201 2301 1243 2331 sit
1260 2299 1347 2330 codd.
1368 2311 1374 2329 :

0 2310 5 2376 l
48 2347 99 2373 est
115 2342 184 2374 edd.
205 2343 240 2384 (i,
262 2347 277 2382 ξ
296 2354 358 2383 39;
383 2345 425 2383 iv,
446 2346 516 2383 §35

1409 827 1468 857 ¹45

1407 1403 1465 1443 146
