1600 2704
109 117 379 161 ACTIONIS
411 124 472 162 IN
503 125 547 165 C.
571 128 812 169 VERREM
843 133 1143 178 SECVNDAE
1175 143 1278 181 LIB.
1303 147 1346 184 II
1413 158 1439 195 4
1462 164 1500 186 10

105 229 186 268 suis
228 231 471 275 deducerent
506 245 552 276 ut
595 253 667 290 ego
710 241 828 283 istum
876 259 1113 299 accusarem,
1154 265 1177 291 a
1221 267 1301 305 quo
1350 271 1437 298 mea

104 294 331 345 longissime
369 300 467 340 ratio
505 304 766 356 voluntasque
803 309 1067 362 abhorrebat,-
1111 329 1354 370 quamquam
1394 324 1433 361 in

101 358 176 398 hac
195 373 314 401 causa
334 366 459 405 multo
479 368 598 417 pluris
619 371 736 420 partis
758 373 854 412 mihi
875 376 1116 419 defensionis
1138 395 1258 432 quam
1278 398 1435 427 accusa-

100 422 219 464 tionis
266 429 485 480 suscepisse
532 433 677 474 videor.
752 439 957 480 Postremo
1007 456 1052 482 ex
1102 452 1183 485 tota
1231 450 1432 499 provincia
1458 471 1490 492 11

62 488 281 532 5homines
315 494 550 535 nobilissimi
588 500 783 552 primique
823 505 982 554 publice
1022 508 1284 563 privatimque
1317 529 1431 556 vene-

97 561 196 601 runt,
213 556 440 605 gravissima
459 568 578 612 atque
598 565 840 615 amplissima
862 582 1043 622 quaeque
1064 574 1199 615 civitas
1220 579 1428 621 vehemen-

94 616 243 658 tissime
263 633 352 661 suas
372 622 531 664 iniurias
552 639 755 677 persecuta
776 641 844 672 est.

145 684 199 721 At
228 697 348 734 quem
381 689 432 727 ad
463 692 638 740 modum,
672 694 831 744 iudices,
863 705 1082 741 venerunt?
1139 705 1289 746 Videor
1318 710 1423 750 enim
1444 710 1522 763 (11)

90 747 186 786 mihi
208 748 285 789 iam
313 751 471 794 liberius
501 759 608 808 apud
639 773 707 799 vos
738 776 807 812 pro
835 765 974 805 Siculis
1000 770 1108 819 loqui
1133 772 1278 812 debere
1303 788 1421 826 quam

30 827 69 850 10
87 812 248 853 forsitan
281 815 354 867 ipsi
392 820 536 860 velint:
578 825 692 863 saluti
725 828 856 877 potius
886 843 1021 870 eorum
1062 839 1268 877 consulam
1301 853 1419 890 quam

85 879 289 918 voluntati.
349 883 528 934 Ecquem
557 888 786 931 existimatis
818 907 1006 946 umquam
1040 900 1118 938 ulla
1149 900 1186 940 in
1218 905 1419 953 provincia

83 954 192 981 reum
240 945 446 986 absentem
490 959 625 991 contra
675 954 970 1006 inquisitionem
1018 967 1256 1006 accusatoris
1301 972 1416 1011 tantis

80 1006 234 1057 opibus,
271 1018 379 1050 tanta
408 1016 622 1065 cupiditate
651 1032 736 1059 esse
766 1022 1004 1063 defensum?
1061 1029 1301 1077 Quaestores
1327 1037 1416 1074 utri-

79 1085 204 1123 usque
224 1077 448 1125 provinciae
464 1081 530 1130 qui
553 1082 626 1121 isto
647 1093 825 1134 praetore
842 1089 994 1129 fuerant
1015 1104 1105 1131 cum
1123 1095 1294 1136 fascibus
1316 1102 1411 1139 mihi

20 1152 56 1184 15
77 1146 232 1186 praesto
264 1141 444 1181 fuerunt:
488 1145 547 1183 his
582 1159 698 1196 porro
728 1151 795 1201 qui
831 1165 1114 1204 successerunt,
1157 1162 1411 1204 vehementer
1435 1183 1468 1205 12

75 1201 184 1241 istius
205 1206 351 1255 cupidi,
374 1207 584 1250 liberaliter
605 1225 651 1251 ex
676 1214 786 1254 istius
808 1217 962 1258 cibariis
986 1223 1148 1271 tractati,
1172 1239 1252 1264 non
1278 1230 1407 1269 minus

72 1279 180 1306 acres
201 1277 336 1309 contra
359 1285 421 1312 me
442 1275 607 1315 fuerunt.
659 1278 802 1321 Videte
823 1283 919 1333 quid
940 1287 1111 1335 potuerit
1133 1290 1200 1340 qui
1221 1301 1407 1342 quattuor

72 1333 110 1370 in
159 1347 238 1373 una
289 1339 490 1386 provincia
539 1351 766 1392 quaestores
816 1351 1126 1393 studiosissimos
1176 1356 1403 1399 defensores

67 1408 458 1454 propugnatoresque
492 1406 682 1457 habuerit,
725 1420 943 1461 praetorem
983 1430 1076 1457 vero
1114 1422 1401 1475 cohortemque

8 1476 48 1498 20
67 1469 190 1502 totam
232 1466 287 1505 sic
330 1469 548 1511 studiosam
592 1481 634 1512 ut
677 1476 790 1516 facile
833 1491 1036 1531 appareret
1075 1498 1155 1523 non
1201 1494 1280 1526 tam
1326 1491 1398 1529 illis

64 1528 248 1578 Siciliam,
281 1545 400 1583 quam
430 1536 589 1577 inanem
619 1541 875 1592 offenderant,
908 1559 1027 1597 quam
1058 1551 1222 1591 Verrem
1254 1553 1395 1604 ipsum,

61 1595 129 1643 qui
161 1597 302 1646 plenus
336 1600 568 1651 decesserat,
605 1608 846 1655 provinciam
882 1612 1012 1652 fuisse.
1073 1616 1219 1656 Minati
1254 1620 1395 1660 Siculis

60 1659 90 1696 si
140 1661 405 1704 decrevissent
453 1667 666 1718 legationes
709 1685 810 1723 quae
857 1684 994 1716 contra
1037 1678 1155 1719 istum
1203 1682 1391 1733 dicerent,

58 1723 198 1764 minari
225 1728 257 1766 si
277 1729 344 1779 qui
365 1740 495 1771 essent
516 1736 690 1784 profecti,
713 1738 798 1777 aliis
825 1740 857 1778 si
885 1743 1089 1783 laudarent
1112 1746 1393 1798 benignissime

0 1799 34 1831 25
55 1791 294 1842 promittere,
317 1798 565 1845 gravissimos
595 1801 829 1852 privatarum
854 1819 981 1846 rerum
1008 1810 1130 1859 testis,
1152 1814 1296 1863 quibus
1318 1829 1390 1857 nos

53 1857 326 1904 praesentibus
347 1861 677 1915 denuntiavimus,
701 1881 768 1908 eos
790 1871 825 1908 vi
849 1873 1119 1925 custodiisque
1141 1877 1321 1919 retinere.

94 1970 115 1998 4
139 1971 183 1991 ex
200 1966 268 1994 tota
286 1974 378 2004 prov.
396 1966 483 1998 hom.
506 1968 584 2001 CO:
608 1971 696 2004 hom.
713 1984 756 2006 ex
773 1980 845 2007 tota
860 1987 953 2017 prov.
971 1984 995 2019 p
1013 1980 1077 2011 rell.
1214 1984 1235 2013 6
1252 1985 1388 2025 amplis-

50 2002 134 2034 sima
161 2004 251 2037 60¹:
286 2008 522 2042 honestissima
540 2019 566 2053 p
588 2015 653 2046 rell.
789 2029 810 2058 9
835 2021 918 2052 mihi
938 2022 1071 2054 Orela:
1098 2033 1164 2057 om.
1187 2025 1231 2056 Ο1
1321 2030 1385 2061 iam

49 2046 189 2079 liberius
212 2051 300 2089 apud
322 2061 382 2083 vos
400 2052 497 2085 COl:
531 2055 667 2090 liberius
690 2063 778 2100 apud
803 2073 864 2095 vos
888 2064 952 2095 iam
975 2070 999 2105 p
1019 2066 1083 2097 rell.
1223 2078 1262 2101 10
1286 2073 1383 2104 saluti

50 2089 147 2122 601:
182 2093 280 2124 saluti
312 2096 401 2127 enim
433 2103 458 2138 p
484 2099 548 2132 rell.
653 2113 770 2136 eorum
801 2108 914 2146 potius
932 2108 967 2138 ὐδ
1106 2120 1140 2141 11
1167 2111 1330 2152 hecquem
1360 2117 1388 2148 C

47 2143 201 2173 umquam
220 2137 286 2168 ulla
305 2137 410 2172 Crell.
432 2152 439 2171 :
463 2143 554 2175 nulla
574 2143 611 2184 (n
636 2146 694 2178 del.
715 2158 759 2179 m.
775 2151 807 2188 2ss
830 2161 976 2191 unquam
997 2152 1028 2184 O
1049 2154 1126 2186 ἐρεῖ
1138 2165 1217 2188 corr.
1239 2168 1283 2189 m.
1300 2168 1326 2195 1,
1348 2165 1386 2190 ul

45 2177 189 2209 videtur’
211 2180 358 2222 (Muell.)
378 2195 385 2214 :
411 2185 476 2216 ulla
494 2197 649 2228 umquam
668 2190 770 2229 Kays.
792 2193 842 2234 (ii,
863 2198 878 2232 ξ
901 2196 953 2234 17)
1080 2209 1119 2229 12
1145 2201 1244 2232 tantis
1262 2203 1382 2242 opibus

44 2230 111 2253 om.
131 2222 191 2254 CO
324 2236 362 2266 14
387 2229 468 2260 mihi
485 2240 552 2262 om.
575 2232 645 2263 60¹
794 2247 832 2277 15
856 2238 910 2269 his
928 2238 1051 2272 COrrb:
1075 2243 1110 2273 hi
1129 2242 1192 2275 rell.
1342 2248 1381 2278 18

44 2274 110 2295 una
128 2264 247 2308 COprk
264 2280 272 2299 :
296 2281 361 2301 om.
384 2272 448 2304 rell.
536 2285 576 2305 22
603 2276 707 2308 fuisse
725 2281 931 2318 provinciam
949 2283 1115 2319 Zielinski.
1129 2292 1165 2328 p.
1190 2298 1251 2330 193
1337 2302 1380 2331 23

42 2307 275 2385 {tgrex-f‘iisgent
289 2313 630 2392 Εὲξτέῐιὺἓῐῖῗεεεηῑ
641 2321 730 2354 codd.
744 2323 888 2365 plem‘que
959 2327 1146 2368 legationes
1158 2355 1165 2362 .
1181 2356 1188 2363 .
1204 2356 1211 2364 .
1226 2334 1378 2366 dicerent
