1600 2704
0 410 3 445 l

0 455 2 479 l

0 566 2 594 ἓ
18 558 21 561 .

115 85 384 126 ACTIONIS
414 87 476 125 IN
507 87 551 126 C.
575 88 817 126 VERREM
847 88 1147 128 SECVNDAE
1180 91 1281 128 LIB.
1307 92 1342 127 V
1403 100 1446 136 13
1468 104 1508 135 32

114 197 289 247 aspiciat,
323 211 370 236 ex
402 197 610 236 mulierum
650 211 781 236 morsu
813 199 975 249 vestigia
1014 199 1187 238 libidinis
1226 208 1345 251 atque
1383 215 1447 241 ne<

113 262 270 312 quitiae.
332 262 384 301 Di
418 263 563 302 faciant
597 270 639 302 ut
670 263 724 302 rei
763 263 949 310 militaris,
990 271 1031 301 ut
1071 264 1163 303 belli
1203 267 1445 305 mentionem
1468 280 1511 311 33

112 328 240 366 facere
270 328 441 367 audeas!
499 329 801 378 Cognoscentur
830 328 935 367 enim
965 328 1099 366 omnia
1129 328 1237 367 istius
1267 343 1356 368 aera
1383 331 1446 368 illa

111 399 254 440 vetera,
276 400 318 431 ut
348 406 429 432 non
450 394 578 432 solum
599 393 639 431 in
670 392 834 443 imperio
862 407 995 432 verum
1022 394 1140 433 etiam
1169 394 1208 431 in
1241 394 1445 445 stipendiis

74 477 90 508 5
112 457 238 507 qualis
268 457 382 496 fuerit
411 457 656 508 intellegatis.
716 459 989 497 Renovabitur
1027 459 1153 510 prima
1192 459 1256 496 illa
1295 459 1443 506 militia,

111 535 203 561 cum
238 521 310 561 iste
341 535 363 561 e
394 523 479 562 foro
510 522 667 570 abduci,
706 536 800 569 non,
836 531 878 561 ut
917 524 1000 574 ipse
1039 523 1249 574 praedicat,
1284 524 1445 573 perduci

111 588 288 635 solebat;
320 587 500 626 aleatoris
533 587 752 626 Placentini
784 596 908 626 castra
941 589 1369 635 commemorabuntur,
1404 588 1444 625 in

111 652 255 703 quibus
276 666 367 691 cum
388 654 572 703 frequens
594 654 728 692 fuisset
756 661 887 692 tamen
913 667 1001 692 aere
1030 654 1180 692 dirutus
1209 661 1292 700 est3
1322 655 1445 691 multa

110 717 194 757 eius
224 717 263 756 in
293 718 499 768 stipendiis
528 720 674 758 damna
704 720 958 769 proferentur,
985 732 1086 769 quae
1115 720 1166 757 ab
1198 719 1272 757 isto
1306 719 1444 758 aetatis

54 798 92 820 ιο
111 783 239 821 fructu
273 783 465 822 dissoluta
497 791 535 823 et
568 791 825 834 compensata
859 791 960 822 sunt.
1022 785 1106 821 Iam
1143 797 1246 829 vero,
1279 796 1371 822 cum
1404 784 1443 822 in
1466 800 1509 831 34

110 847 193 885 eius
229 848 338 887 modi
377 848 565 899 patientia
604 848 856 898 turpitudinis
894 848 1022 887 aliena
1056 862 1136 887 non
1169 862 1238 887 sua
1266 849 1444 888 satietate

109 914 372 961 obduruisset,
412 913 479 964 qui
518 914 574 952 vir
612 914 736 961 fuerit,
766 922 861 964 quot
901 913 1104 964 praesidia,
1137 926 1257 963 quam
1294 914 1444 953 munita

108 979 270 1029 pudoris
298 987 336 1018 et
366 979 579 1029 pudicitiae
599 979 636 1017 vi
657 987 694 1017 et
722 979 887 1018 audacia
915 980 1072 1029 ceperit,
1096 979 1192 1028 quid
1220 991 1284 1017 me
1303 979 1444 1018 attinet

108 1043 240 1083 dicere
273 1052 341 1082 aut
376 1044 613 1094 coniungere
639 1057 729 1083 cum
761 1044 869 1082 istius
901 1043 1047 1094 flagitio
1072 1044 1305 1093 cuiusquam
1338 1058 1444 1094 prae-

50 1125 89 1158 15
109 1116 214 1147 terea
235 1110 432 1148 dedecus?
481 1110 575 1147 Non
592 1109 744 1155 faciam,
768 1108 918 1147 iudices
935 1123 943 1155 3
974 1108 1107 1146 onmia
1129 1116 1258 1147 vetera
1278 1117 1444 1159 praeter—

108 1173 273 1221 mittam,
296 1175 376 1213 duo
407 1175 489 1212 sola
517 1174 688 1213 recentia
716 1173 800 1212 sine
831 1174 1064 1223 cuiusquam
1094 1173 1255 1212 infamia
1284 1187 1443 1225 ponam,

106 1251 153 1277 ex
182 1239 326 1289 quibus
356 1239 624 1278 coniecturam
656 1241 781 1278 facere
806 1240 856 1278 de
884 1239 1070 1278 omnibus
1092 1239 1442 1290 possitis‚—unum

106 1302 214 1352 illud,
248 1306 357 1354 quod
391 1304 445 1343 ita
478 1304 550 1343 fuit
585 1304 746 1343 inlustre
779 1313 998 1354 notumque
1030 1304 1216 1343 omnibus
1249 1313 1290 1343 ut
1323 1319 1443 1344 nemo

105 1375 185 1407 tam
212 1370 431 1409 rusticanus
460 1371 582 1409 homo
612 1371 654 1408 L.
680 1371 846 1408 Lucullo
877 1367 950 1422 [et]
982 1371 1038 1407 M.
1063 1370 1181 1409 Cotta
1211 1370 1441 1410 consulibus

47 1449 88 1472 20
107 1435 280 1474 Romam
313 1449 360 1475 ex
390 1437 472 1475 ullo
508 1435 724 1486 municipio
761 1434 963 1473 vadimoni
1002 1447 1120 1473 causa
1152 1435 1311 1482 venerit,
1344 1436 1441 1485 quin

104 1500 220 1539 sciret
241 1501 323 1540 iura
344 1501 477 1540 omnia
498 1501 686 1552 praetoris
707 1500 845 1539 urbani
866 1507 964 1539 nutu
984 1508 1104 1550 atque
1124 1500 1283 1539 arbitrio
1312 1501 1442 1540 Cheli-

103 1566 219 1604 donis
249 1566 518 1606 meretriculae
538 1566 757 1617 gubernari,
778 1567 943 1605 alterum
971 1567 1091 1616 quod,
1111 1579 1201 1604 cum
1230 1567 1441 1616 paludatus

103 1631 245 1670 exisset
274 1640 445 1683 votaque
475 1645 546 1683 pro
580 1631 746 1682 imperio
785 1645 856 1670 suo
888 1631 1172 1681 communique
1207 1644 1246 1670 re
1282 1631 1440 1681 publica

103 1705 382 1748 nuncupasset,
405 1705 526 1737 noctu
548 1697 669 1748 stupri
698 1710 816 1736 causa
841 1696 979 1736 lectica
1008 1696 1047 1734 in
1078 1697 1216 1735 urbem
1247 1695 1440 1735 introferri

44 1777 82 1810 ²5
103 1762 240 1802 solitus
266 1771 323 1803 est
355 1764 406 1802 ad
439 1763 643 1802 mulierem
669 1770 832 1813 nuptam
861 1762 940 1808 uni,
972 1761 1213 1811 propositam
1239 1761 1437 1809 omnibus,

101 1835 238 1866 contra
276 1829 345 1876 fas,
384 1835 521 1867 contra
558 1827 744 1878 auspicia,
784 1834 921 1866 contra
960 1826 1089 1866 omnis
1127 1825 1280 1866 divinas
1319 1833 1439 1877 atque

101 1893 294 1932 humanas
325 1893 556 1944 religiones!

155 1959 192 1998 O
213 1958 253 1997 di
275 1959 540 1998 immortales!
571 1958 669 2008 quid
691 1957 850 1997 interest
873 1956 973 1996 inter
996 1964 1147 1995 mentes
1170 1956 1378 1995 hominum
1398 1963 1437 1996 et
1456 1936 1503 2026 ἐξ

101 2023 359 2073 cogitationes
380 2026 387 2061 l
446 2025 507 2062 Ita
527 2022 624 2062 mihi
646 2036 774 2062 meam
795 2023 1038 2060 voluntatem
1053 2033 1244 2071 spemque
1264 2020 1438 2071 reliquae
1480 2018 1493 2028 ι

42 2104 84 2136 30
102 2090 204 2128 vitae
239 2096 365 2128 vestra
399 2088 617 2139 populique
648 2086 821 2127 Romani
852 2086 1087 2125 existimatio
1117 2085 1362 2135 comprobet,
1394 2092 1437 2123 ut

101 2166 185 2204 ego,
207 2166 307 2204 quos
336 2154 468 2192 adhuc
490 2152 586 2192 mihi
606 2152 851 2203 magistratus
885 2153 1054 2202 populus
1091 2152 1297 2190 Romanus
1329 2163 1437 2189 man-

145 2266 160 2286 1
187 2267 230 2288 ex
247 2256 424 2288 mulierum
442 2266 555 2288 morsu
572 2255 640 2289 secl.
661 2255 741 2288 Rau
887 2263 906 2293 3
932 2254 1028 2285 istius
1045 2263 1112 2285 om.
1132 2254 1175 2283 nk
1316 2264 1353 2292 14
1377 2258 1435 2285 aut

93 2300 160 2339 pb:
184 2310 223 2332 ac
240 2299 302 2332 RS
319 2312 325 2331 ε
351 2306 383 2331 et
400 2299 432 2330 Z
447 2300 504 2341 (iii,
528 2304 543 2338 ξ
562 2301 617 2339 23)
764 2308 804 2338 19
827 2303 860 2329 et
877 2297 939 2330 RS
957 2309 962 2327 ε
988 2308 1055 2329 om.
1070 2298 1113 2338 pb
1131 2297 1181 2339 (ii,
1202 2298 1223 2335 i,
1244 2300 1260 2335 ξ
1277 2299 1335 2335 60)
