1600 2704
70 115 121 162 58
159 128 215 161 151
527 113 583 149 M.
615 112 783 150 TVLLI
815 110 1121 151 CICERONIS

75 239 131 271 15²
155 224 275 262 fecit?
304 223 370 274 qui
393 223 463 262 tibi
484 222 523 262 id
544 224 669 262 facere
690 222 830 261 licuit?
888 225 1033 261 Forum
1054 223 1215 271 plenum
1235 228 1273 260 et
1300 220 1479 259 basilicas

153 289 316 327 istorum
365 287 571 327 hominum
611 287 802 334 videmuS,
843 294 880 326 et
928 286 1063 325 animo
1106 298 1235 335 aequo
1273 284 1482 332 videmu55
1514 333 1519 338 ¹

152 353 274 392 civilis
323 352 428 391 enim
476 351 731 391 dissensionis
771 359 809 390 et
848 364 916 389 seu
964 349 1159 389 amentiae
1198 362 1266 388 seu
1305 349 1373 387 fati
1411 361 1479 387 seu

152 417 384 457 calamitatis
420 430 500 456 non
540 424 597 455 est
630 416 702 454 iste
743 417 931 455 molestus
963 414 1099 461 exitus,
1130 414 1169 451 in
1200 427 1280 464 quo
1310 412 1480 463 reliquos

153 484 289 521 saltem
320 481 414 520 civis
444 480 652 519 incolumis
682 479 772 518 licet
801 492 1041 518 conservare.
1101 480 1254 524 Verres,
1280 477 1343 515 ille
1370 484 1480 515 vetus
1501 488 1518 519 5

152 546 328 597 proditor
363 545 545 591 consulis,
582 545 787 583 translator
821 550 1064 594 quaesturae,
1096 556 1252 582 aversor
1289 541 1480 591 pecuniae

152 610 344 661 publicae,
367 617 519 648 tantum
541 608 615 647 sibi
639 608 880 647 auctoritatis
904 607 944 645 in
974 621 1013 646 re
1038 606 1195 657 publica
1225 606 1395 656 suscepit
1426 614 1479 652 ut,

153 675 296 725 quibus
328 673 556 712 hominibus
587 686 656 722 per
689 679 881 719 senatum,
911 685 979 722 per
1012 673 1204 722 populum
1239 673 1480 716 Romanum,

153 753 220 790 per
241 739 369 778 omnis
392 738 648 788 magistratus,
671 737 710 775 in
730 738 826 784 foro,
848 737 888 775 in
918 737 1119 787 suffragiis,
1141 736 1181 775 in
1210 737 1285 774 hac
1312 736 1418 782 urbe,
1442 735 1480 773 in

153 818 192 843 re
226 804 384 854 publica
418 802 559 841 versari
602 802 745 849 liceret,
781 801 826 840 iis
869 801 1055 841 omnibus
1095 808 1260 839 mortem
1297 800 1480 839 acerbam
1507 815 1543 838 ro

152 870 433 918 crudelemque
454 874 690 918 proponeret
718 866 748 905 si
773 868 928 905 fortuna
954 880 1021 906 eos
1051 867 1102 905 ad
1128 865 1299 916 aliquam
1330 873 1480 916 partem

72 945 133 978 153
153 933 307 973 Siciliae
332 932 546 972 detulisset.
605 932 670 971 Ad
701 932 774 972 Cn.
808 931 1054 982 Pompeium,
1076 930 1334 969 clarissimum
1355 930 1479 968 virum

151 1006 189 1037 et
211 997 476 1044 fortissimum,
499 996 681 1046 permulti
703 995 835 1035 occiso
864 998 1059 1046 Perperna
1086 1009 1132 1034 ex
1161 995 1228 1033 illo
1258 994 1481 1033 Sertoriano

151 1076 317 1101 numero
338 1062 505 1100 militum
528 1062 798 1111 confugerunt.
860 1062 991 1110 Quem
1014 1073 1093 1099 non
1115 1059 1179 1099 ille
1207 1072 1363 1098 summo
1390 1072 1480 1097 cum

151 1127 283 1165 studio
310 1128 459 1164 salvum
491 1125 810 1175 incolumemque
838 1125 1031 1164 servavit?
1059 1124 1122 1163 cui
1150 1124 1225 1163 civi
1245 1122 1481 1174 supplicanti
1505 1136 1540 1170 15

152 1205 232 1230 non
273 1191 337 1229 illa
377 1191 534 1229 dextera
575 1189 720 1228 invicta
758 1190 878 1228 fidem
922 1189 1089 1240 porrexit
1125 1196 1162 1228 et
1197 1202 1307 1239 spem
1347 1188 1481 1226 salutis

152 1255 357 1295 ostendit?
425 1256 538 1293 Itane
589 1256 712 1293 vero?
759 1254 903 1305 quibus
952 1254 1023 1292 fuit
1071 1262 1206 1304 portus
1245 1254 1350 1304 apud
1389 1266 1480 1291 eum

151 1333 271 1370 quem
306 1326 440 1357 contra
471 1331 578 1356 arma
608 1320 785 1365 tulerant,
821 1318 866 1357 iis
900 1320 1006 1368 apud
1038 1327 1087 1366 te,
1118 1318 1228 1357 cuius
1258 1319 1409 1356 nullum
1441 1317 1480 1355 in

151 1398 191 1423 re
218 1383 376 1435 publica
407 1389 653 1422 momentum
679 1396 867 1432 umquam
897 1383 980 1429 fuit,
1003 1396 1107 1422 mors
1128 1391 1166 1422 et
1186 1382 1379 1422 cruciatus
1400 1389 1481 1421 erat

79 1459 134 1498 59
152 1449 418 1488 constitutus?
473 1447 576 1486 Vide
603 1460 722 1497 quam
752 1448 1005 1486 commodam
1034 1447 1304 1486 defensionem
1331 1446 1482 1496 excogi-
1501 1459 1541 1481 20

153 1513 268 1552 taris!
328 1514 438 1551 Malo
459 1513 682 1551 mehercule
709 1511 749 1550 id
779 1513 887 1562 quod
918 1519 959 1550 tu
989 1512 1169 1551 defendis
1199 1512 1258 1549 his
1285 1510 1481 1550 iudicibus

152 1579 380 1628 populoque
414 1578 598 1615 Romano
630 1589 749 1626 quam
782 1576 821 1615 id
853 1577 962 1626 quod
997 1590 1069 1627 ego
1096 1576 1281 1615 insimulo
1312 1575 1478 1626 probari,

151 1644 270 1690 malo,
290 1642 462 1691 inquam,
493 1648 530 1679 te
560 1640 621 1678 isti
651 1640 783 1690 generi
814 1640 1021 1679 hominum
1052 1654 1171 1691 quam
1198 1640 1479 1679 mercatoribus

151 1714 189 1745 et
228 1705 473 1744 naviculariis
513 1705 716 1743 inimicum
756 1712 874 1755 atque
914 1705 1097 1744 infestum
1145 1705 1300 1755 putari3
1346 1718 1478 1743 meum

152 1771 257 1809 enim
297 1770 445 1808 crimen
484 1769 666 1808 avaritiae
705 1777 743 1808 te
789 1769 932 1808 nimiae
971 1770 1155 1820 coarguit,
1196 1777 1262 1808 tua
1300 1769 1479 1808 defensio
1501 1782 1538 1813 ²5

151 1834 289 1874 furoris
310 1834 514 1873 cuiusdam
543 1841 580 1873 et
605 1834 858 1872 immanitatis
886 1841 923 1873 et
953 1833 1152 1873 inauditae
1182 1833 1421 1873 crudelitatis
1442 1840 1480 1872 et

151 1912 277 1950 paene
298 1911 423 1937 novae
443 1898 746 1949 proscriptionis.

68 1978 131 2012 154
206 1965 283 2002 Sed
305 1976 385 2001 non
406 1963 496 2002 licet
527 1977 590 2002 me
614 1964 689 2002 isto
714 1971 824 2002 tanto
852 1963 970 2011 bono,
994 1963 1158 2011 iudices,
1178 1963 1244 2010 uti,
1269 1976 1348 2002 non
1375 1962 1476 2001 licet.

150 2031 309 2069 Adsunt
334 2029 438 2068 enim
465 2029 618 2068 Puteoli
643 2029 743 2076 toti3
772 2029 1075 2079 frequentissimi
1106 2036 1295 2068 venerunt
1322 2029 1373 2067 ad
1403 2029 1479 2066 hoc

151 2094 341 2133 iudicium
363 2102 608 2140 mercatores,
632 2094 813 2132 homines
838 2096 1053 2144 locupletes
1080 2101 1199 2144 atque
1222 2092 1391 2139 honesti,
1412 2091 1479 2141 qui
1501 2102 1540 2133 30

200 2208 212 2228 1
240 2198 272 2228 id
290 2208 354 2229 om.
370 2199 412 2238 ρδ
521 2207 540 2226 2
565 2202 598 2228 et
616 2220 623 2227 .
645 2220 651 2228 .
669 2220 676 2227 .
694 2197 847 2228 videmus
865 2207 930 2228 om.
950 2196 1043 2227 st
1153 2205 1172 2234 3
1194 2200 1229 2227 et
1245 2205 1304 2227 seu
1320 2194 1454 2226 Jordan.
1473 2206 1480 2225 τ

154 2246 186 2272 et
204 2241 230 2271 si
248 2240 346 2271 RSD
363 2252 369 2271 :
394 2246 426 2271 et
445 2242 515 2271 sive
529 2242 571 2280 pb
639 2250 699 2271 seu
719 2240 778 2271 fati
795 2239 899 2281 SDp:
923 2241 995 2271 sive
1013 2240 1070 2270 fati
1088 2239 1143 2279 Rq
1260 2249 1298 2269 10
1321 2238 1478 2270 omnibus

153 2283 217 2314 SD
233 2296 238 2314 :
265 2284 454 2314 hominibus
476 2284 550 2324 qu
568 2284 601 2323 (ξ
621 2293 659 2322 75
677 2286 791 2323 supra]
944 2292 982 2322 15
1007 2283 1209 2323 supplicanti
1227 2282 1286 2314 ΞΨ
1304 2294 1310 2313 :
1334 2283 1477 2322 supplici

149 2332 173 2367 p
189 2326 257 2357 edd.
277 2338 283 2357 z
308 2326 428 2366 suplici
445 2326 488 2362 R,
508 2337 586 2358 corr.
608 2337 653 2358 m.
673 2336 692 2355 2
709 2326 840 2366 suplicii
971 2336 1009 2365 19
1033 2327 1273 2357 monimentum
1291 2325 1378 2356 codd.
1395 2325 1473 2365 pler.
