1600 2704
107 115 150 154 51
175 120 234 154 133
540 105 597 142 M.
629 105 798 142 TVLLI
830 104 1137 144 CICERONIS

168 217 408 263 demonstro,
445 223 483 255 te
517 215 643 266 pretio
682 215 846 266 remiges
882 215 1103 265 militesque
1137 214 1331 254 dimisisse
1365 228 1495 266 arguo.

169 283 261 320 Hoc
300 280 487 319 nauarchi
532 279 669 330 reliqui
708 279 857 327 dicunt,
897 280 974 318 hoc
1017 279 1252 317 Netinorum
1299 281 1499 318 foederata

166 346 302 385 civitas
327 345 485 396 publice
509 345 618 393 dicit,
638 346 715 384 hoc
735 343 1001 390 Amestratini,
1025 345 1100 382 hoc
1127 343 1398 391 Herbitenses,
1421 345 1498 384 hoc

169 413 420 458 Hennenses,
447 410 722 461 Agyrinenses,
752 408 1008 459 Tyndaritani
1038 408 1196 459 publice
1226 408 1374 455 dicunt,
1406 416 1496 447 tuus

167 475 339 525 denique
369 475 488 522 testis,
521 483 610 513 tuus
640 475 861 525 imperator,
893 482 982 513 tuus
1011 475 1200 520 aemulus,
1233 482 1322 512 tuus
1353 474 1497 524 hospes
1518 487 1536 519 5

167 540 405 579 Cleomenes
444 540 520 577 hoc
559 538 668 586 dicit,
706 551 791 577 sese
830 538 868 576 in
914 546 1055 576 terram
1094 551 1178 577 esse
1217 551 1415 588 egressum
1454 546 1498 576 ut

168 605 355 653 Pachyno
389 616 410 642 e
449 602 617 641 terrestri
656 602 851 653 praesidio
890 602 1031 641 milites
1071 602 1280 652 colligeret,
1317 615 1417 653 quos
1457 602 1496 640 in

167 667 333 706 navibus
363 668 588 705 conlocaret
603 681 613 715 3
642 668 750 717 quod
771 674 875 705 certe
895 680 975 706 non
998 666 1152 705 fecisset
1173 666 1203 704 si
1225 680 1339 705 suum
1362 680 1497 706 nume-

166 745 252 770 rum
273 745 392 770 naves
413 732 604 770 haberent
616 746 626 779 3
657 745 703 770 ea
723 739 781 770 est
801 731 906 770 enim
928 731 1025 770 ratio
1049 731 1324 770 instructarum
1346 739 1497 769 ornata-

166 809 333 846 rumque
360 796 518 834 navium
546 804 588 835 ut
616 809 696 835 non
719 797 839 834 modo
860 798 989 846 plures
1011 797 1080 835 sed
1101 810 1150 835 ne
1172 795 1313 846 singuli
1334 796 1495 846 quidem
1522 812 1559 836 10

85 880 144 913 134
166 861 317 912 possint
336 863 536 900 accedere.
596 861 699 900 Dico
719 869 918 910 praeterea
938 860 1024 899 illos
1046 860 1150 910 ipsos
1167 860 1336 911 reliquos
1357 868 1494 899 nautas

82 1458 140 1490 135

165 927 269 965 farne
297 934 416 976 atque
446 925 579 976 inopia
608 939 736 964 rerum
766 925 944 964 omnium
970 926 1171 964 confectos
1199 925 1317 964 fuisse
1343 938 1388 964 ac
1415 938 1497 975 per-

165 991 297 1039 ditos,
340 991 432 1029 dico
470 998 537 1029 aut
576 990 705 1029 omnis
740 998 846 1029 extra
885 992 1041 1040 culpam
1080 990 1208 1038 fuisse,
1245 998 1322 1037 aut,
1359 990 1391 1028 si
1429 990 1497 1028 uni

165 1055 417 1094 attribuenda
451 1057 567 1105 culpa
596 1055 655 1103 sit,
682 1055 721 1093 in
749 1068 796 1093 eo
824 1055 1034 1093 maximam
1062 1055 1180 1094 fuisse
1206 1055 1273 1105 qui
1305 1055 1495 1105 optimam

166 1134 317 1167 navem,
348 1120 538 1171 plurimos
569 1128 706 1158 nautas
737 1120 908 1166 haberet,
939 1133 1137 1158 summum
1162 1119 1368 1169 imperium
1399 1119 1497 1158 obti-
1520 1134 1557 1167 15

166 1192 286 1232 neret,
308 1192 385 1231 aut,
410 1184 440 1223 si
468 1198 607 1223 omnes
637 1185 676 1222 in
706 1186 821 1234 culpa
848 1184 999 1231 fuerint,
1031 1197 1110 1222 non
1139 1184 1358 1234 oportuisse
1384 1185 1497 1224 Cleo-

166 1263 309 1288 menen
327 1249 512 1289 constitui
534 1257 795 1299 spectatorem
817 1249 971 1287 illorum
993 1248 1127 1287 mortis
1143 1256 1261 1298 atque
1277 1249 1471 1288 cruciatus
1487 1264 1498 1297 3

163 1314 255 1353 dico
276 1314 394 1353 etiarn
422 1314 461 1352 in
490 1314 576 1363 ipso
603 1313 797 1363 supplicio
819 1314 1042 1351 mercedem
1070 1312 1328 1360 lacrimarum,
1353 1327 1496 1352 merce-

163 1381 255 1418 dem
276 1378 446 1417 vulneris
473 1386 592 1428 atque
619 1380 765 1428 plagae,
791 1378 1014 1416 mercedem
1041 1377 1186 1415 funeris
1207 1390 1252 1416 ac
1273 1379 1495 1428 sepulturae

163 1443 347 1482 constitui
369 1444 478 1482 nefas
501 1443 629 1482 fuisse.
687 1444 937 1493 Quapropter
959 1442 989 1480 si
1011 1441 1107 1479 mihi
1128 1444 1366 1492 respondere
1386 1444 1494 1481 voles
1518 1455 1557 1478 20

161 1511 259 1548 haec
276 1509 408 1555 dicito,
429 1511 593 1547 classem
615 1507 843 1546 instructam
861 1515 980 1557 atque
996 1514 1172 1545 ornatam
1194 1506 1322 1554 fuisse,
1342 1508 1493 1545 nullum

162 1582 495 1625 propugnatorem
511 1572 666 1619 afuisse,
686 1574 836 1611 nullum
854 1585 1021 1610 vacuum
1043 1579 1209 1610 tractum
1227 1585 1312 1610 esse
1329 1585 1492 1619 remum,

162 1652 244 1677 rem
279 1637 574 1677 frumentariam
608 1650 693 1676 esse
722 1636 1012 1687 suppeditatam
1029 1651 1038 1684 3
1078 1635 1232 1675 mentiri
1262 1638 1492 1684 nauarchos,

165 1703 319 1742 mentiri
359 1710 416 1741 tot
455 1710 534 1740 tam
573 1702 698 1752 gravis
737 1701 924 1748 civitates,
965 1700 1119 1739 mentiri
1158 1700 1276 1739 etiarn
1320 1700 1492 1739 Siciliam

163 1776 311 1814 totam3
342 1766 541 1817 proditum
571 1779 656 1805 esse
683 1774 721 1804 te
746 1779 769 1804 a
790 1766 1019 1813 Cleomene,
1040 1765 1108 1815 qui
1135 1777 1176 1803 se
1203 1764 1341 1803 dixerit
1369 1766 1493 1805 exisse
1515 1777 1554 1811 25

163 1832 202 1870 in
224 1840 364 1870 terram
393 1839 434 1869 ut
465 1832 651 1881 Pachyno
672 1831 885 1869 deduceret
906 1830 1073 1878 milites3
1101 1829 1277 1868 animum
1303 1829 1388 1877 illis,
1412 1843 1492 1869 non

162 1897 295 1946 copias
330 1895 525 1943 defuisse,
567 1896 823 1935 Cleomenem
862 1895 1049 1934 acerrime
1088 1902 1328 1945 pugnantem
1362 1895 1413 1933 ab
1447 1895 1493 1933 iis

162 1961 339 1999 relictum
375 1974 459 1999 esse
497 1968 616 2010 atque
650 1961 873 2007 desertum,
916 1973 1124 1998 nummum
1160 1960 1212 1998 ob
1251 1960 1492 2009 sepulturam

161 2027 298 2064 datum
328 2025 487 2064 nemini.
547 2026 662 2074 Quae
690 2024 720 2063 si
741 2024 860 2071 dices,
884 2025 1068 2063 tenebere
1083 2039 1093 2072 3
1123 2023 1182 2063 sin
1208 2023 1283 2062 alia
1304 2023 1423 2071 dices,
1447 2037 1493 2063 ea

161 2103 262 2139 quae
282 2103 304 2128 a
327 2103 389 2129 me
409 2089 515 2128 dicta
536 2098 626 2129 sunt
647 2102 727 2128 non
749 2089 947 2128 refutabiS.
1513 2106 1555 2138 30

205 2202 224 2231 3
249 2193 312 2223 hoc
333 2192 451 2230 Herb.,
470 2193 533 2224 hoc
551 2192 696 2224 Amestr.
722 2191 768 2223 Va
872 2193 935 2223 hoc
955 2191 1163 2223 Hennenses
1183 2202 1246 2223 om.
1268 2191 1330 2223 RS
1471 2203 1490 2231 4

161 2235 270 2274 Tynd.
293 2236 480 2267 Locrenses
491 2238 534 2276 p5
689 2247 710 2276 9
734 2241 997 2275 ornatarumque
1013 2246 1079 2267 om.
1104 2235 1136 2265 V
1288 2245 1323 2265 11
1351 2241 1491 2274 possent

164 2278 264 2308 Rsna
284 2280 314 2315 (ξ
333 2280 374 2317 84
392 2281 510 2320 supra)
648 2281 686 2309 16
710 2279 919 2311 Cleomenen
942 2279 1002 2309 VR
1019 2290 1025 2308 τ
1052 2289 1118 2309 —em
1136 2278 1164 2310 S
1287 2289 1327 2316 24
1354 2283 1403 2309 tot
1422 2284 1490 2309 tam

163 2321 244 2351 RS:
280 2327 382 2352 totam
417 2323 464 2352 V:
498 2328 545 2353 tot
572 2328 605 2353 et
631 2328 698 2353 tam
727 2334 747 2352 π
879 2333 920 2363 25
946 2329 1047 2353 totam
1073 2333 1138 2353 om.
1163 2322 1213 2352 V:
1246 2328 1350 2354 totam
1377 2322 1444 2353 Sic.
1471 2321 1491 2352 k

163 2370 196 2395 te
219 2365 265 2405 lp
283 2376 289 2395 :
315 2376 379 2396 om.
398 2365 491 2396 RSql
