1600 2704
124 97 152 134 6

122 416 159 447 14

134 1062 170 1093 15

177 110 212 141 13
540 87 594 124 M.
626 81 794 121 TVLLI
827 72 1133 118 CICERONIS

174 204 354 254 turipina,
379 198 605 243 Halaesina,
629 196 850 244 Segestana,
882 182 1145 234 Halicyensis,
1165 175 1473 219 Panhormitana
1489 188 1500 221 3

176 277 375 322 praeterea
414 264 542 304 omnis
582 273 671 311 ager
711 255 865 296 Siciliae
905 250 1106 290 civitatum
1145 247 1390 284 decumanus
1426 246 1498 284 est,

178 337 353 383 itemque
379 337 471 369 ante
498 324 705 377 imperium
730 317 865 372 populi
893 312 1066 355 Romani
1087 311 1260 361 ipsorum
1281 305 1502 345 Siculorum

180 401 381 438 voluntate
411 402 449 433 et
478 388 662 431 institutis
684 386 766 425 fuit.
824 381 969 420 Videte
997 389 1104 416 nunc
1133 372 1325 412 maiorum
1354 367 1504 417 sapien-

181 465 286 509 tiam,
321 459 388 511 qui
423 470 514 497 cum
545 452 715 493 Siciliam
750 457 831 487 tam
864 450 1131 495 opportunum
1162 433 1383 475 subsidium
1412 429 1505 469 belli
1526 442 1543 474 5

181 537 300 578 atque
338 523 445 575 pacis
483 521 534 558 ad
582 530 663 555 rem
709 511 909 565 publicam
947 503 1230 549 adiunxissent,
1268 505 1376 537 tanta
1414 507 1506 533 cura

184 593 335 631 Siculos
370 586 469 626 tueri
500 598 545 622 ac
577 581 742 620 retinere
776 578 983 614 voluerunt
1017 578 1060 609 ut
1097 581 1179 607 non
1217 565 1340 604 modo
1371 573 1507 600 eorum

183 656 283 707 agris
314 651 478 701 vectigal
509 659 657 686 novum
695 643 847 682 nullum
886 638 1146 687 imponerent,
1187 631 1257 669 sed
1294 641 1345 666 ne
1381 628 1509 675 legem

185 720 347 771 quidem
368 711 606 754 venditionis
627 711 885 748 decumarum
910 714 1009 740 neve
1029 694 1233 737 vendundi
1260 701 1327 732 aut
1354 699 1510 739 tempus

186 793 253 824 aut
282 785 413 821 locum
445 780 744 818 commutarent,
767 777 811 808 ut
841 775 948 807 certo
974 774 1152 813 tempore
1171 758 1276 805 anni,
1299 764 1342 795 ut
1362 754 1511 793 ibidem
1534 768 1573 790 10

188 851 227 888 in
250 846 391 892 Sicilia,
414 842 588 891 denique
609 846 651 877 ut
671 839 756 887 lege
778 830 997 872 Hieronica
1015 828 1243 867 venderent.
1293 822 1514 859 Voluerunt

190 927 256 953 eos
288 912 328 950 in
363 908 442 948 suis
476 906 593 945 rebus
625 904 731 953 ipsos
766 899 965 943 interesse,
999 902 1216 940 eorumque
1249 886 1403 925 animos
1434 896 1516 922 non

191 979 313 1017 modo
333 977 418 1024 lege
439 984 542 1010 nova
562 970 632 1008 sed
653 979 703 1005 ne
723 962 885 1003 nomine
907 958 1069 1010 quidem
1096 953 1191 1004 legis
1219 964 1323 990 novo
1344 960 1518 987 commo-

191 1043 281 1082 veri.
343 1042 484 1088 Itaque
514 1036 702 1074 decumas
732 1031 817 1078 lege
850 1021 1069 1064 Hieronica
1102 1030 1256 1067 semper
1283 1012 1518 1053 vendundas

194 1111 441 1150 censuerunt,
464 1109 507 1140 ut
535 1099 581 1138 iis
610 1094 819 1136 iucundior
849 1097 950 1130 esset
979 1084 1152 1125 muneris
1181 1081 1283 1121 illius
1303 1077 1465 1123 functio,
1488 1075 1518 1114 si
1541 1087 1577 1120 15

196 1173 278 1213 eius
308 1169 407 1219 regis
437 1165 504 1217 qui
534 1161 674 1203 Siculis
705 1155 928 1197 carissimus
963 1151 1035 1190 fuit
1070 1161 1151 1187 non
1183 1147 1311 1185 solum
1344 1141 1522 1180 instituta

197 1240 443 1276 commutato
476 1226 652 1278 imperio,
683 1234 819 1262 verum
854 1218 973 1258 etiam
1004 1226 1151 1254 nomen
1183 1215 1368 1249 maneret.
1431 1207 1523 1244 Hoc

198 1302 280 1340 iure
310 1305 402 1337 ante
428 1297 593 1333 Verrem
627 1295 848 1341 praetorem
882 1280 1002 1322 Siculi
1035 1290 1189 1328 semper
1223 1274 1282 1313 usi
1315 1279 1429 1311 sunt:
1459 1269 1523 1308 hic

198 1365 346 1417 primus
376 1359 554 1400 instituta
582 1353 773 1398 omnium,
802 1344 1130 1388 consuetudinem
1160 1354 1183 1379 a
1211 1337 1425 1378 maioribus
1454 1343 1526 1373 tra-

200 1430 335 1476 ditam,
367 1422 645 1465 condicionem
679 1413 885 1460 amicitiae,
920 1411 979 1449 ius
1009 1405 1206 1448 societatis
1240 1403 1461 1442 convellere
1487 1406 1525 1437 et
1546 1414 1587 1437 20

202 1499 445 1533 COmmUtal'e
464 1498 581 1527 aUSUS
602 1491 671 1523 CSt.

145 1542 182 1624 1}
258 1560 349 1607 Qua
377 1556 417 1593 in
446 1567 487 1592 re
515 1550 686 1602 primum
717 1545 815 1584 illud
836 1540 1083 1593 reprehendo
1104 1544 1143 1576 et
1162 1546 1317 1580 accuso,
1341 1545 1409 1570 cur
1429 1530 1468 1568 in
1489 1541 1529 1568 re

203 1632 283 1663 tam
314 1628 454 1666 vetere,
490 1624 571 1655 tam
604 1612 747 1652 usitata
781 1608 994 1659 quicquam
1030 1601 1121 1642 novi
1156 1598 1303 1638 feceris.
1364 1594 1531 1645 Ingenio

204 1686 353 1737 aliquid
373 1685 584 1723 adsecutus
606 1678 676 1717 es?
733 1676 813 1712 Tot
837 1669 1019 1710 homines
1050 1662 1359 1716 sapientissimos
1391 1667 1427 1698 et
1457 1660 1532 1697 cla-

205 1752 389 1797 rissimos,
413 1747 481 1798 qui
501 1746 607 1784 illam
628 1737 871 1792 provinciam
899 1742 990 1774 ante
1014 1740 1054 1772 te
1080 1734 1300 1774 tenuerunt,
1323 1722 1532 1776 prudentia
1553 1733 1591 1767 25

207 1815 454 1864 consilioque
484 1808 642 1849 vicisti?
700 1806 771 1843 Est
804 1810 931 1848 tuum,
965 1805 1024 1837 est
1059 1793 1190 1845 ingeni
1229 1789 1533 1841 diligentiaeque

209 1891 298 1921 tuae
315 1896 321 1919 :
352 1881 406 1918 do
425 1879 501 1916 hoc
521 1873 593 1913 tibi
614 1879 651 1910 et
672 1868 862 1909 concedo.
923 1863 1014 1903 Scio
1035 1870 1072 1900 te
1091 1862 1255 1904 Romae,
1274 1867 1365 1894 curn
1381 1861 1535 1904 praetor

210 1959 325 1992 esses,
366 1942 498 1982 edicto
535 1947 605 1977 tuo
643 1932 912 1986 possessiones
954 1926 1216 1966 hereditatum
1256 1935 1279 1960 a
1317 1918 1447 1957 liberis
1485 1917 1536 1955 ad

210 2012 370 2055 alienos,
391 2020 414 2045 a
440 2003 576 2057 primis
602 1999 814 2040 heredibus
843 1998 895 2035 ad
925 1994 1132 2039 secundos,
1155 2003 1178 2028 a
1204 1987 1355 2037 legibus
1380 1985 1430 2022 ad
1454 1981 1537 2020 libi-

211 2076 345 2114 dinem
366 2081 475 2111 tuam
495 2066 738 2108 transtulisse
755 2079 765 2112 3
795 2062 877 2102 scio
893 2069 931 2100 te
953 2059 1081 2099 edicta
1098 2055 1340 2107 superiorum
1358 2047 1536 2088 omniurn
1557 2057 1594 2087 30

213 2138 422 2179 correxisse
453 2142 491 2175 et
520 2131 789 2185 possessiones
820 2126 1081 2167 hereditatum
1113 2135 1193 2160 non
1226 2117 1444 2158 secundum
1471 2124 1536 2151 eos

258 2253 277 2279 4
301 2251 372 2280 sap.
393 2239 555 2270 maiorum
575 2235 605 2267 Ο
757 2243 778 2273 9
801 2241 887 2263 neve
904 2227 992 2260 codd.
1010 2238 1016 2257 ε
1041 2235 1102 2257 nec
1121 2221 1233 2254 Muell.
1388 2227 1426 2257 13
1449 2226 1536 2247 novo

215 2284 303 2316 codd.
320 2287 448 2323 praeter
465 2281 494 2312 O
512 2278 631 2320 (nove)
648 2290 654 2308 :
679 2287 787 2308 novae
806 2273 947 2305 Mueller
1093 2277 1130 2305 14
1157 2266 1273 2303 Itaque
1293 2262 1323 2293 O
1340 2273 1347 2292 ε
1371 2261 1417 2292 ita
1429 2266 1454 2300 p
1471 2259 1536 2289 rell.

217 2337 257 2367 23
281 2332 395 2358 vetere
415 2324 508 2365 Oqu
524 2335 529 2353 :
554 2322 659 2354 veteri
678 2322 694 2351 δ
714 2319 803 2359 (Div.
820 2322 834 2355 ξ
849 2318 885 2357 5)
953 2325 993 2352 24
1019 2316 1052 2343 et
1070 2308 1274 2342 clarissimos
1293 2305 1339 2336 cO
1356 2316 1362 2334 :
1388 2315 1452 2334 om.
1473 2301 1538 2332 rell.
