1600 2704
129 101 171 137 31
192 101 231 130 82
541 94 598 131 M.
620 94 789 131 TVLLI
818 93 1124 133 CICERONIS

193 203 300 241 iubet
330 211 449 254 atque
488 203 688 253 imperare.
750 205 842 242 Hoc
881 216 929 241 eo
967 202 1059 241 facit
1094 210 1135 241 ut
1167 202 1232 241 ille
1270 217 1350 242 non
1391 205 1519 243 solum

190 269 345 306 abesset
376 281 399 306 a
430 269 553 306 domo
591 269 687 306 dum
722 267 930 318 navigaret,
963 269 1032 306 sed
1065 267 1183 306 etiam
1223 267 1390 306 libenter
1427 281 1518 306 cum

191 346 333 382 magno
373 334 522 371 honore
562 332 836 382 beneficioque
869 333 1039 380 abesset,
1078 332 1162 382 ipse
1200 339 1333 370 autem
1368 341 1519 370 remoto

169 406 307 446 -atque
341 398 522 446 ablegato
550 396 631 435 viro
667 410 747 434 non
778 396 936 434 liberius
969 410 1087 446 quam
1121 396 1383 446 antea—quis
1414 396 1519 434 enim

115 725 167 761 32

190 474 377 510 umquam
399 461 508 499 istius
530 460 684 499 libidini
705 460 856 499 obstitit
872 462 934 499 ?——
945 462 1015 499 sed
1041 463 1158 511 paulo
1179 461 1365 500 solutiore
1385 461 1519 500 animo

188 533 321 563 tamen
353 538 488 563 secum
521 524 624 562 illam
661 525 834 571 haberet,
867 524 898 563 si
930 538 1010 563 non
1051 532 1252 575 tamquam
1286 525 1410 564 virum
1450 527 1520 564 sed

189 597 390 638 tamquam
410 590 611 627 aemulum
632 589 870 627 removisset.

242 653 398 702 Accipit
418 652 527 691 navis
548 652 744 691 sociorum
765 660 883 703 atque
903 653 1119 692 amicorum
1149 655 1385 693 Cleomenes
1414 656 1521 704 Syra-

187 730 367 755 cusanus.
428 717 537 766 Quid
559 717 727 767 primum
748 725 815 756 aut
834 731 1015 756 accusem
1037 726 1105 757 aut
1124 721 1295 768 querar?
1336 719 1521 758 Siculone

187 782 338 820 homini
373 782 498 832 legati,
540 782 767 831 quaestoris,
809 782 996 832 praetoris
1048 783 1220 833 denique
1271 791 1518 833 potestatem,

187 849 389 893 honorem,
425 845 699 884 auctoritatem
738 846 853 885 dari?
909 846 948 885 Si
983 855 1021 886 te
1054 837 1296 897 impediebat
1327 849 1399 886 ista
1431 862 1522 887 con-

186 911 375 950 viviorum
406 911 693 961 mulierumque
710 910 929 961 occupatio,
953 911 1020 950 ubi
1041 919 1278 961 quaestores,
1301 912 1370 950 ubi
1390 911 1517 963 legati,

186 977 253 1015 ubi
286 976 404 1015 ternis
439 975 609 1015 denariis
642 975 891 1014 aestimatum
922 977 1174 1023 frumentum,
1209 976 1277 1014 ubi
1309 976 1416 1023 muli,
1452 975 1520 1014 ubi

187 1043 448 1088 tabernacula,
484 1041 553 1080 ubi
587 1048 645 1079 tot
679 1048 865 1090 tantaque
900 1048 1131 1079 ornamenta
1164 1037 1454 1090 magistratibus
1481 1049 1519 1079 et

186 1107 321 1157 legatis
359 1120 382 1144 a
420 1113 557 1144 senatu
596 1107 824 1155 populoque
870 1107 1055 1143 Romano
1102 1105 1291 1155 permissa
1337 1114 1376 1144 et
1414 1106 1519 1153 data,

185 1173 358 1222 denique
386 1171 453 1209 ubi
481 1170 678 1221 praefecti,
700 1169 768 1208 ubi
796 1169 940 1208 tribuni
976 1169 1064 1207 tui?
1120 1170 1159 1208 Si
1187 1170 1281 1208 civis
1313 1172 1519 1208 Romanus

185 1236 327 1286 dignus
341 1236 416 1274 isto
433 1235 593 1285 negotio
609 1248 728 1273 nemo
748 1234 831 1281 fuit,
850 1234 945 1283 quid
967 1233 1142 1272 civitates
1164 1248 1265 1284 quae
1286 1234 1326 1272 in
1347 1233 1519 1272 amicitia

186 1302 344 1350 fideque
365 1299 500 1350 populi
523 1299 694 1337 Romani
714 1306 905 1348 perpetuo
926 1301 1182 1337 manserant?
1211 1299 1278 1337 ubi
1295 1301 1516 1348 Segestana,

184 1365 251 1403 ubi
284 1364 543 1414 Centuripina
572 1363 740 1402 civitas?
779 1377 881 1412 quae
915 1377 1005 1401 cum
1037 1363 1173 1401 officiis
1204 1364 1282 1401 fide
1312 1371 1515 1409 vetustate,

184 1439 266 1469 tum
296 1430 413 1468 etiam
442 1428 677 1479 cognatione
696 1427 833 1478 populi
855 1427 1027 1471 Romani
1048 1441 1194 1466 nomen
1215 1427 1420 1477 attingunt.
1481 1428 1518 1465 O

183 1495 225 1534 di
246 1494 484 1533 immortales
505 1496 512 1532 1
541 1493 671 1543 quid?
699 1492 730 1530 si
751 1494 888 1531 harum
909 1492 1079 1542 ipsarum
1101 1491 1302 1530 civitatum
1317 1491 1516 1538 militibus,

185 1559 360 1606 navibus,
391 1558 598 1597 nauarchis
632 1559 897 1608 Syracusanus
928 1558 1164 1597 Cleomenes
1196 1556 1323 1595 iussus
1357 1564 1416 1595 est
1450 1556 1518 1594 im-

184 1638 329 1674 perare,
352 1637 432 1662 non
454 1622 583 1661 omnis
603 1623 731 1660 honos
751 1623 802 1660 ab
824 1622 898 1659 isto
927 1621 1138 1671 dignitatis,
1159 1621 1377 1671 aequitatis,
1400 1621 1518 1660 offici-

183 1702 261 1737 que
282 1689 458 1726 sublatus
478 1689 567 1725 est?
623 1688 791 1735 Ecquod
813 1686 852 1724 in
873 1686 1003 1724 Sicilia
1034 1687 1180 1724 bellum
1208 1686 1399 1735 gessimus
1420 1686 1516 1736 quin

184 1752 451 1802 Centuripinis
472 1751 599 1798 sociis,
622 1750 871 1800 Syracusanis
897 1750 1076 1788 hostibus
1097 1753 1326 1790 uteremur?
1381 1753 1515 1801 Atque

184 1819 280 1855 haec
319 1830 393 1866 ego
430 1817 481 1855 ad
519 1815 750 1854 memoriam
782 1814 994 1861 vetustatis,
1033 1827 1112 1852 non
1147 1815 1198 1853 ad
1233 1814 1514 1852 contumeliam

183 1880 348 1919 civitatis
369 1880 499 1919 referri
519 1882 620 1918 volo.
681 1881 821 1929 Itaque
841 1879 905 1918 ille
926 1879 981 1916 vir
1001 1878 1237 1917 clarissimus
1258 1892 1515 1929 summusque

184 1946 402 1995 imperator,
428 1947 483 1983 M.
509 1946 731 1990 Marcellus,
761 1943 872 1982 cuius
902 1943 1041 1982 virtute
1069 1951 1217 1994 captae,
1249 1943 1514 1983 misericordia

183 2018 435 2048 conservatae
466 2017 555 2047 sunt
583 2010 804 2058 Syracusae,
827 2008 1003 2046 habitare
1024 2008 1063 2046 in
1084 2021 1129 2046 ea
1150 2016 1258 2058 parte
1285 2008 1391 2047 urbis
1412 2022 1513 2058 quae

228 2124 246 2142 2
273 2114 350 2143 dum
372 2112 421 2142 V:
446 2118 515 2143 tum
534 2112 611 2142 dum
629 2110 714 2142 RS:
739 2116 806 2141 tum
825 2121 899 2141 cum
913 2116 948 2151 p,
968 2116 1046 2141 tunc
1065 2121 1139 2141 cum
1157 2112 1174 2140 δ
1310 2123 1329 2150 4
1355 2111 1512 2150 ablegato

189 2157 275 2195 Vpkfi
291 2168 296 2185 :
321 2156 509 2186 abalienato
528 2154 621 2185 ΗΕΨ
769 2164 788 2192 5
813 2154 924 2184 animo
942 2159 1053 2184 tamen
1078 2153 1126 2193 Vp
1143 2165 1149 2183 :
1175 2158 1287 2184 tamen
1306 2154 1418 2184 animo
1434 2154 1468 2184 R
1484 2157 1514 2184 et

182 2201 259 2238 plcr.
384 2201 405 2229 6
428 2204 479 2229 set
497 2198 581 2229 RS:
605 2202 638 2228 at
658 2197 723 2237 Vp&
742 2198 789 2233 (ii,
809 2198 831 2234 i,
852 2200 866 2234 §
885 2200 939 2236 94⁸)
1053 2197 1073 2227 8
1098 2197 1244 2235 Accepit
1267 2196 1296 2225 V
1408 2207 1510 2236 13-15

185 2243 238 2271 ubi
265 2242 369 2271 ternis
387 2266 393 2272 .
414 2265 421 2272 .
444 2266 450 2272 .
468 2247 501 2271 et
525 2242 603 2271 data
629 2241 697 2271 secl.
716 2245 777 2271 aut
799 2240 857 2271 del.
878 2240 1005 2279 Eberlz„
1026 2239 1122 2277 Nolzl,
1144 2239 1302 2270 Sclzmalz
1468 2250 1512 2270 20

186 2295 250 2315 PR.
273 2295 394 2314 nomen
417 2284 505 2323 Vpss:
532 2294 598 2314 P.R.
620 2283 719 2314 RSD
873 2285 914 2312 26
937 2284 1019 2314 haec
1037 2293 1100 2321 ego
1116 2283 1157 2313 ad
1174 2281 1238 2312 RS
1255 2293 1261 2311 :
1286 2293 1349 2322 ego
1367 2282 1508 2313 haec-ad

189 2328 235 2357 V:
262 2328 342 2358 haec
360 2328 470 2357 omnia
487 2328 528 2357 ad
542 2327 588 2366 pk

1544 800 1581 823 10

1542 1120 1579 1151 15

1539 1440 1579 1462 20
