1600 2704
128 141 174 179 61
199 155 254 185 141
562 140 618 176 M.
651 139 819 177 TVLLI
852 139 1158 178 CICERONIS

195 249 362 288 inimicis
402 251 556 289 Romae
601 249 866 300 compositum
906 251 975 288 sed
1016 252 1187 288 Romam
1230 264 1277 288 ex
1324 250 1524 300 provincia

113 332 171 363 142
194 317 454 365 deportatum.
515 314 642 354 Simul
661 314 757 353 illud
774 314 945 364 intellegi
966 322 1095 364 potest
1116 314 1225 353 istius
1246 314 1285 352 in
1301 314 1520 365 Apronium

193 378 380 425 studium,
403 379 555 429 Aproni
577 380 628 417 de
658 378 732 417 isto
758 392 838 417 non
865 380 987 417 modo
1011 378 1209 417 confessio
1242 392 1375 417 verum
1404 379 1521 417 etiam

192 443 528 482 commemoratio.
590 444 744 481 Eodem
783 443 936 481 accedit
971 444 1080 492 quod
1112 444 1188 481 hoc
1220 456 1379 493 quoque
1413 443 1522 482 intel·

192 511 318 558 legere
338 508 514 558 potestis,
531 507 648 546 istum
666 507 845 546 statuisse
861 507 901 545 in
915 507 1115 557 provincia
1135 521 1205 546 sua
1225 508 1521 547 existimationis

192 586 284 611 suae
311 572 502 611 iudicium
532 579 637 610 extra
667 573 870 611 cohortem
901 585 1012 610 suam
1039 572 1369 611 committendum
1403 573 1521 612 fuisse

191 636 350 675 nemini.

117 703 171 738 62
247 701 393 751 Ecquis
431 708 490 739 est
524 700 641 739 iudex
673 700 734 738 cui
768 714 847 739 non
879 701 929 739 ab
961 700 1072 740 initio
1106 702 1315 740 decumani
1348 702 1520 741 criminis

192 778 419 815 persuasum
441 765 489 803 sit
510 765 627 803 istum
649 765 689 802 in
708 772 905 803 aratorum
927 766 1032 804 bona
1053 766 1307 815 fortunasque
1328 766 1520 817 impetum

190 829 358 868 fecisse?
426 829 527 878 Quis
549 831 625 867 hoc
646 842 727 868 non
748 843 795 867 ex
815 843 864 868 eo
884 829 1014 867 statim
1036 829 1232 876 iudicavit,
1257 832 1365 880 quod
1393 838 1519 869 osten-

189 895 228 933 <li
250 895 367 933 istum
398 895 586 933 decumas
616 908 719 932 nova
745 895 829 944 lege
858 902 977 944 atque
1007 895 1107 932 adeo
1138 896 1244 932 nulla
1271 896 1355 945 lege
1384 903 1520 934 contra

111 971 169 1002 ¹43
190 959 368 999 omnium
390 959 720 998 consuetudinem
741 966 859 1008 atque
880 958 1057 997 instituta
1069 959 1323 998 vendidisse?
1371 962 1517 998 Verum

190 1033 231 1063 ut
263 1024 357 1063 istos
391 1037 465 1074 ego
494 1023 644 1062 iudices
673 1031 753 1061 tam
789 1036 954 1070 severos,
985 1031 1065 1061 tam
1092 1023 1300 1074 diligentis,
1331 1031 1411 1062 tam
1437 1024 1520 1062 reli—

188 1090 319 1141 giosos
346 1102 426 1127 non
447 1089 626 1135 habeam,
650 1088 784 1138 ecquis
815 1096 872 1127 est
902 1102 948 1127 ex
978 1088 1204 1127 iniuriarum
1235 1089 1515 1139 magnitudine,

190 1154 442 1204 improbitate
473 1156 733 1199 decretorum,
758 1153 994 1192 iudiciorum
1016 1154 1222 1204 iniquitate
1243 1154 1310 1204 qui
1330 1156 1406 1193 hoc
1436 1167 1517 1192 non

189 1220 266 1258 iam
291 1221 443 1258 dudum
471 1218 647 1257 statuerit
675 1226 712 1256 et
745 1218 954 1257 iudicarit?
1012 1219 1141 1256 Etiam
1177 1233 1271 1257 sane
1302 1219 1350 1257 sit
1377 1219 1517 1269 aliquis

189 1284 416 1323 dissolutior
444 1284 484 1321 in
518 1283 741 1329 iudicando,
769 1285 899 1333 legum
920 1283 1023 1321 offici
1044 1284 1096 1322 rei
1118 1284 1299 1333 publicae
1320 1283 1516 1322 sociorum

187 1358 305 1399 atque
336 1348 551 1387 amicorum
583 1348 872 1398 neglegentior:
903 1348 1028 1398 quid?
1062 1348 1092 1386 is
1122 1348 1297 1399 possitne
1327 1350 1377 1387 de
1407 1348 1517 1386 istius

189 1414 439 1464 improbitate
471 1413 661 1460 dubitare,
695 1427 784 1451 cum
817 1421 925 1451 tanta
963 1415 1068 1451 lucra
1102 1415 1214 1461 facta,
1252 1422 1330 1452 tam
1363 1413 1516 1463 iniquas

187 1479 390 1529 pactiones
436 1479 473 1516 vi
519 1487 556 1517 et
604 1486 712 1517 metu
751 1492 950 1528 expressas
996 1479 1235 1528 cognoverit,
1278 1492 1369 1516 cum
1408 1485 1517 1517 tanta

187 1544 360 1594 praemia
397 1543 573 1582 civitates
607 1543 643 1581 vi
681 1550 800 1593 atque
839 1543 1014 1593 imperio,
1056 1543 1248 1593 virgarum
1295 1556 1342 1581 ac
1381 1542 1515 1581 mortis

188 1617 305 1655 metu,
330 1622 411 1648 non
441 1610 563 1647 modo
588 1607 765 1658 Apronio
785 1615 904 1658 atque
925 1608 1007 1646 eius
1028 1607 1221 1646 similibus
1241 1621 1376 1646 verum
1398 1607 1514 1646 etiam

108 1687 165 1719 144
189 1674 365 1712 Veneriis
400 1673 518 1712 servis
551 1675 644 1712 dare
682 1675 867 1711 coactas?
924 1673 1079 1722 Quodsi
1114 1673 1201 1723 quis
1235 1672 1431 1711 sociorum
1461 1672 1514 1710 in-

186 1738 408 1777 commodis
440 1738 569 1776 minus
604 1737 978 1785 commovetur‚—si
1013 1751 1132 1787 quem
1176 1745 1372 1776 aratorum
1400 1738 1513 1787 fugae

186 1802 426 1841 calamitates
448 1803 580 1841 exsilia
601 1802 813 1853 suspendia
833 1802 1006 1852 denique
1028 1816 1108 1841 non
1129 1810 1512 1852 pernioverit,*-1]on

186 1880 347 1916 possum
386 1867 566 1906 dubitare
605 1868 700 1917 quin
740 1867 771 1905 is
802 1874 945 1914 tamen,
979 1881 1069 1905 cum
1106 1875 1294 1906 vastatam
1327 1866 1510 1915 Siciliam,

185 1932 339 1971 relictos
370 1945 482 1982 agros
509 1946 555 1970 ex
581 1932 782 1970 civitatum
810 1932 944 1970 litteris
971 1940 1010 1971 et
1034 1946 1080 1970 ex
1106 1933 1273 1983 epistula
1293 1934 1335 1970 L.
1361 1931 1513 1971 Metelli

184 1996 421 2046 cognoverit,
445 2004 587 2034 statuat
605 1997 686 2035 fieri
707 2010 787 2035 non
809 2010 924 2047 posse
945 2005 987 2035 ut
1006 1998 1057 2036 de
1074 1997 1148 2035 isto
1169 2011 1249 2035 non
1270 1996 1512 2035 severissime

186 2061 387 2100 iudicetur.
449 2061 531 2100 Erit
561 2062 678 2100 etiam
708 2061 849 2111 aliquis
881 2062 947 2111 qui
980 2063 1077 2100 haec
1104 2062 1238 2100 omnia
1266 2061 1511 2100 dissimulare

184 2139 229 2163 ac
250 2128 454 2176 neglegere
469 2126 621 2177 possit?
667 2126 793 2164 Attuli
814 2126 1046 2176 sponsiones
1063 2127 1149 2177 ipso
1170 2134 1374 2177 praesente
1389 2128 1509 2164 saetas
1529 2116 1586 2190 3⁰l

233 2239 245 2258 1
273 2239 316 2260 ex
337 2229 418 2261 VO:
445 2231 524 2270 dep
541 2229 608 2260 rell.
751 2239 770 2258 2
794 2230 1005 2268 deportatum
1028 2230 1092 2260 Vc:
1115 2231 1247 2269 adport.
1268 2230 1298 2260 O
1315 2241 1322 2260 ι
1340 2233 1470 2268 export.
1488 2233 1510 2269 p

186 2272 250 2302 rcll.
362 2283 401 2302 10
425 2273 582 2304 iudicavit
604 2272 684 2303 VO:
712 2272 808 2312 -bitp
825 2273 892 2303 rell.
1003 2283 1040 2312 14
1066 2274 1204 2303 habeam
1227 2274 1325 2303 VcO:
1349 2273 1508 2303 haberem

181 2320 204 2354 p
222 2315 287 2346 rell.
405 2318 443 2345 16
466 2326 504 2346 ac
520 2317 549 2346 O
570 2318 602 2355 (ξ
622 2316 678 2356 2ο)
769 2316 871 2354 aliqui
891 2316 923 2346 V
1040 2327 1078 2355 19
1102 2326 1175 2347 cum
1199 2316 1259 2346 VO
1276 2328 1281 2346 :
1307 2317 1422 2356 dump
1439 2314 1503 2345 rell.

185 2368 226 2388 20
251 2368 325 2388 cum
345 2358 374 2388 O
391 2369 398 2388 ε
422 2364 490 2389 tum
504 2365 528 2398 p
547 2359 612 2390 rell.
632 2371 638 2389 :
663 2370 729 2390 om.
755 2359 785 2388 V
937 2369 975 2389 21
1002 2364 1104 2399 atque
1127 2358 1208 2399 VOp
1226 2371 1231 2389 :
1257 2364 1289 2390 et
1307 2359 1350 2390 al.
1369 2358 1503 2389 Jordan.

185 2411 224 2440 23
249 2401 305 2439 qui
328 2401 354 2430 V
457 2412 496 2439 27
523 2413 565 2432 ex
583 2403 678 2441 epist.
702 2403 732 2432 O
750 2413 756 2432 :
782 2401 961 2443 epistulap
982 2402 1048 2433 rell.
1157 2413 1199 2441 29
1223 2403 1340 2442 aliquis
1359 2402 1456 2432 etiam
1477 2400 1507 2431 O

1542 522 1560 555 5

1543 847 1580 869 10

1541 1168 1576 1201 15

1537 1493 1576 1516 20
