<?xml version="1.0" encoding="UTF-8"?>
<!DOCTYPE html PUBLIC "-//W3C//DTD XHTML 1.0 Transitional//EN"
    "http://www.w3.org/TR/xhtml1/DTD/xhtml1-transitional.dtd">
<html xmlns="http://www.w3.org/1999/xhtml" xml:lang="en" lang="en">
 <head>
  <title>
</title>
<meta http-equiv="Content-Type" content="text/html;charset=utf-8" />
  <meta name='ocr-system' content='tesseract 3.04.00' />
  <meta name='ocr-capabilities' content='ocr_page ocr_carea ocr_par ocr_line ocrx_word'/>
</head>
<body>
  <div class='ocr_page' id='page_1' title='image "./orationesrecogno02ciceuoft/orationesrecogno02ciceuoft_0380.png"; bbox 0 0 1600 2704; ppageno 0'>
   <div class='ocr_carea' id='block_1_1' title="bbox 144 149 188 177">
    <p class='ocr_par' dir='ltr' id='par_1_1' title="bbox 144 149 188 177">
     <span class='ocr_line' id='line_1_1' title="bbox 144 149 188 177; baseline 0.023 -1"><span class='ocrx_word' id='word_1_1' title='bbox 144 149 188 177; x_wconf 88' lang='lat'>12</span> 
     </span>
    </p>
   </div>
   <div class='ocr_carea' id='block_1_2' title="bbox 145 752 187 842">
    <p class='ocr_par' dir='ltr' id='par_1_2' title="bbox 145 752 187 842">
     <span class='ocr_line' id='line_1_2' title="bbox 145 752 187 788; baseline 0 0"><span class='ocrx_word' id='word_1_2' title='bbox 145 752 187 788; x_wconf 84' lang='lat'>13</span> 
     </span>
     <span class='ocr_line' id='line_1_3' title="bbox 146 810 187 842; baseline 0 -11"><span class='ocrx_word' id='word_1_3' title='bbox 146 810 187 842; x_wconf 78' lang='lat'>30</span> 
     </span>
    </p>
   </div>
   <div class='ocr_carea' id='block_1_3' title="bbox 144 1562 183 1593">
    <p class='ocr_par' dir='ltr' id='par_1_3' title="bbox 144 1562 183 1593">
     <span class='ocr_line' id='line_1_4' title="bbox 144 1562 183 1593; baseline 0 -11"><span class='ocrx_word' id='word_1_4' title='bbox 144 1562 183 1593; x_wconf 78' lang='grc'>31</span> 
     </span>
    </p>
   </div>
   <div class='ocr_carea' id='block_1_4' title="bbox 210 138 1164 187">
    <p class='ocr_par' dir='ltr' id='par_1_4' title="bbox 210 138 1164 187">
     <span class='ocr_line' id='line_1_5' title="bbox 210 138 1164 187; baseline 0 -10"><span class='ocrx_word' id='word_1_5' title='bbox 210 155 249 187; x_wconf 84' lang='lat'>29</span> <span class='ocrx_word' id='word_1_6' title='bbox 570 140 626 177; x_wconf 92' lang='lat' dir='ltr'>M.</span> <span class='ocrx_word' id='word_1_7' title='bbox 657 139 826 178; x_wconf 93' lang='lat' dir='ltr'><strong>TVLLI</strong></span> <span class='ocrx_word' id='word_1_8' title='bbox 858 138 1164 179; x_wconf 89' lang='lat' dir='ltr'>CICERONIS</span> 
     </span>
    </p>
   </div>
   <div class='ocr_carea' id='block_1_5' title="bbox 198 247 1600 2318">
    <p class='ocr_par' dir='ltr' id='par_1_5' title="bbox 207 247 1577 752">
     <span class='ocr_line' id='line_1_6' title="bbox 208 247 1537 298; baseline 0 -11"><span class='ocrx_word' id='word_1_9' title='bbox 208 250 377 287; x_wconf 91' lang='lat' dir='ltr'>futuram</span> <span class='ocrx_word' id='word_1_10' title='bbox 399 263 405 287; x_wconf 91' lang='lat'>:</span> <span class='ocrx_word' id='word_1_11' title='bbox 436 261 517 287; x_wconf 92' lang='lat' dir='ltr'>non</span> <span class='ocrx_word' id='word_1_12' title='bbox 538 247 755 288; x_wconf 86' lang='lat' dir='ltr'>reddidisti.</span> <span class='ocrx_word' id='word_1_13' title='bbox 816 248 924 286; x_wconf 84' lang='lat' dir='ltr'>Dixit</span> <span class='ocrx_word' id='word_1_14' title='bbox 954 248 1194 298; x_wconf 82' lang='lat' dir='ltr'>Phylarchus</span> <span class='ocrx_word' id='word_1_15' title='bbox 1220 260 1290 298; x_wconf 93' lang='lat' dir='ltr'>pro</span> <span class='ocrx_word' id='word_1_16' title='bbox 1310 247 1537 287; x_wconf 89' lang='lat' dir='ltr'>testimonio</span> 
     </span>
     <span class='ocr_line' id='line_1_7' title="bbox 208 311 1533 364; baseline -0.002 -11"><span class='ocrx_word' id='word_1_17' title='bbox 208 328 260 361; x_wconf 89' lang='lat' dir='ltr'>se,</span> <span class='ocrx_word' id='word_1_18' title='bbox 284 315 392 364; x_wconf 87' lang='lat' dir='ltr'>quod</span> <span class='ocrx_word' id='word_1_19' title='bbox 414 320 547 352; x_wconf 87' lang='lat' dir='ltr'>nosset</span> <span class='ocrx_word' id='word_1_20' title='bbox 567 321 678 352; x_wconf 89' lang='lat' dir='ltr'>tuum</span> <span class='ocrx_word' id='word_1_21' title='bbox 699 312 817 352; x_wconf 89' lang='lat' dir='ltr'>istum</span> <span class='ocrx_word' id='word_1_22' title='bbox 834 313 1028 359; x_wconf 87' lang='lat' dir='ltr'><strong>morbum,</strong></span> <span class='ocrx_word' id='word_1_23' title='bbox 1050 319 1093 350; x_wconf 89' lang='lat' dir='ltr'>ut</span> <span class='ocrx_word' id='word_1_24' title='bbox 1112 311 1229 351; x_wconf 89' lang='lat' dir='ltr'>amici</span> <span class='ocrx_word' id='word_1_25' title='bbox 1249 312 1304 351; x_wconf 92' lang='lat' dir='ltr'>tui</span> <span class='ocrx_word' id='word_1_26' title='bbox 1324 314 1533 363; x_wconf 89' lang='lat' dir='ltr'>appellant,</span> 
     </span>
     <span class='ocr_line' id='line_1_8' title="bbox 208 377 1532 429; baseline -0.002 -12"><span class='ocrx_word' id='word_1_27' title='bbox 208 379 363 429; x_wconf 83' lang='lat' dir='ltr'>cupisse</span> <span class='ocrx_word' id='word_1_28' title='bbox 393 387 431 417; x_wconf 88' lang='lat' dir='ltr'>te</span> <span class='ocrx_word' id='word_1_29' title='bbox 461 380 586 417; x_wconf 90' lang='lat' dir='ltr'>celare</span> <span class='ocrx_word' id='word_1_30' title='bbox 616 379 667 417; x_wconf 90' lang='lat' dir='ltr'>de</span> <span class='ocrx_word' id='word_1_31' title='bbox 697 377 891 428; x_wconf 85' lang='lat' dir='ltr'>phaleris;</span> <span class='ocrx_word' id='word_1_32' title='bbox 919 390 1010 416; x_wconf 90' lang='lat' dir='ltr'>cum</span> <span class='ocrx_word' id='word_1_33' title='bbox 1034 377 1104 415; x_wconf 89' lang='lat' dir='ltr'>abs</span> <span class='ocrx_word' id='word_1_34' title='bbox 1126 384 1163 415; x_wconf 88' lang='lat' dir='ltr'>te</span> <span class='ocrx_word' id='word_1_35' title='bbox 1183 378 1401 427; x_wconf 89' lang='lat' dir='ltr'>appellatus</span> <span class='ocrx_word' id='word_1_36' title='bbox 1422 385 1532 425; x_wconf 83' lang='lat' dir='ltr'>esset,</span> 
     </span>
     <span class='ocr_line' id='line_1_9' title="bbox 208 441 1536 495; baseline -0.002 -13"><span class='ocrx_word' id='word_1_37' title='bbox 208 457 370 495; x_wconf 82' lang='lat' dir='ltr'>negasse</span> <span class='ocrx_word' id='word_1_38' title='bbox 392 444 537 482; x_wconf 90' lang='lat' dir='ltr'>habere</span> <span class='ocrx_word' id='word_1_39' title='bbox 559 456 643 482; x_wconf 91' lang='lat' dir='ltr'>sese</span> <span class='ocrx_word' id='word_1_40' title='bbox 660 457 668 489; x_wconf 89' lang='lat'>;</span> <span class='ocrx_word' id='word_1_41' title='bbox 697 443 804 492; x_wconf 92' lang='lat' dir='ltr'>apud</span> <span class='ocrx_word' id='word_1_42' title='bbox 819 442 939 480; x_wconf 92' lang='lat' dir='ltr'>alium</span> <span class='ocrx_word' id='word_1_43' title='bbox 956 455 1116 492; x_wconf 86' lang='lat' dir='ltr'>quoque</span> <span class='ocrx_word' id='word_1_44' title='bbox 1132 454 1197 480; x_wconf 88' lang='lat' dir='ltr'>eas</span> <span class='ocrx_word' id='word_1_45' title='bbox 1213 441 1398 480; x_wconf 89' lang='lat' dir='ltr'>habuisse</span> <span class='ocrx_word' id='word_1_46' title='bbox 1418 443 1536 492; x_wconf 86' lang='lat' dir='ltr'>depo-</span> 
     </span>
     <span class='ocr_line' id='line_1_10' title="bbox 207 506 1577 558; baseline -0.002 -11"><span class='ocrx_word' id='word_1_47' title='bbox 207 509 310 556; x_wconf 89' lang='lat' dir='ltr'>sitas,</span> <span class='ocrx_word' id='word_1_48' title='bbox 335 522 384 547; x_wconf 90' lang='lat' dir='ltr'>ne</span> <span class='ocrx_word' id='word_1_49' title='bbox 404 521 482 558; x_wconf 87' lang='lat' dir='ltr'>qua</span> <span class='ocrx_word' id='word_1_50' title='bbox 502 507 768 546; x_wconf 80' lang='lat' dir='ltr'>invenirentur</span> <span class='ocrx_word' id='word_1_51' title='bbox 783 521 792 553; x_wconf 87' lang='lat'>;</span> <span class='ocrx_word' id='word_1_52' title='bbox 821 514 929 545; x_wconf 90' lang='lat' dir='ltr'>tuam</span> <span class='ocrx_word' id='word_1_53' title='bbox 959 513 1108 545; x_wconf 81' lang='lat' dir='ltr'>tantam</span> <span class='ocrx_word' id='word_1_54' title='bbox 1139 506 1257 545; x_wconf 89' lang='lat' dir='ltr'>fuisse</span> <span class='ocrx_word' id='word_1_55' title='bbox 1285 506 1535 556; x_wconf 82' lang='lat' dir='ltr'>sagacitatem</span> <span class='ocrx_word' id='word_1_56' title='bbox 1557 519 1577 550; x_wconf 84' lang='lat'>5</span> 
     </span>
     <span class='ocr_line' id='line_1_11' title="bbox 207 571 1534 623; baseline -0.003 -11"><span class='ocrx_word' id='word_1_57' title='bbox 207 580 248 612; x_wconf 92' lang='lat' dir='ltr'>ut</span> <span class='ocrx_word' id='word_1_58' title='bbox 269 586 334 612; x_wconf 90' lang='lat' dir='ltr'>eas</span> <span class='ocrx_word' id='word_1_59' title='bbox 355 586 423 623; x_wconf 89' lang='lat' dir='ltr'>per</span> <span class='ocrx_word' id='word_1_60' title='bbox 444 573 553 611; x_wconf 90' lang='lat' dir='ltr'>illum</span> <span class='ocrx_word' id='word_1_61' title='bbox 575 572 704 622; x_wconf 92' lang='lat' dir='ltr'>ipsum</span> <span class='ocrx_word' id='word_1_62' title='bbox 726 571 951 622; x_wconf 84' lang='lat' dir='ltr'>inspiceres,</span> <span class='ocrx_word' id='word_1_63' title='bbox 974 571 1042 609; x_wconf 90' lang='lat' dir='ltr'>ubi</span> <span class='ocrx_word' id='word_1_64' title='bbox 1063 578 1172 610; x_wconf 90' lang='lat' dir='ltr'>erant</span> <span class='ocrx_word' id='word_1_65' title='bbox 1193 571 1395 621; x_wconf 87' lang='lat' dir='ltr'>depositae</span> <span class='ocrx_word' id='word_1_66' title='bbox 1411 585 1421 618; x_wconf 66' lang='grc' dir='ltr'><strong><em>ς</em></strong></span> <span class='ocrx_word' id='word_1_67' title='bbox 1451 578 1534 608; x_wconf 93' lang='lat' dir='ltr'>tum</span> 
     </span>
     <span class='ocr_line' id='line_1_12' title="bbox 207 635 1537 688; baseline -0.003 -11"><span class='ocrx_word' id='word_1_68' title='bbox 207 651 248 677; x_wconf 90' lang='lat' dir='ltr'>se</span> <span class='ocrx_word' id='word_1_69' title='bbox 269 639 508 688; x_wconf 86' lang='lat' dir='ltr'>deprensum</span> <span class='ocrx_word' id='word_1_70' title='bbox 530 650 671 687; x_wconf 88' lang='lat' dir='ltr'>negare</span> <span class='ocrx_word' id='word_1_71' title='bbox 693 650 773 675; x_wconf 90' lang='lat' dir='ltr'>non</span> <span class='ocrx_word' id='word_1_72' title='bbox 795 636 969 686; x_wconf 88' lang='lat' dir='ltr'>potuisse</span> <span class='ocrx_word' id='word_1_73' title='bbox 984 650 994 683; x_wconf 77' lang='lat'><em>3</em></span> <span class='ocrx_word' id='word_1_74' title='bbox 1022 635 1076 674; x_wconf 91' lang='lat' dir='ltr'>ita</span> <span class='ocrx_word' id='word_1_75' title='bbox 1095 636 1145 675; x_wconf 85' lang='lat' dir='ltr'>ab</span> <span class='ocrx_word' id='word_1_76' title='bbox 1162 649 1202 675; x_wconf 90' lang='lat' dir='ltr'>se</span> <span class='ocrx_word' id='word_1_77' title='bbox 1219 636 1341 674; x_wconf 91' lang='lat' dir='ltr'>invito</span> <span class='ocrx_word' id='word_1_78' title='bbox 1357 636 1537 686; x_wconf 83' lang='lat' dir='ltr'>phaleras</span> 
     </span>
     <span class='ocr_line' id='line_1_13' title="bbox 207 701 541 752; baseline -0.003 -12"><span class='ocrx_word' id='word_1_79' title='bbox 207 703 379 741; x_wconf 89' lang='lat' dir='ltr'>sublatas</span> <span class='ocrx_word' id='word_1_80' title='bbox 400 701 541 752; x_wconf 89' lang='lat' dir='ltr'>gratiis.</span> 
     </span>
    </p>

    <p class='ocr_par' dir='ltr' id='par_1_6' title="bbox 201 764 1600 2066">
     <span class='ocr_line' id='line_1_14' title="bbox 263 764 1533 816; baseline -0.002 -11"><span class='ocrx_word' id='word_1_81' title='bbox 263 767 359 813; x_wconf 92' lang='lat' dir='ltr'>Iam,</span> <span class='ocrx_word' id='word_1_82' title='bbox 394 773 436 804; x_wconf 91' lang='lat' dir='ltr'>ut</span> <span class='ocrx_word' id='word_1_83' title='bbox 474 767 571 805; x_wconf 89' lang='lat' dir='ltr'>haec</span> <span class='ocrx_word' id='word_1_84' title='bbox 601 765 735 804; x_wconf 92' lang='lat' dir='ltr'>omnia</span> <span class='ocrx_word' id='word_1_85' title='bbox 768 765 934 816; x_wconf 91' lang='lat' dir='ltr'>reperire</span> <span class='ocrx_word' id='word_1_86' title='bbox 964 777 1009 803; x_wconf 91' lang='lat' dir='ltr'>ac</span> <span class='ocrx_word' id='word_1_87' title='bbox 1040 765 1270 815; x_wconf 88' lang='lat' dir='ltr'>perscrutari</span> <span class='ocrx_word' id='word_1_88' title='bbox 1306 764 1442 803; x_wconf 86' lang='lat' dir='ltr'>solitus</span> <span class='ocrx_word' id='word_1_89' title='bbox 1474 764 1533 811; x_wconf 85' lang='lat' dir='ltr'>sit,</span> 
     </span>
     <span class='ocr_line' id='line_1_15' title="bbox 205 829 1596 881; baseline -0.001 -11"><span class='ocrx_word' id='word_1_90' title='bbox 205 830 367 878; x_wconf 90' lang='lat' dir='ltr'>iudices,</span> <span class='ocrx_word' id='word_1_91' title='bbox 399 838 458 870; x_wconf 89' lang='lat' dir='ltr'>est</span> <span class='ocrx_word' id='word_1_92' title='bbox 492 843 634 881; x_wconf 88' lang='lat' dir='ltr'>operae</span> <span class='ocrx_word' id='word_1_93' title='bbox 665 829 833 880; x_wconf 89' lang='lat' dir='ltr'>pretium</span> <span class='ocrx_word' id='word_1_94' title='bbox 872 843 1120 881; x_wconf 83' lang='lat' dir='ltr'>cognoscere.</span> <span class='ocrx_word' id='word_1_95' title='bbox 1198 829 1406 879; x_wconf 87' lang='lat' dir='ltr'>Cibyratae</span> <span class='ocrx_word' id='word_1_96' title='bbox 1445 838 1535 868; x_wconf 88' lang='lat' dir='ltr'>sunt</span> <span class='ocrx_word' id='word_1_97' title='bbox 1558 842 1596 863; x_wconf 93' lang='lat'>10</span> 
     </span>
     <span class='ocr_line' id='line_1_16' title="bbox 203 894 1534 946; baseline 0 -12"><span class='ocrx_word' id='word_1_98' title='bbox 203 897 338 935; x_wconf 87' lang='lat' dir='ltr'>fratres</span> <span class='ocrx_word' id='word_1_99' title='bbox 381 895 555 946; x_wconf 89' lang='lat' dir='ltr'>quidam,</span> <span class='ocrx_word' id='word_1_100' title='bbox 596 896 851 945; x_wconf 86' lang='lat' dir='ltr'>Tlepolemus</span> <span class='ocrx_word' id='word_1_101' title='bbox 890 902 928 934; x_wconf 90' lang='lat' dir='ltr'>et</span> <span class='ocrx_word' id='word_1_102' title='bbox 969 894 1106 942; x_wconf 90' lang='lat' dir='ltr'>Hiero,</span> <span class='ocrx_word' id='word_1_103' title='bbox 1155 907 1323 944; x_wconf 89' lang='lat' dir='ltr'>quorum</span> <span class='ocrx_word' id='word_1_104' title='bbox 1370 896 1534 934; x_wconf 87' lang='lat' dir='ltr'>alterurn</span> 
     </span>
     <span class='ocr_line' id='line_1_17' title="bbox 204 960 1531 1012; baseline -0.001 -12"><span class='ocrx_word' id='word_1_105' title='bbox 204 962 350 1012; x_wconf 89' lang='lat' dir='ltr'>fingere</span> <span class='ocrx_word' id='word_1_106' title='bbox 384 960 525 1012; x_wconf 91' lang='lat' dir='ltr'>opinor</span> <span class='ocrx_word' id='word_1_107' title='bbox 548 974 569 999; x_wconf 88' lang='lat' dir='ltr'>e</span> <span class='ocrx_word' id='word_1_108' title='bbox 599 973 687 999; x_wconf 92' lang='lat' dir='ltr'>cera</span> <span class='ocrx_word' id='word_1_109' title='bbox 720 960 879 998; x_wconf 90' lang='lat' dir='ltr'>solitum</span> <span class='ocrx_word' id='word_1_110' title='bbox 909 973 1005 1007; x_wconf 88' lang='lat' dir='ltr'>esse,</span> <span class='ocrx_word' id='word_1_111' title='bbox 1027 962 1192 999; x_wconf 89' lang='lat' dir='ltr'>alterum</span> <span class='ocrx_word' id='word_1_112' title='bbox 1217 974 1302 1000; x_wconf 84' lang='lat' dir='ltr'>esse</span> <span class='ocrx_word' id='word_1_113' title='bbox 1331 961 1531 1012; x_wconf 89' lang='lat' dir='ltr'>pictorem.</span> 
     </span>
     <span class='ocr_line' id='line_1_18' title="bbox 206 1024 1534 1076; baseline -0.001 -11"><span class='ocrx_word' id='word_1_114' title='bbox 206 1028 343 1065; x_wconf 92' lang='lat' dir='ltr'>Hosce</span> <span class='ocrx_word' id='word_1_115' title='bbox 364 1025 517 1076; x_wconf 90' lang='lat' dir='ltr'>opinor,</span> <span class='ocrx_word' id='word_1_116' title='bbox 540 1025 709 1075; x_wconf 89' lang='lat' dir='ltr'>Cibyrae</span> <span class='ocrx_word' id='word_1_117' title='bbox 739 1038 830 1064; x_wconf 91' lang='lat' dir='ltr'>cum</span> <span class='ocrx_word' id='word_1_118' title='bbox 861 1024 900 1063; x_wconf 96' lang='lat' dir='ltr'>in</span> <span class='ocrx_word' id='word_1_119' title='bbox 931 1025 1197 1076; x_wconf 90' lang='lat' dir='ltr'>suspicionem</span> <span class='ocrx_word' id='word_1_120' title='bbox 1228 1025 1425 1064; x_wconf 88' lang='lat' dir='ltr'>venissent</span> <span class='ocrx_word' id='word_1_121' title='bbox 1456 1026 1534 1064; x_wconf 85' lang='lat' dir='ltr'>suis</span> 
     </span>
     <span class='ocr_line' id='line_1_19' title="bbox 204 1089 1535 1140; baseline 0 -11"><span class='ocrx_word' id='word_1_122' title='bbox 204 1090 354 1129; x_wconf 88' lang='lat' dir='ltr'>civibus</span> <span class='ocrx_word' id='word_1_123' title='bbox 381 1092 516 1130; x_wconf 89' lang='lat' dir='ltr'>fanum</span> <span class='ocrx_word' id='word_1_124' title='bbox 538 1090 728 1140; x_wconf 83' lang='lat' dir='ltr'>expilasse</span> <span class='ocrx_word' id='word_1_125' title='bbox 749 1089 956 1140; x_wconf 89' lang='lat' dir='ltr'>Apollinis,</span> <span class='ocrx_word' id='word_1_126' title='bbox 978 1089 1119 1129; x_wconf 90' lang='lat' dir='ltr'>veritos</span> <span class='ocrx_word' id='word_1_127' title='bbox 1141 1103 1310 1140; x_wconf 90' lang='lat' dir='ltr'>poenam</span> <span class='ocrx_word' id='word_1_128' title='bbox 1341 1091 1461 1130; x_wconf 91' lang='lat' dir='ltr'>iudici</span> <span class='ocrx_word' id='word_1_129' title='bbox 1489 1103 1535 1129; x_wconf 89' lang='lat' dir='ltr'>ac</span> 
     </span>
     <span class='ocr_line' id='line_1_20' title="bbox 203 1155 1596 1206; baseline -0.001 -13"><span class='ocrx_word' id='word_1_130' title='bbox 203 1155 298 1206; x_wconf 87' lang='lat' dir='ltr'>legis</span> <span class='ocrx_word' id='word_1_131' title='bbox 324 1157 447 1195; x_wconf 92' lang='lat' dir='ltr'>domo</span> <span class='ocrx_word' id='word_1_132' title='bbox 467 1155 695 1206; x_wconf 85' lang='lat' dir='ltr'>profugisse.</span> <span class='ocrx_word' id='word_1_133' title='bbox 755 1155 876 1204; x_wconf 85' lang='lat' dir='ltr'>Quod</span> <span class='ocrx_word' id='word_1_134' title='bbox 898 1156 1060 1193; x_wconf 88' lang='lat' dir='ltr'>Verrem</span> <span class='ocrx_word' id='word_1_135' title='bbox 1087 1155 1224 1193; x_wconf 89' lang='lat' dir='ltr'>artifici</span> <span class='ocrx_word' id='word_1_136' title='bbox 1254 1156 1313 1194; x_wconf 89' lang='lat' dir='ltr'>sui</span> <span class='ocrx_word' id='word_1_137' title='bbox 1344 1155 1533 1206; x_wconf 90' lang='lat' dir='ltr'>cupidum</span> <span class='ocrx_word' id='word_1_138' title='bbox 1559 1167 1596 1200; x_wconf 84' lang='lat'>15</span> 
     </span>
     <span class='ocr_line' id='line_1_21' title="bbox 203 1219 1534 1271; baseline 0 -12"><span class='ocrx_word' id='word_1_139' title='bbox 203 1228 469 1271; x_wconf 86' lang='lat' dir='ltr'>cognoverant</span> <span class='ocrx_word' id='word_1_140' title='bbox 504 1228 599 1267; x_wconf 90' lang='lat' dir='ltr'>tum,</span> <span class='ocrx_word' id='word_1_141' title='bbox 623 1233 714 1259; x_wconf 91' lang='lat' dir='ltr'>cum</span> <span class='ocrx_word' id='word_1_142' title='bbox 743 1219 829 1268; x_wconf 89' lang='lat' dir='ltr'>iste,</span> <span class='ocrx_word' id='word_1_143' title='bbox 858 1219 898 1258; x_wconf 92' lang='lat' dir='ltr'>id</span> <span class='ocrx_word' id='word_1_144' title='bbox 927 1221 1036 1269; x_wconf 91' lang='lat' dir='ltr'>quod</span> <span class='ocrx_word' id='word_1_145' title='bbox 1071 1233 1117 1258; x_wconf 84' lang='lat' dir='ltr'>ex</span> <span class='ocrx_word' id='word_1_146' title='bbox 1141 1220 1305 1259; x_wconf 88' lang='lat' dir='ltr'>testibus</span> <span class='ocrx_word' id='word_1_147' title='bbox 1330 1220 1534 1268; x_wconf 85' lang='lat' dir='ltr'>didicistis,</span> 
     </span>
     <span class='ocr_line' id='line_1_22' title="bbox 205 1283 1534 1336; baseline -0.001 -12"><span class='ocrx_word' id='word_1_148' title='bbox 205 1284 390 1335; x_wconf 89' lang='lat' dir='ltr'>Cibyram</span> <span class='ocrx_word' id='word_1_149' title='bbox 421 1298 512 1324; x_wconf 93' lang='lat' dir='ltr'>cum</span> <span class='ocrx_word' id='word_1_150' title='bbox 542 1285 724 1323; x_wconf 88' lang='lat' dir='ltr'>inanibus</span> <span class='ocrx_word' id='word_1_151' title='bbox 750 1283 978 1335; x_wconf 86' lang='lat' dir='ltr'>syngraphis</span> <span class='ocrx_word' id='word_1_152' title='bbox 997 1292 1167 1331; x_wconf 89' lang='lat' dir='ltr'>venerat,</span> <span class='ocrx_word' id='word_1_153' title='bbox 1190 1286 1312 1324; x_wconf 92' lang='lat' dir='ltr'>domo</span> <span class='ocrx_word' id='word_1_154' title='bbox 1342 1285 1534 1336; x_wconf 86' lang='lat' dir='ltr'>fugientes</span> 
     </span>
     <span class='ocr_line' id='line_1_23' title="bbox 203 1349 1530 1397; baseline -0.001 -9"><span class='ocrx_word' id='word_1_155' title='bbox 203 1351 254 1388; x_wconf 89' lang='lat' dir='ltr'>ad</span> <span class='ocrx_word' id='word_1_156' title='bbox 288 1363 379 1388; x_wconf 89' lang='lat' dir='ltr'>eum</span> <span class='ocrx_word' id='word_1_157' title='bbox 413 1363 455 1388; x_wconf 87' lang='lat' dir='ltr'>se</span> <span class='ocrx_word' id='word_1_158' title='bbox 486 1351 649 1396; x_wconf 86' lang='lat' dir='ltr'>exsules,</span> <span class='ocrx_word' id='word_1_159' title='bbox 686 1363 776 1388; x_wconf 89' lang='lat' dir='ltr'>cum</span> <span class='ocrx_word' id='word_1_160' title='bbox 815 1349 888 1388; x_wconf 91' lang='lat' dir='ltr'>iste</span> <span class='ocrx_word' id='word_1_161' title='bbox 923 1356 1024 1388; x_wconf 87' lang='lat' dir='ltr'>esset</span> <span class='ocrx_word' id='word_1_162' title='bbox 1062 1349 1103 1388; x_wconf 91' lang='lat' dir='ltr'>in</span> <span class='ocrx_word' id='word_1_163' title='bbox 1133 1350 1237 1397; x_wconf 85' lang='lat' dir='ltr'>Asia,</span> <span class='ocrx_word' id='word_1_164' title='bbox 1270 1352 1530 1389; x_wconf 89' lang='lat' dir='ltr'>contulerunt.</span> 
     </span>
     <span class='ocr_line' id='line_1_24' title="bbox 206 1414 1532 1466; baseline 0 -14"><span class='ocrx_word' id='word_1_165' title='bbox 206 1414 361 1452; x_wconf 90' lang='lat' dir='ltr'>Habuit</span> <span class='ocrx_word' id='word_1_166' title='bbox 399 1428 467 1453; x_wconf 87' lang='lat' dir='ltr'>eos</span> <span class='ocrx_word' id='word_1_167' title='bbox 506 1427 640 1453; x_wconf 88' lang='lat' dir='ltr'>secum</span> <span class='ocrx_word' id='word_1_168' title='bbox 679 1414 746 1452; x_wconf 93' lang='lat' dir='ltr'>illo</span> <span class='ocrx_word' id='word_1_169' title='bbox 777 1421 954 1464; x_wconf 90' lang='lat' dir='ltr'>tempore</span> <span class='ocrx_word' id='word_1_170' title='bbox 997 1422 1035 1454; x_wconf 89' lang='lat' dir='ltr'>et</span> <span class='ocrx_word' id='word_1_171' title='bbox 1069 1415 1109 1453; x_wconf 90' lang='lat' dir='ltr'>in</span> <span class='ocrx_word' id='word_1_172' title='bbox 1141 1414 1346 1466; x_wconf 86' lang='lat' dir='ltr'>legationis</span> <span class='ocrx_word' id='word_1_173' title='bbox 1380 1415 1532 1465; x_wconf 89' lang='lat' dir='ltr'>praedis</span> 
     </span>
     <span class='ocr_line' id='line_1_25' title="bbox 204 1478 1596 1530; baseline 0.001 -14"><span class='ocrx_word' id='word_1_174' title='bbox 204 1486 323 1529; x_wconf 90' lang='lat' dir='ltr'>atque</span> <span class='ocrx_word' id='word_1_175' title='bbox 362 1478 471 1517; x_wconf 90' lang='lat' dir='ltr'>furtis</span> <span class='ocrx_word' id='word_1_176' title='bbox 504 1480 672 1517; x_wconf 89' lang='lat' dir='ltr'>multum</span> <span class='ocrx_word' id='word_1_177' title='bbox 707 1478 862 1518; x_wconf 90' lang='lat' dir='ltr'>illorum</span> <span class='ocrx_word' id='word_1_178' title='bbox 898 1492 1018 1530; x_wconf 89' lang='lat' dir='ltr'>opera</span> <span class='ocrx_word' id='word_1_179' title='bbox 1056 1479 1301 1530; x_wconf 86' lang='lat' dir='ltr'>consilioque</span> <span class='ocrx_word' id='word_1_180' title='bbox 1333 1492 1425 1518; x_wconf 88' lang='lat' dir='ltr'>usus</span> <span class='ocrx_word' id='word_1_181' title='bbox 1464 1486 1532 1518; x_wconf 90' lang='lat' dir='ltr'>est.</span> <span class='ocrx_word' id='word_1_182' title='bbox 1554 1491 1596 1514; x_wconf 87' lang='lat'>20</span> 
     </span>
     <span class='ocr_line' id='line_1_26' title="bbox 208 1543 1533 1594; baseline 0.002 -13"><span class='ocrx_word' id='word_1_183' title='bbox 208 1544 264 1581; x_wconf 92' lang='lat' dir='ltr'>Hi</span> <span class='ocrx_word' id='word_1_184' title='bbox 291 1551 382 1582; x_wconf 90' lang='lat' dir='ltr'>sunt</span> <span class='ocrx_word' id='word_1_185' title='bbox 407 1543 460 1582; x_wconf 91' lang='lat' dir='ltr'>illi</span> <span class='ocrx_word' id='word_1_186' title='bbox 481 1543 625 1594; x_wconf 84' lang='lat' dir='ltr'>quibus</span> <span class='ocrx_word' id='word_1_187' title='bbox 646 1543 685 1581; x_wconf 90' lang='lat' dir='ltr'>in</span> <span class='ocrx_word' id='word_1_188' title='bbox 713 1543 855 1582; x_wconf 88' lang='lat' dir='ltr'>tabulis</span> <span class='ocrx_word' id='word_1_189' title='bbox 876 1545 990 1583; x_wconf 89' lang='lat' dir='ltr'>refert</span> <span class='ocrx_word' id='word_1_190' title='bbox 1011 1558 1095 1584; x_wconf 89' lang='lat' dir='ltr'>sese</span> <span class='ocrx_word' id='word_1_191' title='bbox 1109 1546 1158 1594; x_wconf 89' lang='lat' dir='ltr'>Q.</span> <span class='ocrx_word' id='word_1_192' title='bbox 1181 1544 1332 1584; x_wconf 90' lang='lat' dir='ltr'>Tadius</span> <span class='ocrx_word' id='word_1_193' title='bbox 1358 1544 1533 1584; x_wconf 89' lang='lat' dir='ltr'>‘dedisse</span> 
     </span>
     <span class='ocr_line' id='line_1_27' title="bbox 204 1608 1534 1660; baseline 0.002 -14"><span class='ocrx_word' id='word_1_194' title='bbox 204 1608 311 1647; x_wconf 89' lang='lat' dir='ltr'>iussu</span> <span class='ocrx_word' id='word_1_195' title='bbox 346 1608 467 1654; x_wconf 91' lang='lat' dir='ltr'>istius,</span> <span class='ocrx_word' id='word_1_196' title='bbox 505 1608 665 1648; x_wconf 89' lang='lat' dir='ltr'>Graecis</span> <span class='ocrx_word' id='word_1_197' title='bbox 700 1608 914 1659; x_wconf 89' lang='lat' dir='ltr'>pictoribus</span> <span class='ocrx_word' id='word_1_198' title='bbox 928 1611 946 1647; x_wconf 85' lang='lat'>’.</span> <span class='ocrx_word' id='word_1_199' title='bbox 1007 1611 1086 1648; x_wconf 90' lang='lat' dir='ltr'>Eos</span> <span class='ocrx_word' id='word_1_200' title='bbox 1115 1609 1192 1648; x_wconf 93' lang='lat' dir='ltr'>iam</span> <span class='ocrx_word' id='word_1_201' title='bbox 1225 1610 1327 1649; x_wconf 91' lang='lat' dir='ltr'>bene</span> <span class='ocrx_word' id='word_1_202' title='bbox 1355 1610 1534 1660; x_wconf 90' lang='lat' dir='ltr'>cognitos</span> 
     </span>
     <span class='ocr_line' id='line_1_28' title="bbox 203 1673 1532 1725; baseline 0.002 -14"><span class='ocrx_word' id='word_1_203' title='bbox 203 1680 241 1711; x_wconf 90' lang='lat' dir='ltr'>et</span> <span class='ocrx_word' id='word_1_204' title='bbox 268 1687 308 1712; x_wconf 91' lang='lat' dir='ltr'>re</span> <span class='ocrx_word' id='word_1_205' title='bbox 338 1673 523 1723; x_wconf 90' lang='lat' dir='ltr'>probatos</span> <span class='ocrx_word' id='word_1_206' title='bbox 555 1686 689 1712; x_wconf 87' lang='lat' dir='ltr'>secum</span> <span class='ocrx_word' id='word_1_207' title='bbox 720 1673 758 1711; x_wconf 91' lang='lat' dir='ltr'>in</span> <span class='ocrx_word' id='word_1_208' title='bbox 781 1674 951 1713; x_wconf 86' lang='lat' dir='ltr'>Siciliam</span> <span class='ocrx_word' id='word_1_209' title='bbox 972 1675 1092 1714; x_wconf 84' lang='lat' dir='ltr'>duxit.</span> <span class='ocrx_word' id='word_1_210' title='bbox 1153 1676 1246 1724; x_wconf 89' lang='lat' dir='ltr'>Quo</span> <span class='ocrx_word' id='word_1_211' title='bbox 1275 1682 1532 1725; x_wconf 88' lang='lat' dir='ltr'>posteaquam</span> 
     </span>
     <span class='ocr_line' id='line_1_29' title="bbox 203 1738 1531 1790; baseline 0.002 -14"><span class='ocrx_word' id='word_1_212' title='bbox 203 1746 404 1784; x_wconf 87' lang='lat' dir='ltr'>venerunt,</span> <span class='ocrx_word' id='word_1_213' title='bbox 439 1738 661 1777; x_wconf 88' lang='lat' dir='ltr'>mirandum</span> <span class='ocrx_word' id='word_1_214' title='bbox 701 1738 741 1777; x_wconf 89' lang='lat' dir='ltr'>in</span> <span class='ocrx_word' id='word_1_215' title='bbox 777 1741 939 1778; x_wconf 91' lang='lat' dir='ltr'>modum</span> <span class='ocrx_word' id='word_1_216' title='bbox 970 1739 1096 1790; x_wconf 82' lang='lat' dir='ltr'>&lt;canis</span> <span class='ocrx_word' id='word_1_217' title='bbox 1136 1740 1335 1779; x_wconf 89' lang='lat' dir='ltr'>venaticos</span> <span class='ocrx_word' id='word_1_218' title='bbox 1364 1739 1531 1790; x_wconf 86' lang='lat' dir='ltr'>diceres)</span> 
     </span>
     <span class='ocr_line' id='line_1_30' title="bbox 203 1802 1600 1856; baseline 0.002 -15"><span class='ocrx_word' id='word_1_219' title='bbox 203 1802 255 1841; x_wconf 90' lang='lat' dir='ltr'>ita</span> <span class='ocrx_word' id='word_1_220' title='bbox 286 1803 553 1842; x_wconf 88' lang='lat' dir='ltr'>odorabantur</span> <span class='ocrx_word' id='word_1_221' title='bbox 585 1803 719 1842; x_wconf 89' lang='lat' dir='ltr'>omnia</span> <span class='ocrx_word' id='word_1_222' title='bbox 754 1812 791 1843; x_wconf 92' lang='lat' dir='ltr'>et</span> <span class='ocrx_word' id='word_1_223' title='bbox 826 1805 1140 1855; x_wconf 86' lang='lat' dir='ltr'>pervestigabant</span> <span class='ocrx_word' id='word_1_224' title='bbox 1170 1812 1222 1851; x_wconf 87' lang='lat' dir='ltr'>ut,</span> <span class='ocrx_word' id='word_1_225' title='bbox 1254 1805 1321 1844; x_wconf 91' lang='lat' dir='ltr'>ubi</span> <span class='ocrx_word' id='word_1_226' title='bbox 1356 1805 1531 1855; x_wconf 84' lang='lat' dir='ltr'>quidque</span> <span class='ocrx_word' id='word_1_227' title='bbox 1552 1817 1600 1856; x_wconf 60' lang='lat'>255</span> 
     </span>
     <span class='ocr_line' id='line_1_31' title="bbox 202 1868 1600 1920; baseline 0.001 -14"><span class='ocrx_word' id='word_1_228' title='bbox 202 1876 314 1915; x_wconf 90' lang='lat' dir='ltr'>esset,</span> <span class='ocrx_word' id='word_1_229' title='bbox 330 1868 461 1918; x_wconf 89' lang='lat' dir='ltr'>aliqua</span> <span class='ocrx_word' id='word_1_230' title='bbox 477 1868 626 1907; x_wconf 88' lang='lat' dir='ltr'>ratione</span> <span class='ocrx_word' id='word_1_231' title='bbox 648 1869 877 1908; x_wconf 85' lang='lat' dir='ltr'>invenirent.</span> <span class='ocrx_word' id='word_1_232' title='bbox 936 1869 1056 1908; x_wconf 89' lang='lat' dir='ltr'>Aliud</span> <span class='ocrx_word' id='word_1_233' title='bbox 1078 1870 1278 1917; x_wconf 88' lang='lat' dir='ltr'>minando,</span> <span class='ocrx_word' id='word_1_234' title='bbox 1296 1870 1402 1909; x_wconf 91' lang='lat' dir='ltr'>aliud</span> <span class='ocrx_word' id='word_1_235' title='bbox 1423 1869 1532 1920; x_wconf 91' lang='lat' dir='ltr'>polli-</span> <span class='ocrx_word' id='word_1_236' title='bbox 1599 1869 1600 1872; x_wconf 69' lang='grc'>’</span> 
     </span>
     <span class='ocr_line' id='line_1_32' title="bbox 202 1932 1531 1984; baseline 0.002 -14"><span class='ocrx_word' id='word_1_237' title='bbox 202 1934 340 1979; x_wconf 88' lang='lat' dir='ltr'>cendo,</span> <span class='ocrx_word' id='word_1_238' title='bbox 357 1932 463 1972; x_wconf 89' lang='lat' dir='ltr'>aliud</span> <span class='ocrx_word' id='word_1_239' title='bbox 484 1946 553 1983; x_wconf 90' lang='lat' dir='ltr'>per</span> <span class='ocrx_word' id='word_1_240' title='bbox 573 1947 716 1982; x_wconf 86' lang='lat' dir='ltr'>servos,</span> <span class='ocrx_word' id='word_1_241' title='bbox 738 1934 844 1973; x_wconf 90' lang='lat' dir='ltr'>aliud</span> <span class='ocrx_word' id='word_1_242' title='bbox 865 1947 934 1984; x_wconf 90' lang='lat' dir='ltr'>per</span> <span class='ocrx_word' id='word_1_243' title='bbox 954 1934 1108 1981; x_wconf 89' lang='lat' dir='ltr'>liberos,</span> <span class='ocrx_word' id='word_1_244' title='bbox 1131 1947 1198 1983; x_wconf 89' lang='lat' dir='ltr'>per</span> <span class='ocrx_word' id='word_1_245' title='bbox 1218 1935 1389 1973; x_wconf 90' lang='lat' dir='ltr'>amicum</span> <span class='ocrx_word' id='word_1_246' title='bbox 1410 1934 1531 1982; x_wconf 90' lang='lat' dir='ltr'>aliud,</span> 
     </span>
     <span class='ocr_line' id='line_1_33' title="bbox 201 1997 1598 2066; baseline 0.002 -31"><span class='ocrx_word' id='word_1_247' title='bbox 201 1997 308 2036; x_wconf 90' lang='lat' dir='ltr'>aliud</span> <span class='ocrx_word' id='word_1_248' title='bbox 342 2011 410 2048; x_wconf 88' lang='lat' dir='ltr'>per</span> <span class='ocrx_word' id='word_1_249' title='bbox 443 1998 648 2038; x_wconf 89' lang='lat' dir='ltr'>inimicum</span> <span class='ocrx_word' id='word_1_250' title='bbox 682 2000 961 2047; x_wconf 69' lang='lat' dir='ltr'>inveniebantj</span> <span class='ocrx_word' id='word_1_251' title='bbox 999 1998 1189 2049; x_wconf 84' lang='lat' dir='ltr'>quicquid</span> <span class='ocrx_word' id='word_1_252' title='bbox 1215 1999 1288 2038; x_wconf 89' lang='lat' dir='ltr'>illis</span> <span class='ocrx_word' id='word_1_253' title='bbox 1319 2001 1528 2050; x_wconf 86' lang='lat' dir='ltr'>placuerat,</span> <span class='ocrx_word' id='word_1_254' title='bbox 1592 2021 1598 2066; x_wconf 46' lang='grc' dir='ltr'><em>Ξ</em></span> 
     </span>
    </p>

    <p class='ocr_par' dir='ltr' id='par_1_7' title="bbox 198 2071 1600 2318">
     <span class='ocr_line' id='line_1_34' title="bbox 246 2071 1600 2145; baseline 0 -13"><span class='ocrx_word' id='word_1_255' title='bbox 246 2112 266 2132; x_wconf 89' lang='lat'><em>2</em></span> <span class='ocrx_word' id='word_1_256' title='bbox 289 2107 324 2133; x_wconf 87' lang='lat' dir='ltr'>ut</span> <span class='ocrx_word' id='word_1_257' title='bbox 341 2103 436 2134; x_wconf 88' lang='lat' dir='ltr'>amici</span> <span class='ocrx_word' id='word_1_258' title='bbox 456 2104 503 2135; x_wconf 90' lang='lat' dir='ltr'>tui</span> <span class='ocrx_word' id='word_1_259' title='bbox 521 2103 691 2145; x_wconf 87' lang='lat' dir='ltr'>appellant</span> <span class='ocrx_word' id='word_1_260' title='bbox 710 2104 744 2143; x_wconf 67' lang='grc' dir='ltr'>(ξ</span> <span class='ocrx_word' id='word_1_261' title='bbox 762 2114 773 2134; x_wconf 92' lang='lat'>1</span> <span class='ocrx_word' id='word_1_262' title='bbox 790 2104 907 2144; x_wconf 51' lang='lat' dir='ltr'>supra)</span> <span class='ocrx_word' id='word_1_263' title='bbox 926 2103 995 2135; x_wconf 81' lang='lat' dir='ltr'>secl.</span> <span class='ocrx_word' id='word_1_264' title='bbox 1017 2102 1181 2141; x_wconf 77' lang='lat' dir='ltr'>Schwabe,</span> <span class='ocrx_word' id='word_1_265' title='bbox 1198 2103 1313 2134; x_wconf 82' lang='lat' dir='ltr'>Eberlz.</span> <span class='ocrx_word' id='word_1_266' title='bbox 1332 2115 1337 2134; x_wconf 78' lang='grc' dir='ltr'>ε</span> <span class='ocrx_word' id='word_1_267' title='bbox 1363 2103 1531 2134; x_wconf 74' lang='lat' dir='ltr'>0712.N0l1l</span> <span class='ocrx_word' id='word_1_268' title='bbox 1592 2071 1600 2102; x_wconf 39' lang='lat' dir='ltr'>&#39;i</span> 
     </span>
     <span class='ocr_line' id='line_1_35' title="bbox 202 2146 1528 2187; baseline 0.001 -12"><span class='ocrx_word' id='word_1_269' title='bbox 202 2153 223 2183; x_wconf 87' lang='lat'>5</span> <span class='ocrx_word' id='word_1_270' title='bbox 245 2150 334 2176; x_wconf 89' lang='lat' dir='ltr'>tuam</span> <span class='ocrx_word' id='word_1_271' title='bbox 360 2152 487 2178; x_wconf 84' lang='lat' dir='ltr'>tantam</span> <span class='ocrx_word' id='word_1_272' title='bbox 513 2150 574 2187; x_wconf 74' lang='lat' dir='ltr'>pB:</span> <span class='ocrx_word' id='word_1_273' title='bbox 612 2148 708 2178; x_wconf 83' lang='lat' dir='ltr'>istius</span> <span class='ocrx_word' id='word_1_274' title='bbox 736 2152 863 2178; x_wconf 83' lang='lat' dir='ltr'>tantam</span> <span class='ocrx_word' id='word_1_275' title='bbox 892 2147 975 2178; x_wconf 80' lang='lat' dir='ltr'>RS:</span> <span class='ocrx_word' id='word_1_276' title='bbox 1011 2147 1100 2186; x_wconf 87' lang='lat' dir='ltr'>apud</span> <span class='ocrx_word' id='word_1_277' title='bbox 1133 2146 1223 2176; x_wconf 89' lang='lat' dir='ltr'>illum</span> <span class='ocrx_word' id='word_1_278' title='bbox 1252 2151 1333 2177; x_wconf 85' lang='lat' dir='ltr'>tant.</span> <span class='ocrx_word' id='word_1_279' title='bbox 1363 2146 1528 2183; x_wconf 71' lang='lat' dir='ltr'>Schwabe,</span> 
     </span>
     <span class='ocr_line' id='line_1_36' title="bbox 202 2188 1525 2230; baseline 0.002 -12"><span class='ocrx_word' id='word_1_280' title='bbox 202 2198 308 2226; x_wconf 86' lang='lat' dir='ltr'>penes</span> <span class='ocrx_word' id='word_1_281' title='bbox 326 2189 416 2220; x_wconf 89' lang='lat' dir='ltr'>illum</span> <span class='ocrx_word' id='word_1_282' title='bbox 433 2195 456 2221; x_wconf 91' lang='lat' dir='ltr'>t.</span> <span class='ocrx_word' id='word_1_283' title='bbox 475 2190 592 2223; x_wconf 83' lang='lat' dir='ltr'>Eberlz.</span> <span class='ocrx_word' id='word_1_284' title='bbox 739 2201 756 2229; x_wconf 92' lang='lat'><strong>7</strong></span> <span class='ocrx_word' id='word_1_285' title='bbox 782 2191 986 2230; x_wconf 84' lang='lat' dir='ltr'>deprensum</span> <span class='ocrx_word' id='word_1_286' title='bbox 1005 2189 1055 2221; x_wconf 71' lang='lat' dir='ltr'>R:</span> <span class='ocrx_word' id='word_1_287' title='bbox 1082 2190 1331 2228; x_wconf 84' lang='lat' dir='ltr'>deprehensum</span> <span class='ocrx_word' id='word_1_288' title='bbox 1348 2188 1377 2220; x_wconf 81' lang='lat' dir='ltr'><strong><em>S</em></strong></span> <span class='ocrx_word' id='word_1_289' title='bbox 1392 2194 1422 2219; x_wconf 81' lang='lat' dir='ltr'>et</span> <span class='ocrx_word' id='word_1_290' title='bbox 1436 2188 1525 2220; x_wconf 85' lang='lat' dir='ltr'>codd.</span> 
     </span>
     <span class='ocr_line' id='line_1_37' title="bbox 198 2224 1592 2273; baseline 0.001 -14"><span class='ocrx_word' id='word_1_291' title='bbox 198 2230 276 2270; x_wconf 72' lang='lat' dir='ltr'>pler.</span> <span class='ocrx_word' id='word_1_292' title='bbox 376 2233 533 2272; x_wconf 86' lang='lat' dir='ltr'>phaleras</span> <span class='ocrx_word' id='word_1_293' title='bbox 552 2233 700 2265; x_wconf 86' lang='lat' dir='ltr'>sublatas</span> <span class='ocrx_word' id='word_1_294' title='bbox 717 2233 829 2265; x_wconf 54' lang='lat' dir='ltr'>SDW:</span> <span class='ocrx_word' id='word_1_295' title='bbox 855 2232 1144 2273; x_wconf 86' lang='lat' dir='ltr'>phalerasublatas</span> <span class='ocrx_word' id='word_1_296' title='bbox 1161 2231 1213 2263; x_wconf 80' lang='lat' dir='ltr'>R:</span> <span class='ocrx_word' id='word_1_297' title='bbox 1241 2232 1331 2271; x_wconf 88' lang='lat' dir='ltr'>phal.</span> <span class='ocrx_word' id='word_1_298' title='bbox 1351 2231 1477 2262; x_wconf 81' lang='lat' dir='ltr'>ablatas</span> <span class='ocrx_word' id='word_1_299' title='bbox 1493 2243 1523 2270; x_wconf 83' lang='grc' dir='ltr'>π,</span> <span class='ocrx_word' id='word_1_300' title='bbox 1586 2224 1592 2261; x_wconf 77' lang='lat' dir='ltr'>l</span> 
     </span>
     <span class='ocr_line' id='line_1_38' title="bbox 201 2272 1590 2318; baseline 0.002 -16"><span class='ocrx_word' id='word_1_301' title='bbox 201 2272 392 2305; x_wconf 71' lang='lat' dir='ltr'>Martianus</span> <span class='ocrx_word' id='word_1_302' title='bbox 417 2276 547 2315; x_wconf 78' lang='lat' dir='ltr'>Capella</span> <span class='ocrx_word' id='word_1_303' title='bbox 575 2276 643 2307; x_wconf 82' lang='lat' dir='ltr'>edd.</span> <span class='ocrx_word' id='word_1_304' title='bbox 778 2277 798 2306; x_wconf 91' lang='lat'>8</span> <span class='ocrx_word' id='word_1_305' title='bbox 823 2276 939 2315; x_wconf 84' lang='lat' dir='ltr'>gratiis</span> <span class='ocrx_word' id='word_1_306' title='bbox 966 2275 1082 2312; x_wconf 82' lang='lat' dir='ltr'>Halm,</span> <span class='ocrx_word' id='word_1_307' title='bbox 1114 2274 1290 2304; x_wconf 73' lang='lat' dir='ltr'>Zielinski:</span> <span class='ocrx_word' id='word_1_308' title='bbox 1315 2275 1419 2313; x_wconf 86' lang='lat' dir='ltr'>gratis</span> <span class='ocrx_word' id='word_1_309' title='bbox 1437 2274 1522 2314; x_wconf 78' lang='lat' dir='ltr'>vulg.</span> <span class='ocrx_word' id='word_1_310' title='bbox 1586 2286 1590 2318; x_wconf 58' lang='grc' dir='ltr'>,ξ</span> 
     </span>
    </p>
   </div>
   <div class='ocr_carea' id='block_1_6' title="bbox 199 2316 1589 2403">
    <p class='ocr_par' dir='ltr' id='par_1_8' title="bbox 199 2316 1589 2403">
     <span class='ocr_line' id='line_1_39' title="bbox 204 2316 1589 2359; baseline 0 -13"><span class='ocrx_word' id='word_1_311' title='bbox 204 2317 244 2346; x_wconf 89' lang='lat'>16</span> <span class='ocrx_word' id='word_1_312' title='bbox 266 2327 339 2347; x_wconf 89' lang='lat' dir='ltr'>cum</span> <span class='ocrx_word' id='word_1_313' title='bbox 358 2329 423 2348; x_wconf 82' lang='lat' dir='ltr'>om.</span> <span class='ocrx_word' id='word_1_314' title='bbox 443 2319 506 2351; x_wconf 78' lang='lat' dir='ltr'>Rs</span> <span class='ocrx_word' id='word_1_315' title='bbox 611 2330 646 2358; x_wconf 88' lang='lat'>17</span> <span class='ocrx_word' id='word_1_316' title='bbox 673 2319 904 2359; x_wconf 87' lang='lat' dir='ltr'>profugientes</span> <span class='ocrx_word' id='word_1_317' title='bbox 921 2321 937 2349; x_wconf 90' lang='grc' dir='ltr'><em>δ</em></span> <span class='ocrx_word' id='word_1_318' title='bbox 1047 2319 1086 2347; x_wconf 91' lang='lat'>18</span> <span class='ocrx_word' id='word_1_319' title='bbox 1111 2327 1185 2347; x_wconf 88' lang='lat' dir='ltr'>cum</span> <span class='ocrx_word' id='word_1_320' title='bbox 1203 2317 1265 2346; x_wconf 88' lang='lat' dir='ltr'>iste</span> <span class='ocrx_word' id='word_1_321' title='bbox 1284 2321 1376 2346; x_wconf 76' lang='lat' dir='ltr'>esset</span> <span class='ocrx_word' id='word_1_322' title='bbox 1395 2317 1428 2346; x_wconf 90' lang='lat' dir='ltr'>in</span> <span class='ocrx_word' id='word_1_323' title='bbox 1445 2316 1527 2347; x_wconf 83' lang='lat' dir='ltr'>Asia</span> <span class='ocrx_word' id='word_1_324' title='bbox 1586 2322 1589 2337; x_wconf 50' lang='grc' dir='ltr'>ν’</span> 
     </span>
     <span class='ocr_line' id='line_1_40' title="bbox 199 2358 1274 2403; baseline -0.001 -15"><span class='ocrx_word' id='word_1_325' title='bbox 199 2358 257 2389; x_wconf 79' lang='lat' dir='ltr'>del.</span> <span class='ocrx_word' id='word_1_326' title='bbox 279 2359 361 2392; x_wconf 76' lang='lat' dir='ltr'>Em.</span> <span class='ocrx_word' id='word_1_327' title='bbox 379 2361 470 2392; x_wconf 74' lang='lat' dir='ltr'>Nohl</span> <span class='ocrx_word' id='word_1_328' title='bbox 626 2372 666 2402; x_wconf 87' lang='lat'>19</span> <span class='ocrx_word' id='word_1_329' title='bbox 688 2362 729 2393; x_wconf 91' lang='lat' dir='ltr'>ab</span> <span class='ocrx_word' id='word_1_330' title='bbox 747 2362 802 2394; x_wconf 87' lang='lat' dir='ltr'>illo</span> <span class='ocrx_word' id='word_1_331' title='bbox 815 2363 856 2403; x_wconf 65' lang='lat' dir='ltr'>pb</span> <span class='ocrx_word' id='word_1_332' title='bbox 989 2362 1030 2390; x_wconf 82' lang='lat'>26</span> <span class='ocrx_word' id='word_1_333' title='bbox 1056 2359 1239 2389; x_wconf 86' lang='lat' dir='ltr'>minitando</span> <span class='ocrx_word' id='word_1_334' title='bbox 1257 2360 1274 2387; x_wconf 87' lang='grc' dir='ltr'>δ</span> 
     </span>
    </p>
   </div>
   <div class='ocr_carea' id='block_1_7' title="bbox 1578 2104 1600 2704">
    <p class='ocr_par' dir='ltr' id='par_1_9' title="bbox 1578 2104 1600 2704">
     <span class='ocr_line' id='line_1_41' title="bbox 1578 2104 1600 2704; baseline 0 -431"><span class='ocrx_word' id='word_1_335' title='bbox 1578 2104 1600 2704; x_wconf 95' lang='lat' dir='ltr'>    </span> 
     </span>
    </p>
   </div>
   <div class='ocr_carea' id='block_1_8' title="bbox 1579 1901 1600 2700">
    <p class='ocr_par' dir='ltr' id='par_1_10' title="bbox 1579 1901 1600 2700">
     <span class='ocr_line' id='line_1_42' title="bbox 1579 1901 1600 2700; baseline 0 0"><span class='ocrx_word' id='word_1_336' title='bbox 1579 1901 1600 2700; x_wconf 95' lang='lat' dir='ltr'> </span> 
     </span>
    </p>
   </div>
  </div>
 </body>
</html>
