1600 2704
125 159 153 196 9
173 161 216 184 20
540 137 598 175 M.
628 131 798 172 TVLLI
829 122 1134 169 CICERONIS

173 256 225 295 ῖῖξ
248 260 382 304 empta
400 249 551 302 populo
581 248 768 285 Romano
792 241 887 280 dare
909 235 1111 277 debebant
1135 238 1173 270 et
1193 227 1397 268 solebant:
1426 223 1499 262 abs

175 330 215 360 te
233 321 318 358 solo
338 316 545 356 remissum
565 319 635 351 est.
695 310 777 346 Res
798 302 957 356 publica
977 298 1257 339 detrimentum
1278 290 1371 330 fecit
1391 288 1501 339 quod

176 398 244 436 per
270 391 309 422 te
342 378 479 431 imperi
509 377 568 416 ius
600 375 640 414 in
674 385 754 411 una
785 368 940 408 civitate
969 362 1222 403 imminutum
1253 363 1339 396 est:
1369 351 1501 398 Siculi,

177 450 288 501 quod
319 447 449 497 ipsum
484 456 564 481 non
599 441 649 479 de
681 448 836 476 summa
867 428 1053 471 frumenti
1088 427 1308 465 detractum
1333 426 1402 465 est,
1434 417 1505 455 sed

179 514 409 554 translatum
431 509 471 547 in
493 502 774 553 Centuripinos
795 506 834 538 et
855 494 1102 537 Halaesinos,
1121 485 1308 528 immunis
1324 483 1508 534 populos,
1528 492 1546 523 5

182 587 221 619 et
240 580 317 617 hoc
338 577 425 625 plus
446 569 674 621 impositum
696 577 815 615 quam
836 564 933 600 ferre
954 563 1124 609 possent.

125 664 161 686 21
239 644 393 682 Navem
423 638 612 686 imperare
641 645 689 670 ex
717 629 875 667 foedere
902 621 1101 667 debuisti3
1129 614 1311 657 remisisti
1337 613 1378 651 in
1397 611 1512 650 trien-

186 708 296 747 nium
312 720 321 753 3
351 702 515 741 militem
545 698 698 736 nullum
727 703 916 741 umquam
946 683 1161 738 poposcisti
1187 695 1256 732 per
1286 686 1345 718 tot
1373 687 1510 715 annos.

189 769 332 811 Fecisti
353 769 447 806 item
468 772 511 803 ut
531 762 751 814 praedones
767 757 895 795 solent
911 768 920 801 3
949 751 1121 802 quicum
1134 749 1268 785 hostes
1281 752 1515 782 communes

190 837 267 876 sint
296 832 488 877 omnium,
510 836 644 867 tamen
673 823 826 872 aliquos
857 817 931 857 sibi
960 815 1170 854 instituunt
1189 809 1349 854 amicos,
1372 805 1517 856 quibus
1539 815 1579 838 10

193 914 274 941 non
308 897 431 937 modo
459 898 622 945 parcant
649 900 784 927 verum
815 883 933 923 etiam
968 879 1114 930 praeda
1143 887 1243 925 quos
1271 877 1451 921 augeant,
1481 875 1520 906 et

195 979 262 1006 eos
284 962 453 1003 maxime
473 958 541 1009 qui
561 956 710 995 habent
733 949 927 1001 oppidum
949 950 1146 995 oportuno
1172 941 1276 986 loco,
1297 949 1376 986 quo
1404 945 1520 982 saepe

100 1015 178 1110 (213
195 1029 426 1070 adeundum
456 1024 504 1062 sit
533 1020 710 1060 navibus.
770 1011 946 1052 Phaselis
976 1009 1051 1054 illa,
1082 1018 1202 1056 quam
1233 1001 1337 1052 cepit
1367 1001 1409 1037 P.
1441 999 1523 1036 Ser-

197 1095 322 1139 vilius,
356 1104 438 1129 non
468 1090 593 1126 fuerat
626 1083 719 1121 urbs
753 1086 869 1118 antea
898 1073 1068 1114 Cilicum
1100 1077 1219 1120 atque
1250 1065 1525 1117 praedonum3

201 1158 310 1210 Lycii
342 1157 458 1200 illam,
493 1148 633 1191 Graeci
666 1144 862 1187 homines,
893 1137 1131 1178 incolebant.
1189 1133 1268 1172 Sed
1303 1130 1412 1180 quod
1446 1134 1527 1166 erat
1548 1139 1585 1173 15

201 1226 284 1264 eius
306 1220 415 1260 modi
434 1221 524 1256 loco
543 1223 662 1264 atque
682 1211 735 1249 ita
755 1207 929 1259 proiecta
954 1203 995 1241 in
1023 1202 1146 1240 altum
1173 1204 1217 1236 ut
1241 1203 1279 1234 et
1300 1200 1486 1233 exeuntes
1506 1204 1528 1229 e

204 1287 343 1330 Cicilia
371 1284 590 1336 praedones
620 1289 737 1326 saepe
766 1271 823 1312 ad*
847 1283 934 1310 eam
964 1263 1185 1306 necessario
1215 1258 1456 1302 devenirent,
1479 1263 1530 1303 et,

205 1367 297 1393 cum
317 1365 358 1390 se
382 1363 430 1388 ex
455 1349 564 1386 hisce
590 1342 687 1382 locis
715 1340 943 1388 reciperent,
967 1333 1110 1371 eodem
1134 1328 1386 1370 deferrentur,
1409 1320 1532 1360 adsci-

207 1423 344 1457 verunt
365 1412 439 1453 sibi
459 1411 558 1450 illud
578 1406 771 1458 oppidum
795 1401 942 1452 piratae
965 1396 1093 1447 primo
1113 1388 1363 1434 commercio,
1387 1385 1533 1425 deinde

151 1499 187 1520 22
207 1483 325 1523 etiam
364 1478 562 1518 societate.
633 1466 872 1510 Mamertina
909 1462 1044 1502 civitas
1082 1455 1263 1507 improba
1300 1460 1416 1492 antea
1453 1453 1534 1488 r'10n
1553 1465 1596 1486 20

208 1554 313 1594 erat3
347 1544 465 1584 etiam
504 1547 585 1580 erat
623 1534 783 1576 inimica
820 1528 1103 1580 improborum,
1145 1533 1247 1572 quae
1278 1519 1323 1558 C.
1358 1514 1533 1561 Catonis,

209 1612 311 1652 illius
350 1608 418 1659 qui
456 1605 596 1645 consul
640 1601 723 1647 fuit,
765 1594 1052 1646 impedimenta
1090 1584 1260 1626 retinuit.
1334 1583 1387 1620 At
1425 1579 1536 1618 cuius

210 1675 382 1717 hominis
400 1677 407 1712 1
436 1667 652 1712 Clarissimi
672 1678 719 1704 ac
739 1656 1001 1714 potentissimi
1018 1670 1025 1702 3
1055 1653 1123 1703 qui
1144 1659 1277 1689 tamen
1293 1659 1384 1686 cum
1400 1644 1538 1683 consul

212 1742 358 1787 fuisset,
383 1738 671 1777 condemnatus
696 1735 764 1768 est.
825 1727 898 1771 Ita,
922 1723 966 1761 C.
991 1721 1103 1764 Cato,
1134 1717 1303 1754 duorum
1331 1709 1539 1749 hominum

214 1804 517 1846 clarissimorum
538 1809 674 1848 nepos,
696 1796 740 1832 L.
767 1788 879 1829 Pauli
899 1794 938 1826 et
960 1787 1016 1823 M.
1041 1779 1217 1826 Catonis,
1242 1784 1280 1815 et
1302 1778 1342 1813 P.
1366 1770 1541 1812 Africani
1562 1783 1600 1816 25

216 1869 357 1911 sororis
378 1867 504 1905 filius:
534 1875 615 1913 quo
634 1862 823 1899 damnato
844 1861 939 1898 tum,
956 1862 1048 1889 cum
1069 1857 1203 1885 severa
1222 1840 1369 1881 iudicia
1381 1838 1541 1882 fiebant,

218 1937 286 1975 HS
316 1935 392 1972 Vsu
422 1931 469 1969 lis
497 1927 702 1968 aestimata
730 1928 799 1961 est.
859 1916 967 1956 Huic
999 1907 1227 1952 Mamertini
1258 1904 1344 1944 irati
1375 1904 1545 1947 fuerunt,

263 2051 282 2078 4
306 2037 394 2078 quod
413 2036 520 2075 ipsum
538 2031 618 2063 RS:
643 2028 731 2069 quod
748 2027 811 2058 hoc
823 2024 866 2065 p&
885 2035 891 2053 1
916 2019 1006 2060 quod
1026 2017 1058 2048 id
1076 2016 1184 2054 ipsum
1202 2010 1334 2041 Richter
1463 2015 1480 2044 7
1504 2013 1547 2033 ex

223 2083 310 2114 foed.
329 2079 471 2111 debuisti
489 2077 544 2116 Rp
559 2089 564 2107 ς
589 2073 664 2104 deb.
691 2082 734 2103 ex
751 2069 838 2101 foed.
856 2064 950 2097 5qu
1058 2070 1096 2090 10
1121 2061 1199 2087 sunt
1216 2053 1300 2092 RSp
1407 2058 1445 2087 13
1469 2047 1550 2078 Post

224 2126 362 2157 navibus
387 2121 519 2153 addunt
547 2118 622 2149 libri
649 2126 716 2146 non
747 2119 926 2150 numquam
951 2106 1051 2137 etiam
1079 2098 1281 2135 necessario,
1301 2105 1340 2125 ex
1373 2088 1552 2131 insequenti

226 2169 414 2200 enzmtt'alo:
439 2165 498 2195 del.
519 2160 675 2194 Schwabe
804 2165 844 2193 24
871 2154 930 2189 Ita,
949 2150 988 2180 C.
1007 2148 1093 2178 Cato
1113 2144 1154 2174 O.
1176 2138 1351 2172 Rossbach,
1370 2135 1435 2166 Rh.
1455 2133 1546 2163 Mus.

228 2212 347 2251 54‚284
363 2224 368 2241 :
392 2209 452 2240 alii
461 2210 538 2247 post
555 2204 681 2236 sororis
698 2201 788 2232 filius
804 2195 952 2228 exm‘disse
968 2188 1131 2223 nonnulla
1148 2184 1361 2217 arbitrantur.
1428 2177 1550 2209 Totum

229 2256 334 2285 Iocum
362 2253 429 2291 (Ita
447 2277 452 2282 .
472 2275 478 2281 .
500 2275 507 2281 .
526 2249 697 2280 aestimata
722 2244 788 2282 est)
815 2239 928 2271 delevit
953 2237 1035 2266 inter
1057 2232 1139 2263 alios
1163 2226 1269 2258 Nohl:
1294 2226 1340 2255 ita
1365 2246 1372 2254 .
1397 2244 1405 2252 .
1431 2244 1438 2252 .
1464 2219 1552 2250 filius

230 2297 367 2334 Ernesti,
387 2296 442 2334 qui
459 2300 573 2324 tamen
598 2315 604 2322 .
622 2314 629 2321 .
649 2313 656 2321 .
676 2287 852 2319 aestimata
869 2287 920 2313 est
940 2280 1109 2310 Ortmann
1257 2269 1298 2298 26
1320 2272 1390 2298 tum
1407 2275 1449 2294 rr:
1474 2268 1552 2292 tunc

231 2340 293 2371 RS
380 2347 495 2368 severa
511 2337 549 2365 πδ
567 2336 601 2371 (ξ
623 2342 682 2372 133
698 2330 802 2370 infra)
818 2341 823 2358 z
848 2335 912 2357 om.
932 2321 996 2352 RS
1134 2325 1174 2353 27
1200 2311 1261 2345 ῦῖἷι
1279 2309 1358 2341 eRS
1376 2307 1433 2348 (sic
1449 2305 1478 2344 Q
1496 2304 1551 2344 i'r),

233 2389 268 2414 ut
283 2383 330 2421 iii,
351 2386 364 2419 ξ
386 2382 444 2419 184
461 2393 466 2411 ;
490 2378 616 2416 ’χΤῐι-ιρ
632 2390 637 2408 ;
662 2375 759 2414 vulgo
778 2370 835 2402 ιΤιῐ
852 2379 890 2400 ex
911 2365 1024 2397 Velleio
1040 2362 1072 2392 ii.
1089 2361 1110 2390 8
1219 2365 1286 2387 non
1304 2350 1485 2390 sueruntpss
