1600 2704
35 114 180 150 -62160
487 113 544 150 M.
576 112 745 150 TVLLI
779 112 1087 152 CICERONIS

34 292 91 325 161

34 1138 90 1169 162

39 1748 94 1793 63

36 1807 92 1845 165

114 232 223 263 ctum
252 237 337 263 esse
368 231 406 262 et
440 225 700 271 adservatum,
733 230 773 261 ut
806 223 888 273 ipse
920 223 959 260 in
994 236 1085 261 eum
1120 230 1305 263 statueret
1337 225 1446 273 quod

113 289 320 328 videretur.
379 288 473 338 Agit
493 288 721 327 hominibus
741 288 883 338 gratias
904 295 942 328 et
972 301 1109 326 eorum
1136 287 1444 326 benivolentiam

114 367 203 403 erga
227 366 268 392 se
284 352 609 403 diligentiamque
625 354 848 391 conlaudat.
901 353 993 402 Ipse
1014 352 1278 390 infiammatus
1300 354 1445 391 scelere

113 426 152 457 et
184 420 312 457 furore
338 418 378 456 in
408 419 538 457 forum
564 417 671 456 venit
684 432 695 465 3
724 418 916 456 ardebant
942 417 1058 464 oculi,
1084 424 1168 455 toto
1195 430 1242 456 ex
1269 430 1335 455 ore
1365 430 1444 455 cru-

114 482 254 522 delitas
288 482 500 521 eminebat.
561 482 854 532 Exspectabant
888 495 1026 520 omnes
1056 495 1137 532 quo
1171 482 1333 519 tandem
1363 494 1446 531 pro-

112 560 312 598 gressurus
332 554 399 585 aut
419 546 611 596 quidnam
631 554 788 584 acturus
808 553 921 594 esset,
943 560 1033 585 cum
1054 554 1215 597 repente
1241 546 1444 585 hominem

113 611 258 662 proripi
292 619 411 661 atque
442 611 483 650 in
514 612 599 650 foro
634 611 767 649 medio
801 611 941 649 nudari
973 625 1020 650 ac
1058 611 1219 661 deligari
1249 619 1287 650 et
1313 605 1445 661 ⁴virgas

113 675 286 726 expediri
321 675 441 714 iubet.
502 675 710 714 Clamabat
745 675 808 713 ille
847 674 964 713 miser
1003 688 1043 713 se
1077 675 1204 713 civem
1243 688 1328 714 esse
1368 677 1446 713 Ro-

114 753 287 787 manum,
309 739 552 790 municipem
574 740 833 786 Consanum3
869 738 1057 777 meruisse
1086 752 1177 777 cum
1207 740 1249 776 L.
1282 739 1442 785 Raecio,

113 804 436 855 splendidissimo
458 803 590 854 equite
612 805 808 851 Romano,
830 803 899 853 qui
930 803 1143 842 Panhormi
1171 803 1444 853 negotiaretur,

113 882 159 908 ex
180 882 259 919 quo
279 870 377 907 haec
398 870 539 907 Verres
567 867 665 907 scire
695 875 837 918 posset.
897 869 1003 906 Tum
1032 867 1115 914 iste,
1137 881 1178 906 se
1209 867 1446 917 comperisse

113 947 204 972 eum
243 932 475 983 speculandi
506 945 625 971 causa
658 931 698 970 in
731 931 904 971 Siciliam
937 945 961 970 a
994 932 1162 971 ducibus
1196 931 1446 981 fugitivorum

113 1011 198 1036 esse
231 997 393 1036 missum
413 1012 423 1045 3
465 997 576 1035 cuius
607 996 662 1035 rei
691 1009 822 1046 neque
851 996 970 1035 index
998 1010 1128 1047 neque
1152 995 1358 1046 vestigium
1382 995 1447 1034 ali-

113 1064 222 1113 quod
257 1076 387 1112 neque
425 1061 597 1112 suspicio
635 1061 821 1111 cuiquam
868 1068 971 1100 esset
1009 1062 1112 1109 ulla3
1154 1060 1299 1100 deinde
1338 1060 1446 1099 iubet

113 1127 290 1177 undique
320 1126 525 1166 hominem
553 1126 899 1165 vehementissime
933 1125 1136 1165 verberari.
1196 1126 1446 1165 Caedebatur

113 1191 227 1241 virgis
248 1191 288 1229 in
309 1190 442 1230 medio
462 1192 547 1230 foro
569 1192 780 1229 Messanae
810 1190 904 1228 civis
933 1192 1151 1237 Romanus,
1172 1190 1333 1238 iudices,
1354 1204 1445 1228 cum

113 1255 262 1294 interea
295 1256 425 1294 nullus
459 1254 639 1304 gemitus,
679 1256 787 1293 nulla
824 1267 899 1292 vox
936 1254 1012 1292 alia
1046 1254 1147 1292 illius
1180 1254 1310 1292 miseri
1347 1254 1447 1294 inter

113 1321 292 1358 dolorem
313 1319 586 1369 crepitumque
606 1320 809 1369 plagarum
828 1318 1062 1358 audiebatur
1082 1318 1157 1357 nisi
1183 1320 1292 1366 haec,
1315 1321 1324 1339 ‘
1338 1318 1445 1358 Civis

114 1386 322 1425 Romanus
353 1384 465 1422 sum.²
523 1385 614 1422 Hac
642 1396 683 1422 se
709 1383 1089 1423 commemoratione
1118 1383 1283 1422 civitatis
1313 1383 1447 1422 omnia

113 1449 274 1488 verbera
308 1450 566 1498 depulsurum
601 1447 898 1497 cruciatumque
935 1462 959 1486 a
997 1461 1161 1498 corpore
1199 1449 1444 1487 deiecturum

113 1513 399 1561 arbitrabatur3
442 1512 474 1550 is
506 1525 587 1551 non
620 1513 741 1551 modo
769 1514 845 1550 hoc
873 1525 953 1550 non
980 1513 1153 1563 perfecit,
1182 1520 1224 1551 ut
1253 1513 1445 1563 virgarum

113 1577 191 1615 vim
209 1579 495 1628 deprecaretur,
517 1577 588 1615 sed
609 1589 700 1614 cum
728 1576 954 1626 imploraret
980 1577 1136 1627 saepius
1164 1585 1446 1627 usurparetque

114 1654 261 1680 nomen
293 1640 472 1688 civitatis,
506 1653 773 1688 crux‚—crux‚
810 1641 1189 1691 inquam,—infelici
1220 1649 1259 1680 et
1299 1655 1447 1680 aerum-

114 1719 224 1753 noso,
256 1705 323 1755 qui
353 1718 572 1754 numquam
603 1704 717 1743 istam
758 1712 911 1755 pestem
940 1706 1101 1753 viderat,
1131 1707 1441 1756 comparabatur.

169 1770 206 1809 O
238 1783 385 1808 nornen
417 1770 534 1808 dulce
568 1768 781 1808 libertatis!
812 1783 836 1808 ο
868 1770 926 1808 ius
956 1770 1143 1809 eximium
1172 1778 1327 1810 nostrae
1356 1771 1445 1809 civi-

114 1834 228 1873 tatis!
259 1848 284 1872 o
313 1835 374 1872 lex
404 1833 543 1873 Porcia
572 1835 757 1885 legesque
786 1835 1069 1885 Semproniae!
1098 1848 1122 1873 o
1151 1835 1317 1885 graviter
1348 1835 1445 1874 desi-

114 1901 248 1938 derata
295 1906 333 1937 et
380 1898 597 1948 aliquando
635 1898 788 1938 reddita
833 1899 939 1949 plebi
982 1901 1188 1938 Romanae
1236 1900 1444 1938 tribunicia

115 1966 310 2013 potestas!
356 1963 519 2001 Hucine
548 1964 709 2002 tandem
738 1965 837 2002 haec
867 1963 1001 2002 omnia
1026 1963 1247 2002 reciderunt
1278 1972 1321 2002 ut
1350 1964 1443 2003 civis

118 2030 321 2066 Romanus
352 2027 391 2065 in
421 2026 623 2078 provincia
650 2027 785 2078 populi
817 2027 1001 2075 Romani,
1023 2027 1063 2066 in
1092 2028 1241 2078 oppido
1273 2030 1444 2068 foedera-

115 2100 256 2139 torum,
278 2093 328 2131 ab
349 2105 397 2130 eo
418 2092 486 2142 qui
507 2092 700 2132 beneficio
729 2092 866 2143 populi
895 2092 1067 2132 Romani
1096 2093 1209 2133 fascis
1237 2101 1276 2132 et
1299 2094 1443 2133 securis

134 2204 177 2233 ‘5
202 2194 356 2226 homines
386 2193 447 2225 ΒΨ
479 2194 512 2235 (ξ
548 2204 609 2234 152
639 2196 758 2235 supra)
892 2205 913 2235 9
936 2195 1108 2226 Cosanum
1138 2195 1223 2235 RSp
1313 2196 1441 2226 Raecio

116 2237 249 2267 Halm:
285 2238 392 2268 Recio
417 2238 463 2275 R,
494 2238 595 2268 Retio
622 2237 708 2269 SD:
742 2237 856 2269 Pretio
879 2240 923 2278 pff
1059 2249 1094 2269 11
1120 2239 1326 2278 comperisse
1353 2240 1399 2269 ait
1425 2241 1441 2269 δ

120 2289 157 2310 12
180 2280 221 2310 ab
238 2281 254 2309 ὃ
346 2283 384 2311 18
409 2280 499 2311 Civis
518 2281 618 2312 Rom.
636 2291 719 2312 sum.
766 2281 822 2312 Ab
837 2281 888 2312 lzz's
906 2281 1009 2312 verbis
1025 2292 1126 2321 usque
1142 2282 1189 2312 ad
1203 2282 1297 2313 verba
1315 2292 1381 2312 non
1399 2282 1440 2312 ad

118 2333 175 2354 cos
195 2327 209 2360 ξ
232 2333 287 2361 171
307 2323 460 2362 deficiunt
474 2323 562 2354 codd.
583 2323 674 2355 st
791 2335 830 2363 19
853 2335 889 2356 sc
906 2335 973 2355 om.
994 2324 1071 2355 Gell.
1089 2335 1121 2356 x.
1140 2335 1170 2363 3,
1195 2335 1232 2355 12
1343 2334 1379 2354 21
1407 2330 1441 2355 at

118 2376 185 2396 non
202 2365 315 2396 Eberh.
469 2377 509 2404 24
535 2372 663 2405 pestem
682 2368 723 2397 nk
739 2379 745 2398 :
771 2373 970 2406 potestatem
988 2370 1025 2399 δε
1051 2367 1111 2399 del.
1129 2367 1320 2406 Sedlmayer
1333 2367 1386 2407 (cf.
1405 2369 1440 2397 in

119 2408 187 2439 Ceu.
208 2409 228 2440 i.
250 2413 265 2447 ξ,
284 2411 319 2449 2)
453 2411 494 2440 28
517 2410 601 2440 haec
615 2409 690 2442 Gell.
712 2422 718 2441 :
742 2421 806 2441 om.
824 2412 865 2441 πά»

1469 816 1508 845 10

1467 1142 1504 1173 Ι5

1466 1464 1508 1492 20

1467 1785 1504 1817 25

1464 2106 1504 2136 30
