1600 2704
1512 51 1579 62 rr

157 71 426 113 ACTIONIS
457 77 519 115 IN
550 79 594 118 C.
627 82 867 123 VERREM
899 89 1198 133 SECVNDAE
1228 99 1331 137 LIB.
1356 102 1375 138 Ι
1432 111 1457 150 5
1478 118 1515 151 ¹3
1537 73 1552 87 O

127 175 438 228 inspectantibus
476 186 527 224 ab
566 187 640 226 isto
680 190 806 231 civem
846 196 1085 248 Romanum,
1126 203 1194 252 qui
1233 209 1452 257 cognitores

125 241 306 282 homines
327 246 515 288 honestos
536 252 655 300 daret,
679 256 878 297 sublatum
899 274 984 300 esse
1008 262 1048 301 in
1069 277 1225 306 crucem
1247 271 1428 313 dixerunt
1440 291 1452 322 ,-

121 308 284 348 credent
311 323 450 351 omnes
480 326 505 351 v
534 324 573 354 et
603 330 693 357 xxx
727 321 850 362 tribus
883 326 1036 365 homini
1068 331 1298 380 gravissimo
1330 346 1450 388 atque
1471 354 1509 385 14

119 372 378 423 ornatissimo,
407 379 464 416 M.
486 381 631 430 Annio,
661 385 727 434 qui
757 399 799 425 se
827 399 1033 438 praesente
1061 394 1188 434 civem
1219 399 1446 441 Romanum

79 449 96 478 5
117 436 242 474 securi
261 451 491 487 percussum
513 458 597 484 esse
618 447 714 487 dixit
727 464 738 497 3
767 452 948 492 audietur
966 469 990 494 a
1009 461 1158 508 populo
1183 462 1370 504 Romano
1390 468 1446 506 vir

114 498 329 551 primarius,
353 518 474 556 eques
496 510 711 561 Romanus,
738 516 779 553 L.
804 518 973 568 Flavius,
989 522 1056 571 qui
1077 536 1192 564 suum
1212 528 1441 570 familiarem

113 564 374 618 Herennium,
412 574 695 622 negotiatorem
731 592 777 618 ex
811 582 954 632 Africa,
990 599 1081 625 cum
1115 603 1207 629 eum
1241 594 1440 642 Syracusis

108 631 276 680 amplius
297 644 455 675 centum
477 639 581 679 cives
604 643 776 683 Romani
803 661 1086 697 cognoscerent
1111 655 1438 711 lacrimantesque

107 694 374 747 defenderent,
391 715 462 751 pro
479 705 705 747 testimonio
720 710 815 749 dixit
833 715 958 752 securi
975 729 1059 755 esse
1074 731 1302 768 percussum
1317 738 1328 772 ,·
1350 738 1435 775 pro-

48 771 86 792 10
106 758 215 798 babit
235 763 355 803 fidem
376 774 414 804 et
435 771 706 811 auctoritatem
729 784 767 814 et
791 777 1019 827 religionem
1043 795 1155 822 suam
1180 787 1223 824 L.
1247 788 1430 838 Suettius,

102 825 225 864 homo
254 829 439 870 omnibus
467 838 706 877 ornamentis
735 843 945 892 praeditus,
969 847 1035 896 qui
1061 847 1208 889 iuratus
1234 855 1341 903 apud
1361 868 1430 895 vos

100 888 196 929 dixit
235 895 380 933 multos
420 897 514 937 civis
554 902 758 943 Romanos
798 906 837 944 in
877 910 1076 950 lautumiis
1114 913 1224 954 istius
1262 917 1428 969 imperio

98 956 367 999 crudelissime
409 975 478 1013 per
516 965 593 1004 vim
637 977 762 1008 morte
801 985 886 1011 esse
926 977 1120 1016 multatos.
1196 982 1314 1021 Hanc
1353 998 1426 1035 ego

96 1032 255 1061 causam
285 1038 375 1065 cum
409 1041 522 1079 agam
557 1032 750 1074 beneficio
784 1039 920 1088 populi
955 1042 1128 1082 Romani
1161 1046 1212 1084 de
1246 1049 1335 1087 loco
1365 1064 1423 1090 su—

36 1093 72 1126 15
92 1085 254 1135 periore,
276 1103 358 1129 non
379 1105 514 1133 vereor
533 1110 583 1136 ne
609 1107 675 1137 aut
702 1100 819 1140 istum
841 1103 897 1142 vis
919 1107 997 1144 ulla
1017 1121 1063 1146 ex
1086 1111 1222 1160 populi
1248 1114 1421 1155 Romani

91 1151 279 1202 suffragiis
300 1155 458 1207 eripere,
481 1168 548 1199 aut
575 1176 598 1200 a
625 1176 688 1202 me
712 1167 835 1205 ullum
857 1182 1000 1209 munus
1021 1173 1230 1215 aedilitatis
1250 1180 1418 1230 amplius

88 1223 155 1253 aut
173 1218 317 1266 gratius
338 1225 486 1273 populo
510 1226 694 1268 Romano
714 1244 799 1270 esse
819 1234 952 1282 possit.
1435 1281 1463 1318 6

141 1281 391 1335 Quapropter
411 1302 549 1329 omnes
576 1291 615 1330 in
642 1295 718 1333 hoc
746 1296 893 1337 iudicio
917 1310 1109 1342 conentur
1129 1306 1262 1346 omnia
1276 1323 1287 1356 ,-
1317 1310 1414 1350 nihil
1436 1349 1471 1380 15

85 1352 144 1383 est
172 1345 250 1385 iam
270 1353 379 1399 quod
409 1352 449 1391 in
478 1356 552 1394 hac
581 1371 699 1398 causa
728 1375 891 1411 peccare
912 1366 1131 1417 quisquam,
1155 1370 1315 1420 iudices,
1338 1376 1412 1415 nisi

24 1421 66 1444 20
83 1418 212 1450 vestro
231 1414 406 1463 periculo
426 1421 559 1469 possit.
612 1425 700 1463 Mea
721 1427 882 1476 quidem
904 1431 1001 1470 ratio
1022 1447 1112 1472 cum
1133 1435 1172 1474 in
1193 1440 1410 1487 praeteritis

80 1474 196 1514 rebus
227 1487 285 1516 est
314 1483 480 1532 cognita,
510 1494 593 1525 tuni
623 1488 663 1527 in
693 1491 850 1542 reliquis
880 1498 1079 1545 explorata
1106 1507 1225 1550 atque
1254 1506 1408 1553 provisa

78 1547 146 1577 est.
206 1543 292 1592 Ego
313 1559 446 1586 meum
467 1552 642 1591 studium
664 1554 703 1593 in
725 1570 805 1595 rem
827 1560 1027 1608 publicam
1048 1563 1124 1602 iam
1146 1565 1213 1604 illo
1230 1575 1406 1619 tempore

75 1606 231 1644 ostendi
248 1621 337 1647 cum
359 1612 478 1663 longo
499 1615 702 1658 intervallo
718 1630 887 1661 veterem
910 1629 1239 1669 consuetudinem
1260 1635 1402 1683 rettuli,

73 1676 111 1706 et
127 1679 262 1720 rogatu
279 1675 475 1716 sociorum
491 1688 609 1731 atque
625 1685 841 1725 amicorum
863 1691 999 1740 populi
1021 1694 1203 1742 Romani,
1223 1711 1401 1738 meorum

12 1744 50 1776 25
71 1741 203 1772 autem
238 1742 556 1792 necessariorum,
594 1761 740 1788 nomen
776 1753 947 1793 hominis
978 1759 1229 1798 audacissimi
1263 1764 1397 1803 detuli.

71 1797 192 1846 Quod
213 1814 346 1842 meum
367 1807 512 1847 factum
534 1813 734 1853 lectissimi
755 1817 823 1855 viri
847 1827 966 1870 atque
987 1823 1233 1873 ornatissimi,
1257 1841 1337 1877 quo
1358 1830 1397 1868 in

68 1874 232 1902 numero
253 1880 274 1904 e
295 1870 416 1909 vobis·
427 1877 647 1924 complures
668 1881 835 1930 fuerunt,
854 1883 906 1922 ita
926 1887 1189 1935 probaverunt
1210 1899 1252 1929 ut
1273 1892 1307 1930 ei
1328 1894 1394 1943 qui

65 1924 175 1965 istius
189 1940 372 1978 quaestor
385 1936 530 1985 fuisset,
546 1949 583 1978 et
599 1942 649 1980 ab
665 1942 740 1982 isto
753 1947 879 1986 laesus
894 1949 1116 1990 inimicitias
1132 1952 1252 1993 iustas
1268 1969 1394 2005 perse-

64 2000 257 2041 queretur,
280 2010 360 2035 non
382 2002 503 2040 modo
524 2004 725 2046 deferendi
750 2012 930 2060 nominis,
956 2016 1025 2054 sed
1046 2030 1096 2055 ne
1116 2018 1390 2061 subscribendi

24 2068 44 2089 0
62 2055 234 2105 quidem,
251 2073 339 2099 cum
358 2063 397 2101 id
418 2069 642 2117 postularet,
661 2073 833 2113 facerent
852 2086 1100 2126 potestatem.
1146 2084 1193 2121 In
1215 2085 1385 2126 Siciliam
1411 2093 1448 2126 16

103 2167 120 2196 7
145 2168 219 2190 cum
237 2172 313 2193 eum
325 2167 392 2203 pfi:
417 2177 491 2199 cum
509 2170 596 2202 DQ:
621 2184 719 2212 quern
746 2176 836 2208 Bake
864 2180 895 2216 ki,
918 2184 932 2217 5
955 2186 1031 2222 104)
1168 2197 1208 2219 10
1233 2188 1385 2222 Suettius

60 2199 94 2230 C.
119 2200 146 2232 I.
174 2203 212 2234 L.
234 2205 277 2236 iv.
306 2217 410 2246 1190:
436 2211 570 2245 Suetius
597 2215 639 2246 b:
673 2217 832 2252 Suectius
860 2222 960 2264 DpG2
989 2227 1037 2267 (ii,
1070 2231 1086 2265 ξ
1112 2239 1176 2268 31;
1201 2242 1233 2272 ν,
1262 2237 1277 2270 ξ
1307 2236 1382 2274 147)

60 2244 98 2273 18
121 2244 155 2274 in
173 2246 236 2277 hoc
253 2248 340 2280 Dal.
354 2252 413 2283 br:
429 2254 647 2296 hocpq,fort.
670 2267 746 2292 recte
764 2263 801 2303 (i,
821 2268 836 2302 §
855 2267 920 2305 63;
946 2269 979 2307 ii,
993 2272 1030 2308 ἐξ
1048 2273 1118 2312 118,
1140 2275 1218 2315 133)
1289 2300 1292 2302 -
1344 2288 1382 2318 19

56 2291 107 2315 est
120 2289 208 2319 enim
220 2301 260 2328 qr
349 2295 479 2328 iudices
495 2300 670 2340 quisquam
689 2305 729 2334 nb
818 2318 859 2347 27
884 2320 902 2340 e
920 2321 1060 2346 numero
1077 2315 1112 2346 D
1126 2318 1170 2349 αἱ.
1261 2321 1380 2360 proba-

55 2336 171 2360 verunt
188 2331 244 2373 Dp
259 2335 300 2366 al.
324 2349 330 2366 :
355 2340 537 2377 probarunt
555 2346 570 2374 δ
586 2355 593 2375 :
618 2349 920 2387 comprobaverunt
937 2366 976 2395 qr

1252 2408 1291 2436 4*
