1600 2704
700 80 1022 119 PRAEFATIO

254 188 332 226 Sed
353 186 450 225 mira
470 187 570 226 inter
599 189 697 227 haec
724 202 784 228 res
811 191 1040 229 observatur
1060 193 1183 240 quod,
1204 205 1293 230 cum
1321 207 1390 242 per
1409 194 1527 234 libros

198 251 294 289 ii—iii
333 251 371 289 in
412 252 526 291 variis
574 253 810 293 lectionibus
859 269 1015 305 prorsus
1063 256 1163 294 inter
1201 270 1242 296 se
1281 258 1529 296 consentiant

207 317 333 356 VCcO
352 316 416 367 (cf.
437 319 583 368 Am.J.
606 319 680 357 Ph.
704 319 800 366 xxvi,
824 333 888 369 pp.
913 334 1055 367 420-1,
1079 334 1168 370 423,
1196 322 1303 371 428),
1326 322 1366 359 in
1397 324 1530 361 conlo-

196 381 352 420 catione
391 383 600 420 verborum
648 382 785 434 incipit
831 386 1026 434 quaedam
1075 398 1261 435 apparere
1308 385 1529 424 differentia

195 453 315 495 atque
335 445 549 485 diversitas.
610 449 643 485 E
665 447 821 497 triginta
841 449 921 486 fere
945 449 1032 487 libri
1063 449 1226 488 secundi
1254 450 1350 488 locis
1378 450 1418 488 in
1446 450 1528 500 qui-

196 512 270 548 bus
309 510 467 549 codices
506 511 606 549 inter
644 525 685 550 se
724 513 941 563 comparari
976 522 1152 563 possunt,
1189 522 1227 552 et
1261 514 1327 563 qui
1362 514 1526 553 alicuius

196 575 387 613 momenti
417 576 591 614 habendi
619 585 719 624 sunt,
744 577 913 616 discedit
938 579 973 617 O
992 592 1016 616 a
1047 579 1082 625 V,
1107 581 1214 628 quod
1239 580 1290 617 ad
1317 580 1525 617 verborum

195 638 374 677 ordinem
395 639 545 687 attinet,
561 641 668 678 haud
689 642 844 691 saepius
866 655 984 691 quam
1004 642 1161 681 viciens.
1224 644 1274 681 Et
1294 657 1362 693 per
1382 643 1524 682 librum

194 703 351 741 tertium
382 703 520 742 crescit
550 706 647 742 haec
678 705 950 756 discrepantia,
980 707 1159 756 quamvis
1180 708 1219 745 in
1241 708 1379 746 ceteris
1410 709 1525 746 rebus

194 767 294 805 inter
328 780 369 805 se
401 769 633 818 plerumque
663 778 880 820 congruant
911 772 1028 810 codd.
1062 772 1094 807 V
1120 780 1157 810 et
1193 773 1237 810 O.
1298 772 1525 822 Nonaginta

194 840 285 869 sunt
304 832 384 870 fere
405 831 582 869 eiusdem
603 833 755 881 generis
775 834 851 872 loci
881 835 921 872 in
948 835 1092 884 quibus
1121 836 1211 874 licet
1248 837 1283 873 V
1301 850 1391 875 cum
1421 838 1456 875 O
1486 837 1525 874 in

192 896 402 934 verborum
431 895 693 933 collocatione
723 908 977 944 comparare:
1008 899 1048 932 in
1077 900 1136 937 his
1167 900 1345 950 congruit
1370 902 1405 939 0
1433 914 1523 938 cum

204 961 238 996 Γ
269 967 422 998 tantum
462 958 729 1006 undeviciens,
761 959 802 996 in
831 959 969 997 ceteris
1004 959 1189 997 omnibus
1220 961 1316 997 locis
1356 964 1524 1002 discedit

193 1038 214 1062 a
250 1025 286 1062 1⁷.
333 1025 426 1062 Non
457 1023 743 1073 improbandus
770 1031 829 1061 est
857 1024 954 1061 ordo
986 1024 1194 1061 verborum
1230 1023 1269 1060 in
1302 1024 1336 1060 V
1360 1024 1525 1073 positus,

193 1088 372 1139 quamvis
418 1095 608 1137 repugnet
642 1089 686 1133 0,
710 1087 750 1125 in
784 1087 893 1126 hisce
928 1087 1050 1125 locis:
1082 1088 1131 1133 iii,
1156 1089 1193 1136 §§
1218 1101 1275 1137 23,
1305 1100 1367 1138 25,
1392 1091 1451 1135 26,
1477 1103 1524 1137 29

193 1153 299 1205 (bis),
325 1165 386 1201 47,
411 1155 471 1199 68,
500 1166 585 1201 130,
613 1164 700 1202 175,
726 1154 798 1202 183
820 1152 926 1203 (bis),
954 1166 1037 1201 193,
1065 1166 1150 1201 213.

249 1220 381 1267 Quare
406 1218 566 1256 miretur
586 1231 705 1256 nemo
733 1231 796 1256 me
816 1217 856 1254 in
887 1219 961 1255 hac
993 1217 1167 1256 editione
1190 1220 1234 1257 C.
1260 1220 1301 1255 F.
1324 1220 1380 1256 W.
1400 1220 1525 1256 Muel-

193 1287 317 1323 lerum
357 1296 437 1321 non
472 1295 558 1321 esse
600 1290 779 1320 secutum
819 1282 887 1331 qui
926 1295 994 1331 per
1032 1282 1151 1320 libros
1186 1282 1281 1320 ii—-iii
1315 1283 1521 1321 verborum

194 1347 512 1387 conlocationem
534 1346 573 1384 in
598 1347 632 1385 O
651 1346 821 1396 positam
847 1359 1000 1395 semper
1027 1347 1105 1384 fere
1130 1346 1170 1384 in
1190 1354 1339 1385 textum
1365 1347 1523 1397 recepit.

194 1412 341 1462 Quaeri
362 1418 491 1461 potest
513 1424 608 1448 num
629 1412 717 1449 cod.
745 1412 780 1449 0
799 1411 839 1448 in
863 1412 937 1448 hac
957 1424 997 1448 re
1018 1410 1239 1460 improbare
1269 1411 1375 1449 idem
1396 1413 1523 1449 valeat

193 1478 303 1527 quod
315 1476 589 1514 auctoritatem
604 1475 725 1526 ipsius
743 1475 1015 1515 Cluniacensis
1032 1477 1270 1514 detrectare:
1306 1476 1395 1514 vide
1423 1488 1524 1524 quae

194 1541 329 1591 scripsi
350 1541 390 1579 in
411 1542 557 1592 Anas
580 1542 654 1579 Plz.
678 1540 803 1586 xxviii,
827 1554 890 1590 pp.
919 1554 991 1590 149
1013 1554 1097 1589 sqq.
1157 1542 1250 1578 Non
1277 1540 1403 1578 ausim
1424 1539 1464 1577 in
1485 1554 1525 1577 re

194 1606 316 1644 dubia
336 1614 454 1655 atque
475 1605 633 1651 difficili,
658 1618 759 1654 quae
779 1604 853 1642 nisi
874 1618 976 1642 nova
996 1604 1100 1642 nacti
1130 1604 1274 1642 erimus
1295 1603 1523 1642 adiumenta

194 1670 328 1708 critica
366 1684 446 1708 non
486 1669 627 1720 poterit
662 1671 776 1719 plane
808 1669 1025 1715 diiudicari,
1059 1668 1276 1718 quidquam
1312 1681 1385 1717 pro
1417 1675 1524 1706 certo

194 1735 384 1772 affirmare
404 1750 410 1772 :
442 1736 511 1772 sed
528 1734 681 1772 videtur
702 1733 798 1770 mihi
815 1733 976 1783 quidem
997 1732 1173 1770 librarius
1195 1733 1281 1770 cod.
1305 1734 1351 1778 O,
1371 1746 1524 1770 summa

195 1798 342 1848 alioqui
377 1798 563 1847 religione
597 1806 635 1836 et
670 1799 748 1836 fide
787 1797 1059 1842 transcribens,
1096 1797 1307 1834 verborum
1343 1796 1522 1834 ordinem

194 1862 432 1912 aliquotiens
453 1875 525 1900 suo
547 1863 675 1900 Marte
691 1861 921 1899 immutasse
939 1876 946 1898 :
977 1863 1157 1910 exemplo
1174 1861 1251 1898 sint
1272 1861 1308 1907 ii,
1325 1862 1363 1910 ἓξ
1386 1876 1399 1898 1
1413 1876 1443 1908 1,
1463 1863 1522 1907 28,

202 1941 285 1974 114,
314 1939 398 1975 177,
421 1926 489 1964 ubi
519 1927 569 1964 ab
599 1926 685 1976 ipso
717 1925 969 1965 Cluniacensi
998 1926 1195 1971 refutatur,
1226 1933 1264 1963 et
1288 1925 1326 1973 ἐξ
1349 1937 1408 1974 52,
1438 1938 1523 1973 149,

202 2004 287 2042 154,
318 1992 368 2030 iii.
392 1993 430 2041 ἕξ
460 1993 519 2038 28,
553 2005 603 2040 34
640 1991 709 2029 ubi
742 2004 764 2028 a
796 1990 964 2028 lectione
998 1989 1165 2028 discedit
1201 1991 1236 2027 O
1268 2001 1388 2038 quam
1419 1987 1459 2025 in
1495 1989 1529 2026 C

197 2058 350 2095 stetisse
389 2058 560 2094 referunt
601 2055 667 2105 qui
702 2056 788 2093 cod.
824 2054 1128 2093 Cluniacensem
1169 2053 1347 2090 nondum
1391 2053 1527 2089 decur-
1571 2060 1574 2064 '

197 2128 321 2158 tatum
352 2121 613 2158 contulerunt.
674 2120 733 2158 Cf.
763 2120 851 2156 Am.
871 2119 914 2169 J.
943 2119 1019 2155 Ph.
1052 2117 1176 2162 xxviii,
1209 2130 1244 2166 p.
1273 2128 1356 2165 151.
1418 2114 1526 2163 Quin

198 2184 316 2222 etiam
347 2183 377 2222 si
408 2197 546 2222 omnes
576 2196 677 2232 quae
707 2182 826 2221 hodie
848 2189 1001 2220 exstant
1030 2181 1070 2218 in
1105 2183 1140 2219 Ο
1166 2181 1372 2218 verborum
1406 2186 1528 2216 trans-

199 2250 414 2300 positiones
453 2262 500 2287 ex
538 2248 624 2298 ipso
663 2247 930 2287 Cluniaciensi
965 2254 1096 2285 essent
1130 2243 1395 2293 transcriptae,
1432 2257 1527 2293 quo-

200 2317 323 2355 modo
357 2316 398 2353 fit
432 2322 475 2352 ut
504 2321 561 2352 tot
591 2313 821 2351 varietatum
856 2314 935 2351 fere
971 2313 1116 2349 nullam
1147 2318 1213 2348 aut
1248 2309 1429 2347 Nannius
1459 2316 1527 2347 aut

837 2391 896 2413 xvl
