1600 2704
122 133 179 171 68
201 146 261 182 157
564 138 618 173 M.
652 138 820 175 TVLLI
851 137 1159 176 CICERONIS

198 256 351 293 tassem,
375 246 449 284 nisi
470 255 511 285 ut
532 260 579 285 ex
598 260 644 285 ea
660 246 780 285 totius
799 246 968 286 familiae
989 254 1197 297 praecepta
1219 254 1257 285 et
1283 246 1460 285 instituta
1486 254 1524 285 et

196 310 445 360 disciplinam
485 311 784 360 cognosceretis.
845 311 998 350 Videtis
1030 319 1072 350 ut
1111 318 1270 349 moneat
1301 310 1522 361 Apronium

195 375 339 425 quibus
378 376 493 414 rebus
532 389 578 413 ac
609 375 838 414 muneribus
877 389 918 414 se
948 375 1120 414 insinuet
1154 375 1193 413 in
1224 374 1523 413 familiaritatem

198 439 360 486 Metelli,
394 439 596 478 Volteium
631 448 867 490 corrumpat,
899 440 1045 478 scribas
1076 452 1369 489 accensumque
1398 439 1524 488 pretio

195 504 376 543 deleniat.
437 506 495 542 Ea
515 504 703 554 praecipit
723 518 825 554 quae
855 504 962 551 vidit,
987 518 1033 543 ea
1053 512 1188 543 monet
1208 504 1381 542 alienum
1402 504 1524 541 homi-
1544 518 1561 549 5

196 582 285 607 nem
314 582 414 619 quae
435 569 544 607 domi
565 569 704 608 didicit
725 570 832 619 ipse3
861 583 994 608 verum
1016 570 1056 608 in
1085 571 1161 609 hoc
1182 578 1280 608 errat
1301 583 1392 616 uno,
1416 570 1524 618 quod

196 632 388 671 existimat
409 634 568 671 easdem
590 632 671 671 vias
685 635 736 672 ad
751 633 928 672 omnium
946 633 1224 672 familiaritates
1238 647 1323 673 esse
1341 633 1521 671 munitas.

116 702 174 741 158
196 698 449 746 Quamquam
480 697 620 735 merito
649 711 737 735 sum
767 698 885 736 iratus
917 700 1092 746 Metello,
1125 706 1257 737 tamen
1296 699 1393 736 haec
1423 711 1524 746 quae

194 774 283 799 vera
303 769 393 799 sunt
414 761 555 800 dicam.
616 762 815 813 Apronius
842 762 971 812 ipsum
994 764 1200 801 Metellum
1221 776 1302 800 non
1323 762 1458 812 pretio,
1483 771 1524 799 ut

196 827 367 871 Verrem,
397 840 477 864 non
503 826 696 874 convivio,
729 841 810 865 non
843 827 1017 875 muliere,
1046 841 1127 865 non
1157 840 1338 866 sermone
1368 827 1524 876 impuro
1547 839 1584 860 10

193 899 312 940 atque
333 891 514 941 improbo
535 899 668 941 posset
688 905 948 942 corrumpere,
968 892 1111 942 quibus
1136 892 1252 932 rebus
1277 905 1356 931 non
1377 891 1523 930 sensim

194 963 311 1004 atque
342 957 544 994 moderate
572 957 624 995 ad
663 956 773 995 istius
802 956 1016 995 amicitiam
1045 958 1280 1007 adrepserat,
1315 957 1385 995 sed
1416 955 1522 994 brevi

195 1029 371 1069 tempore
405 1028 532 1058 totum
563 1021 766 1059 hominem
797 1029 1000 1071 totamque
1030 1021 1113 1060 eius
1144 1028 1363 1071 praeturam
1394 1033 1523 1071 posse-

194 1086 303 1122 derat
322 1099 331 1131 3
359 1086 563 1123 cohortem
583 1094 715 1123 autem
735 1086 897 1132 Metelli,
917 1099 1035 1135 quam
1056 1093 1181 1133 vocat,
1200 1085 1297 1135 quid
1317 1092 1398 1123 erat
1414 1086 1522 1134 quod

194 1158 470 1199 corrumperet,
481 1163 612 1199 exqua
625 1157 915 1200 recuperatores
933 1152 972 1188 in
985 1158 1178 1189 aratorem
1195 1150 1523 1189 nullidabantur?
1546 1159 1580 1190 15

112 1223 174 1257 159
195 1215 299 1252 Nam
324 1215 432 1264 quod
462 1214 595 1252 scribit
626 1214 779 1253 Metelli
809 1214 932 1252 filium
957 1228 1122 1264 puerum
1152 1227 1247 1260 esse,
1272 1215 1523 1253 vehementer

113 1866 172 1897 160

194 1286 292 1316 errat
311 1293 318 1323 ;
347 1292 427 1316 non
441 1279 546 1316 enim
566 1279 617 1317 ad
639 1278 768 1316 omnis
788 1286 1012 1327 praetorum
1033 1278 1133 1317 filios
1150 1279 1255 1317 idem
1270 1278 1398 1317 aditus
1419 1287 1519 1316 sunt.

194 1344 231 1382 O
255 1342 521 1387 Timarchide,
544 1343 696 1381 Metelli
720 1350 778 1381 est
809 1342 910 1381 filius
937 1343 976 1381 in
1003 1343 1203 1393 provincia
1223 1357 1303 1381 non
1323 1357 1429 1393 puer,
1453 1344 1522 1381 sed

192 1409 425 1446 adulescens
453 1408 606 1456 pudens
631 1421 676 1446 ac
707 1408 850 1455 bonus,
878 1407 1020 1457 dignus
1049 1407 1116 1446 illo
1144 1409 1233 1446 loco
1261 1420 1308 1446 ac
1338 1408 1498 1446 nomine
1513 1421 1524 1454 3

193 1479 318 1510 vester
339 1471 410 1510 iste
443 1485 539 1521 puer
566 1479 829 1522 praetextatus
849 1471 889 1510 in
910 1471 1110 1522 provincia
1129 1485 1249 1521 quem
1275 1473 1326 1511 ad
1356 1473 1521 1510 modum
1543 1485 1582 1507 20

194 1536 327 1575 fuisset
348 1550 428 1574 non
449 1536 622 1575 dicerem
643 1536 676 1574 si
696 1535 806 1586 pueri
826 1550 911 1575 esse
933 1536 1038 1574 illam
1059 1538 1215 1587 culpam
1235 1550 1281 1574 ac
1302 1550 1383 1575 non
1404 1536 1521 1587 patris

193 1601 465 1639 existimarem.
525 1603 652 1648 Tune,
675 1614 767 1640 eum
792 1609 830 1640 te
856 1614 901 1639 ac
926 1609 1034 1639 tuam
1055 1601 1175 1640 vitam
1195 1614 1342 1648 nosses,
1366 1601 1405 1639 in
1431 1601 1521 1639 Sici-

193 1665 283 1703 liam
335 1674 465 1704 tecum
515 1667 705 1715 grandem
757 1673 1041 1716 praetextatum
1081 1665 1205 1704 filiurn
1243 1666 1431 1713 ducebas,
1465 1675 1518 1712 ut,

191 1729 343 1768 etiamsi
383 1738 519 1768 natura
558 1744 723 1779 puerum
761 1744 785 1768 a
818 1730 989 1781 paternis
1027 1730 1129 1768 vitiis
1167 1738 1286 1780 atque
1316 1744 1338 1768 a
1369 1731 1520 1780 generis

191 1794 447 1833 similitudine
467 1796 692 1842 abduceret,
715 1796 963 1835 consuetudo
983 1803 1115 1834 tamen
1145 1809 1235 1834 eum
1257 1803 1294 1833 et
1314 1795 1521 1845 disciplina
1541 1811 1580 1843 ²5
1597 1830 1600 1860 1

191 1860 427 1909 degenerare
457 1873 537 1898 non
568 1859 740 1898 sineret?
798 1861 875 1898 Fac
904 1860 1009 1898 enim
1041 1860 1158 1899 fuisse
1188 1859 1226 1897 in
1256 1873 1305 1898 eo
1334 1861 1378 1899 C.
1412 1860 1519 1898 Laeli

190 1931 257 1962 aut
283 1925 338 1961 M.
365 1923 527 1962 Catonis
558 1924 761 1963 materiem
781 1932 900 1975 atque
921 1925 1095 1964 indolem
1116 1941 1122 1963 :
1152 1925 1248 1975 quid
1274 1938 1321 1963 ex
1350 1938 1398 1963 eo
1427 1924 1519 1963 boni

192 1987 335 2038 sperari
355 1996 473 2037 atque
494 1988 594 2026 effici
619 1997 748 2038 potest
768 1989 835 2039 qui
856 1989 894 2027 in
923 1990 1041 2039 patris
1068 1989 1216 2028 luxurie
1241 1989 1297 2027 sic
1317 1989 1451 2028 vixerit
1478 1997 1520 2027 ut

192 2055 343 2091 nullum
393 2066 580 2103 umquam
635 2055 825 2104 pudicum
877 2069 1005 2104 neque
1066 2055 1240 2093 sobrium
1294 2054 1517 2093 convivium

1595 1902 1600 1962 ἕ

1594 1979 1598 2024 1'

1593 2028 1597 2054 ι

240 2167 252 2186 1
280 2157 325 2186 uti
345 2157 375 2186 O
488 2168 508 2196 3
531 2168 570 2188 se
586 2158 634 2188 cO
652 2169 659 2188 :
683 2168 749 2189 om.
770 2157 835 2189 rell.
950 2170 969 2197 4
992 2168 1222 2197 accensusque
1242 2158 1282 2195 O,
1303 2157 1387 2188 unde
1402 2156 1517 2188 Muell.

195 2209 311 2238 -osque
467 2210 486 2238 5
510 2201 648 2231 deliniat
661 2207 685 2241 p
844 2211 882 2232 10
906 2211 1063 2232 sermone
1081 2201 1254 2241 incautop
1421 2209 1459 2239 15
1484 2200 1516 2230 in

193 2248 358 2273 aratorem
375 2243 422 2273 cO
439 2255 445 2274 :
469 2254 533 2274 om.
549 2249 573 2283 p
589 2248 617 2275 et
628 2244 707 2284 pler.
834 2255 874 2284 19
896 2245 1028 2283 pudens
1045 2254 1083 2275 ac
1100 2244 1209 2275 bonus
1220 2248 1245 2283 p
1260 2247 1289 2275 et
1299 2243 1380 2284 pler.
1402 2244 1435 2283 (ᾖ
1457 2245 1518 2274 160

194 2284 295 2323 infra)
315 2296 321 2314 :
360 2285 467 2316 bonus
484 2297 522 2317 ac
539 2288 670 2325 pudens
687 2288 870 2327 (prudens)
891 2287 922 2318 O
939 2288 983 2319 al.
1133 2297 1176 2318 20
1199 2287 1263 2318 iste
1282 2287 1312 2318 O
1329 2298 1335 2317 :
1375 2287 1430 2318 ille
1448 2286 1512 2318 rell.

195 2337 231 2356 21
257 2328 355 2367 [non]
371 2334 447 2358 ante
463 2330 609 2360 dicerem
627 2330 757 2371 Pluyg„
773 2330 892 2371 Kays.‚
908 2329 1020 2363 Muell.
1114 2331 1157 2361 26
1179 2340 1220 2361 eo
1237 2329 1285 2363 cO
1303 2341 1310 2362 ε
1334 2329 1399 2362 isto
1410 2334 1435 2369 p
1448 2329 1511 2360 rell.

196 2381 235 2408 27
260 2375 316 2401 aut
333 2370 379 2400 cO
395 2382 400 2400 :
427 2382 490 2402 ont.
507 2377 531 2411 p
548 2373 614 2404 rell.
