1600 2704
87 101 216 137 41107
531 90 586 126 M.
618 91 787 129 TVLLI
818 91 1125 131 CICERONIS

152 202 291 251 ipsum,
329 201 569 241 cuicuimodi
606 210 677 250 est,
716 202 925 252 quisquam
964 202 1159 253 supplicio
1189 211 1348 254 propter
1386 204 1484 244 illud

153 266 451 305 incommodum
473 266 636 316 dignum
658 274 835 317 putaret3
864 280 956 305 narn
977 267 1073 317 quid
1094 268 1331 307 Cleomenes
1357 269 1484 308 facere

151 331 278 380 potuit
294 333 446 369 ?—non
477 331 581 370 enim
616 345 776 381 possum
810 344 1051 382 quemquam
1079 331 1304 371 insimulare
1330 334 1484 372 falso—-

150 396 261 445 quid,
281 396 453 446 inquam,
479 409 622 445 magno
652 410 770 445 opere
799 395 927 446 potuit
957 397 1195 436 Cleomenes
1224 398 1351 436 facere
1371 397 1482 437 istius

149 460 308 499 avaritia
336 461 501 499 navibus
532 460 769 498 exinanitis?
824 463 957 510 Atque
980 474 1072 499 eum
1101 460 1237 500 vident
1265 463 1404 501 sedere
1430 464 1480 501 ad

149 526 249 562 latus
279 525 467 575 praetoris
497 533 535 563 et
565 526 616 564 ad
645 538 778 563 aurem
809 524 1058 572 familiariter,
1081 533 1124 564 ut
1153 525 1290 565 solitus
1311 534 1403 574 erat,
1427 526 1481 564 in—

148 602 354 628 susurrare.
415 590 519 627 Tum
555 602 647 627 vero
686 588 872 627 omnibus
911 588 1228 639 indignissimum
1260 590 1386 629 visum
1421 599 1479 629 est

148 653 328 692 homines
359 653 668 701 honestissimos,
691 655 838 692 electos
862 667 884 692 e
910 653 990 692 suis
1017 654 1250 701 civitatibus,
1273 655 1313 693 in
1334 657 1477 693 ferrum

145 726 263 767 atque
293 717 332 755 in
363 717 491 756 vincla
520 717 732 764 coniectos,
766 719 1025 757 Cleomenem
1055 726 1213 769 propter
1241 719 1476 769 flagitiorum

144 795 190 820 ac
223 782 512 832 turpitudinum
543 782 772 821 societatem
804 771 1148 821 familiarissimum
1181 796 1265 822 esse
1294 784 1473 833 praetori.

66 855 124 886 108
145 847 371 896 Adponitur
391 846 437 886 iis
458 854 590 886 tamen
610 854 815 886 accusator
839 846 1013 886 Naevius
1033 847 1184 897 Turpio
1210 847 1384 898 quidam,
1407 848 1475 899 qui

145 912 191 950 C.
215 912 428 950 Sacerdote
449 919 626 962 praetore
648 911 875 950 iniuriarum
903 912 1114 950 damnatus
1138 919 1208 960 est,
1230 913 1352 951 homo
1372 913 1475 951 bene

144 976 348 1025 adpositus
381 978 433 1015 ad
466 976 576 1015 istius
607 975 825 1024 audaciam,
860 990 980 1026 quem
1018 976 1091 1016 iste
1129 976 1169 1015 in
1207 977 1398 1026 decumis,
1434 977 1474 1016 in

144 1042 259 1079 rebus
289 1041 533 1091 capitalibus,
566 1041 605 1079 in
635 1040 743 1079 omni
777 1041 975 1080 calumnia
1008 1054 1301 1092 praecursorem
1328 1042 1474 1082 habere

143 1107 294 1145 solebat
315 1114 352 1145 et
373 1106 627 1145 emissarium.

70 1185 123 1222 42
196 1171 371 1210 Veniunt
419 1172 628 1221 Syracusas
676 1178 857 1221 parentes
905 1170 1197 1222 propinquique
1240 1171 1472 1211 miserorum

140 1236 454 1275 adulescentium
493 1238 569 1275 hoc
617 1236 823 1286 repentino
870 1235 1102 1275 calamitatis
1149 1250 1243 1275 suae
1281 1236 1470 1275 commoti

140 1300 304 1348 nunti03
338 1301 490 1339 vinctos
519 1300 715 1351 aspiciunt
745 1299 893 1339 catenis
924 1299 1069 1339 liberos
1098 1313 1201 1347 suos,
1235 1313 1324 1338 cum
1359 1300 1470 1339 istius

137 1364 321 1403 avaritiae
365 1378 537 1414 poenam
585 1366 688 1403 collo
727 1372 765 1403 et
812 1364 1030 1403 cervicibus
1077 1365 1158 1403 suis
1205 1365 1469 1412 sustinerent,

136 1430 291 1477 adsunt,
315 1430 547 1477 defendunt,
573 1431 828 1480 proclamant,
852 1429 971 1468 fidem
999 1436 1119 1476 tuam,
1142 1442 1244 1479 quae
1270 1442 1465 1479 nusquam

137 1502 217 1533 erat
238 1508 368 1545 neque
389 1508 579 1544 umquam
607 1495 742 1541 fuerat,
765 1494 986 1544 implorant.
1048 1495 1163 1532 Pater
1188 1495 1323 1533 aderat
1353 1495 1466 1533 Dexo

135 1559 437 1608 Tyndaritanus‚
470 1560 592 1597 homo
622 1558 901 1605 nobilissimus,
934 1559 1078 1608 hospes
1109 1564 1210 1596 tuus.
1270 1557 1394 1597 Cuius
1423 1565 1465 1596 tu

135 1624 244 1663 domi
266 1626 403 1671 fueras,
419 1637 537 1674 quem
558 1623 756 1673 hospitem
777 1624 1003 1673 appellaras,
1026 1636 1116 1661 eum
1138 1635 1229 1661 cum
1250 1621 1315 1661 illa
1333 1630 1465 1661 aucto·

134 1688 245 1727 ritate
276 1688 431 1727 miseria
451 1688 602 1727 videres
633 1687 841 1738 perditum,
872 1700 954 1726 non
983 1694 1022 1725 te
1051 1686 1134 1726 eius
1159 1686 1355 1735 lacrimae,
1382 1701 1461 1726 non

132 1761 325 1800 senectus,
358 1766 438 1791 non
468 1752 613 1802 hospiti
644 1751 702 1790 ius
732 1760 851 1801 atque
881 1763 1028 1790 nomen
1061 1764 1085 1789 a
1113 1752 1258 1789 scelere
1289 1751 1460 1802 aliquam
1504 1768 1520 1798 5

52 1833 110 1866 109
130 1818 182 1855 ad
220 1825 368 1867 partem
409 1816 663 1855 humanitatis
704 1829 885 1855 revocare
924 1814 1080 1865 potuit?
1136 1816 1215 1855 Sed
1253 1815 1350 1865 quid
1388 1830 1462 1866 ego

177 1931 190 1951 1
216 1922 417 1953 cuicuimodi
453 1921 625 1953 Cledonz'ns
648 1921 702 1953 Gr.
725 1920 800 1952 Lat.
824 1931 854 1959 V,
879 1926 911 1960 p.
937 1930 988 1960 52,
1008 1924 1037 1951 et
1053 1919 1232 1960 Pompeius
1255 1920 1328 1952 ibid.
1342 1926 1376 1962 p.
1397 1932 1460 1961 207

130 1964 236 2003 (Sext.
256 1966 350 1997 Rosc.
373 1969 388 2003 ξ
407 1976 461 2005 95,
481 1966 564 1997 Cael.
586 1970 601 2004 ξ
621 1968 678 2006 24)
698 1977 705 1996 :
733 1964 876 1995 cuimodi
894 1964 927 1994 R
944 1975 951 1994 ε
976 1963 1123 1995 cuimodi
1141 1963 1193 1994 S:
1217 1965 1460 1996 cuicuiusmodi

133 2009 203 2048 Vp:
229 2009 412 2040 cuiusmodi
437 2020 463 2041 s,
486 2010 651 2041 eiusmodi
676 2010 692 2039 δ
782 2012 874 2039 esset
897 2008 935 2037 Ιεδ
1061 2018 1081 2045 4
1106 2016 1229 2046 magno
1252 2017 1356 2046 opere
1381 2008 1460 2048 Rp:

128 2062 334 2091 magnopere
351 2052 380 2084 S
398 2054 459 2093 (iv,
480 2057 495 2091 ξ
518 2055 550 2087 ιδ
635 2054 655 2084 8
676 2063 719 2083 ex
737 2052 808 2083 suis
825 2052 871 2081 Va
956 2059 991 2081 11
1019 2050 1104 2081 iisR
1123 2061 1130 2081 ε
1155 2051 1204 2081 eis
1219 2050 1267 2081 V:
1292 2051 1344 2081 his
1356 2050 1460 2091 SDp&

131 2105 168 2133 17
193 2097 347 2127 commoti
381 2097 500 2128 nuntio
532 2097 598 2135 Vp&
632 2096 814 2136 (Zielinski,
840 2100 872 2134 p.
904 2094 1001 2134 198):
1037 2093 1156 2124 nuntio
1181 2094 1337 2125 commoti
1366 2094 1459 2125 st

132 2140 171 2168 18
195 2140 323 2170 catenis
339 2141 504 2178 aspiciunt
527 2141 575 2170 Vk
666 2149 772 2177 22-23
795 2139 922 2177 hospes
939 2142 1025 2168 tuus,
1047 2137 1154 2167 Cuius
1172 2160 1180 2167 .
1200 2160 1207 2168 .
1227 2161 1234 2168 .
1253 2137 1454 2177 appellaras,

129 2191 203 2212 eum
225 2182 314 2221 Rau,
337 2183 475 2223 Rishter,
494 2183 616 2220 Mmll„
634 2182 810 2213 Zielinski:
835 2181 930 2220 hosp.
946 2185 1057 2219 tuuus,
1074 2180 1171 2211 cuius
1184 2203 1192 2210 .
1208 2204 1215 2211 .
1233 2204 1240 2211 .
1257 2181 1456 2220 appellaras.

129 2224 213 2255 Eum
240 2227 328 2265 vulg.
459 2236 501 2264 23
527 2237 602 2257 eum
628 2227 788 2265 quoniam
812 2224 870 2254 R:
903 2233 978 2254 eum
1003 2224 1058 2262 qr‘n
1082 2223 1147 2254 SD
1172 2223 1220 2262 (in
1245 2234 1311 2263 mg.
1338 2224 1454 2263 quem)

128 2269 327 2299 auctoritate
352 2274 385 2300 et
411 2275 520 2300 aetate
549 2270 678 2306 Lamb.,
706 2268 815 2298 Nohl:
850 2267 904 2297 illa
928 2271 1013 2297 auct.
1040 2267 1211 2297 hominem
1235 2267 1364 2306 Kays.:
1401 2266 1455 2297 illa

128 2316 239 2341 aetate
258 2311 372 2342 Eberlz.
387 2324 395 2344 :
413 2314 610 2343 auctoritate
627 2313 697 2343 secl.
717 2310 829 2342 Madv.
912 2320 952 2347 24
977 2310 1111 2340 miseria
1132 2309 1246 2341 VRS:
1268 2320 1306 2341 ac
1320 2309 1454 2341 miseria

125 2361 155 2393 p,
176 2360 208 2385 et
227 2355 299 2385 mis.
319 2356 335 2384 δ
425 2356 610 2394 praeditum
627 2355 717 2386 codd.
851 2362 893 2392 25
915 2353 957 2384 ab
974 2352 1102 2384 scelere
1124 2352 1157 2382 V

1500 798 1538 821 10

1495 1124 1531 1156 Ι5

1488 1445 1528 1468 20
