1600 2704
94 146 118 183 8
140 160 175 182 22
506 132 562 170 M.
595 124 763 166 TVLLI
794 112 1102 160 CICERONIS

140 260 283 308 posset.
345 250 467 288 Hunc
493 239 696 282 hominem
725 229 871 272 Veneri
900 222 1079 269 absolvit,
1108 218 1183 258 sibi
1210 214 1463 254 condemnat.

143 317 285 360 Maluit
315 312 497 354 videlicet
531 303 712 345 homines
750 306 913 349 peccare
944 300 1064 340 quam
1098 285 1218 323 deos:
1263 291 1304 316 se
1337 273 1468 327 potius

142 399 165 424 a
185 385 317 423 Dione
342 377 451 429 quod
472 385 552 412 non
577 367 731 412 licebat,
754 372 873 413 quam
894 358 1092 394 Venerem
1119 346 1228 399 quod
1249 355 1331 382 non
1354 339 1472 379 debe-

153 642 234 688 suit,
266 635 437 677 hominis
464 623 742 670 honestissimi,

154 719 271 747 causa
309 704 387 742 iam
426 698 494 738 diu
533 702 601 741 est,
639 700 743 730 tame

156 765 419 811 nobilissimi?
449 761 545 813 quid
575 756 696 808 ipsius
726 754 776 801 Q.
798 751 879 789 Cae

158 833 297 875 tissimi
344 843 389 869 ac
430 818 735 879 pudentissimi?
785 812 882 864 quid
925 811 968 848 L.
1020 800 1179 847 Caecili,
1226 799 1269 835 L.
1322 790 1485 842 Liguris,
1510 800 1547 822 10

159 903 206 940 T.
234 895 386 942 Manili,
410 895 453 932 L.
477 886 645 931 Caleni?
676 891 844 933 quorum
873 872 1053 914 omnium
1079 860 1314 906 testimoniis
1344 859 1394 896 de
1414 857 1489 894 hac

163 963 305 1005 Dionis
352 956 521 1011 pecunia
565 950 839 991 confirmatum
888 946 956 978 est.
1017 932 1126 973 Dixit
1169 930 1246 967 hoc
1286 924 1392 963 idem
1432 920 1489 957 M.

167 1029 366 1072 Lucullus,
397 1036 437 1062 se
466 1022 516 1060 de
545 1016 606 1056 his
635 1010 776 1052 Dionis
801 999 1065 1046 incommodis
1093 1008 1164 1047 pro
1187 988 1360 1041 hospitio
1384 984 1494 1036 quod

110 1111 151 1142 24
170 1094 243 1134 sibi
278 1104 368 1131 cum
403 1101 451 1127 eo
482 1089 584 1123 esset
621 1079 699 1117 iam
730 1081 821 1113 ante
852 1078 1054 1119 cognosse.
1115 1058 1254 1110 Quid?
1294 1051 1493 1094 Lucullus,

171 1159 237 1211 qui
272 1166 355 1196 turn
390 1153 430 1191 in
465 1143 705 1189 Macedonia
738 1138 820 1185 fuit,
854 1132 992 1173 melius
1026 1130 1125 1166 haec
1158 1118 1342 1172 cognovit
1377 1126 1496 1165 quam
1519 1122 1555 1153 15

171 1234 224 1271 tu,
248 1216 450 1264 Hortensi,
473 1213 541 1265 qui
565 1212 719 1249 Romae
745 1200 862 1248 fuisti,
885 1199 935 1237 ad
964 1206 1082 1245 quem
1114 1189 1194 1228 Dio
1221 1181 1408 1232 confugit,
1430 1177 1498 1229 qui

172 1291 222 1329 de
244 1284 385 1326 Dionis
409 1277 558 1320 iniuriis
579 1270 803 1325 gravissime
824 1278 892 1317 per
916 1262 1062 1300 litteras
1085 1267 1175 1294 cum
1196 1253 1317 1289 Verre
1339 1252 1500 1296 questus

174 1355 244 1393 es?
301 1351 417 1389 Nova
445 1343 517 1384 tibi
543 1343 642 1379 haec
672 1335 791 1375 sunt?
826 1325 1058 1379 inopinata?
1088 1331 1194 1359 nunc
1227 1315 1397 1366 primum
1427 1310 1504 1346 hoc
1551 1302 1554 1304 ’

175 1430 287 1458 aures
325 1423 416 1452 tuae
454 1408 602 1448 crimen
646 1397 873 1450 accipiunt?
918 1391 1015 1431 nihil
1055 1401 1101 1427 ex
1141 1383 1283 1427 Dione,
1323 1376 1421 1416 nihil
1460 1386 1507 1412 ex

178 1495 291 1522 socru
317 1487 394 1524 tua,
424 1473 571 1514 femina
593 1466 786 1520 primaria,
819 1457 988 1503 Servilia,
1016 1460 1145 1492 vetere
1171 1445 1313 1486 Dionis
1338 1438 1505 1490 hospita,
1530 1448 1567 1468 20

178 1544 351 1586 audisti?
409 1542 554 1579 Nonne
585 1534 709 1573 multa
738 1526 816 1567 mei
845 1531 964 1564 testes
996 1530 1097 1570 quae
1126 1523 1169 1554 tu
1196 1511 1270 1551 scis
1300 1502 1510 1546 nesciunt?

182 1623 314 1651 nonne
345 1615 382 1646 te
418 1602 513 1643 mihi
545 1606 686 1639 testem
724 1594 765 1633 in
795 1594 873 1630 hoc
911 1585 1073 1626 crimine
1112 1577 1253 1630 eripuit
1286 1585 1367 1612 non
1401 1567 1512 1607 istius

184 1672 422 1719 innocentia,
472 1668 542 1707 sed
589 1662 684 1713 legis
734 1654 941 1707 exceptio?
1017 1646 1167 1688 Recita.
1245 1642 1514 1679 TEsTIMONrA

142 1752 169 1789 9
188 1745 383 1785 LVCVLLI,
416 1736 596 1776 CHLORI,
631 1730 795 1766 D10N1s.
857 1718 1010 1759 Satisne
1039 1711 1152 1752 vobis
1187 1715 1368 1756 magnam
1400 1710 1516 1750 pecu-

189 1807 296 1846 niam
316 1799 508 1841 Venerius
538 1798 671 1839 homo,
696 1789 762 1840 qui
790 1801 811 1826 e
837 1778 1069 1826 Chelidonis
1100 1775 1188 1814 sinu
1214 1772 1254 1810 in
1275 1763 1516 1820 provinciam
1540 1769 1576 1800 25

191 1872 388 1924 profectus
410 1871 522 1910 esset,
544 1856 709 1898 Veneris
731 1851 892 1893 nomine
913 1843 1111 1898 quaesisse
1131 1836 1313 1878 videtur?

747 701 772 725 n
811 682 989 724 omnium
1028 675 1249 715 Siculorum
1284 663 1399 716 primi
1437 672 1484 699 ac

882 745 946 785 cili
973 739 1127 786 Dionis,
1148 731 1320 775 hominis
1347 727 1486 779 proba-

242 1985 255 2004 1
283 1975 371 2005 hunc
398 1969 568 2001 hominem
589 1966 682 2006 (corr.
703 1961 838 1991 dionem
857 1955 901 1991 O)
927 1951 986 1984 CO
1003 1947 1091 1981 codd.
1112 1958 1119 1977 ε
1149 1944 1202 1975 hic
1227 1940 1396 1973 hominem
1420 1935 1523 1966 Hoto-

198 2029 277 2050 man
379 2025 398 2054 5
423 2012 519 2044 Sexti
540 2010 567 2041 C
663 2008 684 2037 6
710 2003 829 2035 Dionis
845 1998 914 2038 egit
933 1994 993 2027 CO
1008 1993 1051 2025 αἶ,
1070 2004 1076 2022 ;
1101 1990 1171 2030 egit
1188 1985 1306 2018 Dionis
1323 1984 1367 2013 [26
1384 1991 1464 2011 corr.
1483 1977 1525 2008 Οι

202 2073 240 2092 10
264 2071 301 2092 ac
318 2054 553 2099 pudentissimi
572 2062 637 2083 om.
657 2049 715 2081 CO
734 2047 792 2087 (iii,
814 2046 830 2080 ξ
847 2043 904 2082 52)
921 2051 927 2071 z
953 2048 990 2068 ac
1011 2035 1106 2076 prud.
1133 2032 1163 2063 V
1265 2038 1305 2058 10
1329 2025 1394 2056 luci
1412 2021 1528 2062 liguris

203 2107 249 2136 C:
276 2104 311 2134 L.
332 2103 368 2134 C.
392 2099 525 2139 Liguris
550 2095 580 2126 V
724 2101 759 2121 11
787 2085 904 2119 Manili
925 2083 971 2123 Cp
984 2081 1026 2112 αἱ.
1045 2091 1051 2109 :
1083 2074 1200 2108 Manlii
1222 2071 1282 2103 VO
1426 2074 1529 2102 12—14

204 2148 322 2178 Dixit.
344 2169 351 2176 .
372 2169 378 2176 .
399 2150 569 2181 cognosse
594 2148 658 2168 om.
682 2134 741 2166 CO
891 2128 929 2159 18
953 2123 1130 2164 inopinata
1151 2116 1274 2149 VCO¹:
1299 2118 1332 2144 et
1356 2110 1532 2150 inopinata

1168 2163 1231 2192 hoc
1255 2167 1355 2190 aures
1379 2160 1456 2185 tuae
1483 2149 1532 2190 Vp

206 2191 270 2221 rell.
298 2190 331 2229 (i,
358 2191 373 2226 ξ
401 2188 486 2217 126:
510 2183 592 2214 Am.
614 2180 650 2219 J.
679 2179 741 2210 Plt.
770 2174 861 2213 xxvi,
887 2182 918 2211 p.
944 2168 1021 2207 414)

208 2234 271 2265 rell.
291 2244 296 2262 :
325 2240 424 2263 aures
448 2230 510 2259 hoc
535 2231 613 2256 tuae
633 2222 703 2254 COl
797 2228 835 2257 19
859 2226 901 2247 ex
919 2237 926 2245 .
948 2238 954 2244 .
973 2236 981 2243 .
1000 2221 1043 2241 ex
1065 2206 1153 2239 VCO
1172 2217 1179 2236 ε
1206 2204 1248 2234 de
1265 2226 1272 2233 .
1293 2226 1300 2233 .
1322 2225 1328 2232 .
1350 2200 1391 2230 de
1409 2195 1466 2227 rell
1483 2193 1532 2233 (ii,

212 2282 227 2314 ξ
248 2277 328 2315 189:
355 2274 437 2303 Am.
454 2271 490 2309 J.
510 2269 571 2300 Ph.
590 2266 679 2297 xxvi.
697 2275 730 2304 p.
749 2262 827 2302 420)
999 2264 1041 2292 23
1065 2246 1309 2294 134(=Recita]
1332 2241 1418 2273 VCO
1435 2251 1440 2270 :
1465 2247 1532 2268 om.

212 2320 276 2350 rell.
409 2312 658 2345 Testimonium
679 2307 748 2338 CO¹
884 2299 992 2339 24-26
1017 2295 1152 2328 Satisne
1170 2317 1177 2324 .
1199 2316 1205 2322 .
1228 2314 1234 2320 .
1255 2287 1428 2328 profectus
1445 2284 1538 2313 esset

213 2374 278 2394 om.
301 2359 359 2393 CO
