1600 2704
43 105 94 143 -18
108 112 155 152 '5³
483 95 538 132 M.
571 88 739 129 TVLLI
771 79 1077 126 CICERONts

113 220 229 251 antea
267 207 362 248 socii
402 212 520 254 atque
559 198 674 239 amici
713 193 848 247 populi
889 186 1073 234 Romani,
1114 195 1221 223 nunc
1260 177 1359 219 servi
1396 188 1443 215 ac

116 275 323 327 supplices,
356 283 436 309 non
471 267 592 306 modo
623 264 682 302 ius
715 272 830 299 suurn
865 257 1119 301 fortunasque
1149 245 1277 286 omnis
1307 254 1444 282 eorum

117 339 281 392 imperio
315 336 507 379 amittant,
539 341 674 369 verum
705 325 821 365 etiam
854 315 1086 371 deplorandi
1119 312 1212 352 iuris
1246 309 1306 349 sui
1339 314 1446 358 pote-

59 422 100 454 54
119 413 259 445 statem
293 414 374 440 non
408 398 591 436 habeant.
657 392 749 429 Non
789 387 914 426 sinam
953 381 1129 433 profecto
1168 387 1287 414 causa
1323 385 1347 410 a
1383 383 1447 409 me

120 477 308 522 perorata,
341 461 597 515 quadraginta
628 456 768 496 diebus
802 446 1051 500 interpositis,
1083 451 1167 481 tum
1197 437 1313 478 nobis
1342 435 1450 475 deni·
1469 450 1486 482 5

121 549 198 585 que
233 527 460 582 responderi
493 537 583 563 cum
615 517 814 560 accusatio
852 521 985 552 nostra
1018 509 1058 547 in
1097 503 1338 545 oblivionem
1368 499 1450 539 diu-

123 596 316 638 turnitatis
346 594 519 632 adducta
549 587 607 625 sit.
667 585 760 623 Non
790 577 1035 619 committam
1068 579 1111 610 ut
1142 578 1227 608 turn
1259 568 1358 605 haec
1391 576 1451 602 res

124 663 331 707 iudicetur,
365 670 455 696 cum
495 656 593 692 haec
631 645 851 698 frequentia
884 641 1003 681 totius
1038 636 1175 677 Italiae
1215 634 1346 671 Roma
1379 628 1454 668 dis-

125 726 294 772 cesserit,
326 735 426 773 quae
457 715 643 758 convenit
672 726 753 752 uno
782 719 959 758 tempore
993 702 1170 751 undique
1203 695 1454 736 comitiorum

127 794 308 831 ludorum
326 783 594 832 censendique
611 791 738 818 causa.
788 773 921 813 Huius
942 767 1062 824 iudici
1079 774 1116 805 et
1137 762 1264 803 laudis
1285 762 1454 798 fructum
1477 770 1515 793 10

128 865 165 896 et
200 851 427 896 offensionis
462 847 679 899 periculum
709 848 893 885 vest-rum,
926 836 1101 876 laborem
1136 824 1457 868 sollicitudinem·

130 935 206 972 que
236 927 424 963 nostram,
444 910 647 952 scientiam
676 907 771 957 quid
798 910 944 953 agatur,
973 895 1284 942 memoriamque
1310 888 1406 939 quid
1435 900 1458 925 a

95 1002 111 1032 5
131 997 290 1036 quoque
319 982 470 1021 dictum
505 977 564 1023 sit,
596 972 773 1013 omnium
808 976 905 1019 puto
935 977 1020 1004 esse
1050 967 1241 1011 oportere.
1300 952 1458 993 Faciam

131 1053 208 1089 hoc
248 1061 327 1086 non
366 1055 525 1088 novum,
562 1040 631 1078 sed
670 1037 720 1075 ab
753 1034 799 1073 iis
833 1031 900 1082 qui
934 1040 1041 1067 nunc
1074 1022 1271 1076 principes
1305 1026 1460 1058 nostrae

133 1113 298 1154 civitatis
325 1117 415 1149 sunt
442 1114 533 1146 ante
560 1105 717 1147 factum,
747 1106 789 1137 ut
818 1094 983 1135 testibus
1013 1099 1098 1130 utar
1125 1086 1279 1127 statim:
1313 1083 1410 1134 illud
1440 1094 1463 1119 a
1485 1092 1519 1125 15

134 1194 197 1219 me
227 1188 385 1221 novum,
408 1171 570 1216 iudices,
593 1162 849 1217 cognoscetis,
872 1159 980 1210 quod
1009 1157 1062 1195 ita
1091 1152 1198 1193 testis
1226 1148 1463 1190 constituam

135 1253 178 1284 ut
199 1243 346 1282 crimen
377 1246 503 1277 totum
532 1232 734 1283 explicem,
756 1226 825 1266 ubi
851 1225 891 1264 id
920 1219 1197 1270 interrogando
1226 1211 1465 1265 argumentis

136 1318 254 1359 atque
284 1304 459 1345 oratione
486 1301 700 1342 firmavero,
731 1302 813 1332 tum
844 1288 953 1329 testis
982 1287 1032 1325 ad
1059 1283 1207 1323 crimen
1239 1281 1467 1319 adcommo-

137 1376 240 1419 dem,
264 1379 306 1409 ut
333 1367 428 1407 nihil
455 1366 554 1404 inter
574 1363 679 1400 illam
701 1358 883 1397 usitatam
904 1349 1195 1392 accusationem
1216 1353 1335 1394 atque
1364 1343 1468 1380 hanc

138 1449 282 1477 novam
308 1431 470 1477 intersit,
492 1428 565 1467 nisi
587 1426 696 1477 quod
722 1423 761 1461 in
787 1421 853 1460 illa
880 1427 964 1457 tum
985 1428 1075 1454 cum
1097 1411 1231 1452 omnia
1251 1409 1357 1448 dicta
1378 1412 1468 1445 sunt
1489 1418 1529 1441 20

140 1511 258 1542 testes
285 1501 438 1543 dantur,
461 1494 524 1533 hic
554 1493 594 1531 in
622 1489 792 1539 singulas
819 1497 878 1523 res
911 1482 1120 1525 dabuntur,
1143 1484 1185 1515 ut
1214 1474 1289 1513 illis
1310 1483 1470 1523 quoque

141 1569 279 1607 eadem
315 1557 579 1610 interrogandi
613 1555 777 1594 facultas
810 1543 1110 1600 argumentandi
1140 1539 1379 1589 dicendique
1411 1535 1470 1574 sit.

115 1633 181 1682 ,Si
221 1630 307 1681 quis
346 1627 416 1666 erit
456 1623 521 1675 qui
566 1627 797 1671 perpetuam
836 1613 1053 1654 orationem
1101 1605 1474 1651 accusationemque

145 1696 350 1740 desideret,
373 1693 492 1730 altera
521 1686 676 1726 actione
706 1681 866 1727 audiet,
899 1689 1006 1716 nunc
1043 1675 1084 1714 id
1113 1672 1221 1723 quod
1242 1668 1475 1714 facimus,—

146 1762 237 1811 qecz'a
259 1773 304 1798 ea
324 1757 473 1796 ratione
497 1752 676 1796 facimus,
696 1756 738 1787 ut
766 1744 935 1784 malitiae
963 1742 1119 1780 illorum
1148 1733 1314 1775 consilio
1340 1738 1476 1770 nostro
1497 1740 1534 1773 ²5

90 1833 130 1876 56
151 1834 466 1867 occurramus,—-
479 1814 700 1857 necessario
748 1810 830 1850 fieri
878 1808 1087 1856 intellegat.
1166 1802 1281 1839 Haec
1329 1796 1478 1847 primae

150 1888 315 1929 actionis
354 1886 424 1925 erit
457 1880 666 1922 accusatio.
732 1874 912 1916 Dicimus
948 1872 992 1911 C.
1024 1871 1199 1912 Verrem,
1233 1875 1324 1902 cum
1358 1860 1477 1899 multa

198 2003 216 2031 5
240 1992 273 2022 xl
306 1989 361 2020 D:
400 1998 495 2019 xxxx
520 1992 570 2028 p:
604 1984 739 2023 triginta
772 1981 805 2010 νδ
930 1977 951 2006 6
977 1970 1177 2013 responderi
1202 1965 1321 1999 Lamb.
1351 1964 1384 2005 (ξ
1406 1963 1483 2001 18)·.

155 2035 362 2075 respondere
411 2032 475 2071 Dp¹
508 2032 599 2070 [corr.
647 2023 852 2066 respondeat
876 2020 988 2062 β’)Ἷ-ἐ
1034 2013 1261 2056 respondeant
1303 2009 1336 2038 νδ
1413 2006 1484 2037 diu-

157 2078 327 2111 turnitatis
359 2076 391 2106 D
422 2076 465 2106 al.
495 2085 538 2103 rr:
585 2070 804 2102 diuturnitate
838 2070 863 2105 p
901 2064 935 2093 in
974 2071 1053 2101 mg,
1088 2056 1156 2090 edd.
1189 2058 1262 2087 vett.
1446 2058 1486 2079 10

158 2123 311 2153 ludorum
329 2120 408 2150 coni.
427 2129 464 2148 cx
480 2118 554 2147 Asc.
577 2113 752 2145 Manutius
767 2123 773 2141 :
798 2108 997 2141 iudiciorum
1014 2102 1101 2134 codd.
1205 2108 1243 2138 13
1267 2103 1433 2136 quoquam
1451 2101 1487 2132 qr

164 2176 200 2204 Γ]
226 2170 331 2195 totum
351 2163 473 2193 crimen
492 2170 531 2199 qr
648 2162 683 2187 ut
700 2155 756 2186 ubi
775 2153 851 2184 Asc.
868 2148 1125 2181 Iannoctianus:
1150 2148 1183 2175 et
1199 2141 1276 2172 ubi?
1344 2139 1486 2168 interro·

163 2208 274 2247 gando
301 2210 382 2236 auct.
410 2203 521 2234 Madv.
555 2201 619 2232 scel.
648 2199 791 2230 Mueller.
841 2193 886 2235 Cf.
916 2194 926 2224 i
951 2201 1022 2231 cap.
1043 2189 1077 2220 xi
1102 2186 1149 2219 ad
1170 2186 1239 2216 init.
1354 2191 1396 2211 20
1418 2185 1487 2210 tum

165 2252 199 2282 D
215 2252 255 2280 al.
275 2261 281 2280 ;
305 2255 384 2280 tnnc
397 2253 440 2287 pr
589 2254 629 2282 25
650 2243 727 2282 quia
749 2251 789 2271 ea
809 2237 942 2278 scripsi:
966 2235 993 2265 si
1018 2243 1057 2264 ea
1081 2229 1195 2262 Muell.
1215 2226 1307 2267 (Dt'v.
1333 2228 1348 2263 ξ
1366 2225 1400 2263 5Ἲ
1417 2234 1424 2253 z
1448 2231 1489 2252 ea

166 2295 199 2343 ζ)
214 2293 255 2342 ql.
269 2299 317 2332 p„
334 2302 399 2322 om.
421 2289 525 2327 Gbe.
560 2287 713 2318 Facimus
725 2286 800 2325 post
816 2282 943 2313 ratione
961 2277 1018 2308 del.
1039 2274 1156 2306 Lamb.
1176 2270 1324 2303 Schuetz.
1356 2267 1415 2297 An
1429 2270 1490 2306 pro

169 2342 306 2368 tacimus
331 2344 369 2364 ea
397 2333 524 2363 ratione
546 2332 607 2368 re)
629 2329 768 2359 facimus
792 2322 997 2356 scribendum
1017 2320 1158 2350 facimus
1177 2320 1211 2347 et
1235 2317 1329 2345 recte
1353 2309 1491 2341 facimus

173 2381 196 2421 (5
217 2383 231 2417 ᾖ
253 2380 330 2418 1312
357 2377 402 2408 Cl.
420 2376 498 2406 Rev.
517 2375 593 2404 xvii.
613 2383 676 2403 200

1598 1468 1600 1506 l
