1600 2704
50 95 317 136 ACTIONIS
339 96 401 133 IN
421 96 468 134 C.
490 96 731 133 VERREM
754 96 1052 136 SECVNDAE
1075 99 1178 136 LIB.
1205 99 1269 136 ΙΙΙ
1327 99 1382 145 36
1401 103 1441 142 83

49 205 208 245 abstulit
241 218 292 243 an
322 204 472 255 turpius
506 204 698 244 meretrici
735 204 845 244 dedit
882 218 933 243 an
973 205 1192 256 improbius
1233 209 1384 258 populo

49 272 234 309 Romano
253 270 402 309 ademit
421 283 472 308 an
497 269 686 308 audacius
715 270 866 308 tabulas
888 269 1066 320 publicas
1093 272 1382 310 commutavit?

49 335 109 373 Ex
137 336 278 373 horum
311 334 515 374 severitate
549 342 588 373 te
623 335 701 373 ulla
731 334 788 373 vis
819 334 955 385 eripiet
991 342 1057 373 aut
1093 337 1172 374 ulla
1198 335 1382 386 largitio?

49 401 141 438 Non
180 399 327 450 eripiet.
389 400 468 438 Sed
502 398 533 437 si
568 398 761 449 eripuerit,
805 412 887 438 non
922 399 1114 449 intellegis
1150 401 1247 438 haec
1279 413 1381 451 quae

9 476 27 507 5
47 463 124 502 iarn
149 465 302 502 dudum
332 465 472 513 loquor
500 464 551 502 ad
581 463 697 502 aliam
729 463 1003 514 quaestionem
1036 471 1156 514 atque
1185 466 1236 503 ad
1266 478 1381 515 pecu-

47 530 147 566 latus
167 528 356 567 iudicium
377 529 602 579 pertinere?
659 530 800 578 Itaque
822 530 899 567 hoc
917 528 1013 566 mihi
1033 529 1240 567 reservabo
1256 543 1380 580 genus
1403 533 1443 572 84

46 600 173 632 totum
208 593 429 643 integrum:
460 595 511 633 ad
541 593 647 632 illam
678 606 798 644 quarn
831 593 979 632 institui
1006 606 1165 632 causam
1195 595 1378 633 frumenti

46 671 91 696 ac
111 659 367 697 decumarum
387 666 564 697 revertar.

101 722 181 771 Qui
213 736 304 761 cum
335 736 447 774 agros
484 723 675 763 maximos
712 731 750 763 et
783 723 1042 763 feracissimos
1067 737 1136 774 per
1169 737 1209 763 se
1234 724 1376 775 ipsum,

0 801 27 823 [0
46 788 123 825 hoc
152 795 210 825 est
236 801 305 838 per
325 788 556 839 Apronium,
582 790 745 827 Verrem
777 790 954 835 alterum,
988 789 1305 839 depopularetur,
1327 791 1378 828 ad

46 850 216 890 minores
237 851 414 890 civitates
445 853 617 891 habebat
643 852 739 891 alios
762 866 862 903 quos
885 860 1087 903 tamquam
1109 853 1217 891 canis
1238 853 1379 892 immit-

45 924 156 965 teret,
176 930 347 968 nequam
368 917 550 957 homines
572 926 610 957 et
631 918 848 968 improbos,
869 917 1012 968 quibus
1042 926 1108 956 aut
1137 919 1376 957 frumentum

44 989 111 1021 aut
145 982 356 1033 pecuniam
388 982 547 1032 publice
579 984 745 1033 cogebat
779 982 872 1021 dari.
932 984 979 1020 A.
1012 982 1219 1021 Valentius
1249 991 1307 1021 est
1337 983 1376 1021 in
1399 991 1448 1030 37

46 1045 178 1084 Sicilia
225 1045 426 1096 interpres,
476 1059 557 1097 quo
603 1046 676 1086 iste
725 1046 935 1097 interprete
983 1058 1064 1085 non
1112 1048 1163 1085 ad
1203 1046 1376 1097 linguam

7 1124 24 1156 5
47 1112 252 1159 Graecam,
275 1112 345 1150 sed
375 1112 427 1149 ad
456 1112 556 1149 furta
585 1118 623 1150 et
653 1110 798 1162 flagitia
827 1111 883 1150 uti
911 1113 1074 1151 solebat.
1135 1112 1197 1150 Fit
1228 1113 1292 1151 hic
1323 1113 1378 1151 in-

45 1183 203 1226 terpres,
226 1178 348 1216 homo
375 1175 469 1215 levis
495 1184 615 1227 atque
642 1190 773 1227 egens,
798 1185 959 1227 repente
980 1178 1227 1216 decumanus
1242 1193 1252 1226 3
1282 1179 1376 1217 emit

43 1241 122 1291 agri
143 1240 367 1292 Liparensis
388 1240 518 1280 miseri
539 1250 658 1292 atque
680 1241 800 1280 ieiuni
822 1243 1011 1281 decumas
1029 1241 1145 1280 tritici
1164 1243 1375 1282 medimnis

43 1318 106 1346 Dc.
166 1305 400 1356 Liparenses
421 1314 612 1346 vocantur
626 1321 637 1355 3
666 1306 738 1357 ipsi
761 1306 940 1357 accipere
965 1308 1154 1346 decumas
1182 1315 1219 1346 et
1241 1321 1375 1347 nume-

42 1385 124 1410 rare
153 1371 339 1411 Valentio
373 1380 567 1423 coguntur
595 1372 691 1411 lucri
724 1374 795 1411 HS
826 1375 926 1410 W.
988 1374 1063 1411 Per
1092 1373 1188 1411 deos
1219 1373 1376 1412 immor-

4 1453 25 1475 0
42 1437 139 1483 talis,
162 1444 293 1475 utrum
321 1437 392 1475 tibi
423 1451 554 1477 sumes
581 1439 632 1476 ad
661 1438 946 1485 defensionem,
970 1445 1133 1476 tantone
1154 1437 1315 1476 minoris
1337 1446 1375 1477 te

42 1503 229 1540 decumas
268 1502 494 1541 vendidisse
534 1510 576 1541 ut
615 1504 667 1541 ad
707 1502 910 1542 medimna
949 1514 1002 1541 Dc
1043 1503 1114 1541 HS
1147 1503 1239 1540 Ξδῖἱ
1278 1502 1374 1541 lucri

41 1566 170 1605 statim
201 1580 271 1605 sua
299 1569 502 1606 voluntate
537 1567 673 1606 civitas
706 1569 881 1615 adderet,
914 1569 990 1605 hoc
1019 1575 1076 1605 est
1108 1566 1222 1605 tritici
1254 1567 1374 1606 medi-

41 1645 177 1670 mnum
199 1635 241 1679 fi,
260 1646 324 1681 an,
338 1646 428 1671 cum
444 1645 587 1682 magno
604 1634 793 1672 decumas
810 1632 1066 1679 vendidisses,
1085 1640 1124 1670 te
1138 1632 1373 1682 expressisse

41 1697 91 1736 ab
118 1697 248 1736 invitis
277 1697 558 1748 Liparensibus
583 1699 685 1736 hanc
711 1697 954 1749 pecuniam?
1011 1698 1090 1736 Sed
1116 1698 1211 1747 quid
1233 1710 1306 1747 ego
1327 1711 1372 1736 ex
1394 1705 1434 1745 85

3 1769 79 1807 5te
113 1776 258 1813 quaero
292 1763 389 1814 quid
429 1765 660 1803 defensurus
700 1764 762 1812 sis,
804 1764 935 1814 potius
974 1776 1093 1814 quarn
1133 1775 1370 1813 cognoscam

40 1841 86 1866 ex
124 1827 209 1878 ipsa
247 1828 403 1867 civitate
443 1828 540 1879 quid
578 1837 732 1880 gestum
772 1829 851 1868 sit?
918 1828 1059 1868 Recita
1098 1827 1369 1867 testimonium

37 1892 240 1942 publicum
282 1893 565 1944 Liparensium,
604 1894 749 1933 deinde
781 1907 900 1945 quem
934 1895 985 1932 ad
1019 1894 1185 1931 modum
1217 1892 1369 1930 nummi

37 1957 222 1996 Valentio
252 1957 328 1996 sint
356 1958 447 1997 dati.
508 1961 812 1997 TEsTmONWM
844 1969 1064 1996 Pvsschvn.
1124 1958 1218 2006 Qvo
1249 1968 1369 1995 MODO

38 2033 228 2060 SOLVTVM
259 2034 331 2069 SIT,
364 2034 420 2060 EX
457 2034 646 2062 Lim-Eius
680 2035 874 2062 PVBLlcis.
937 2022 1120 2060 Etiamne
1153 2023 1252 2059 haec
1287 2029 1366 2059 tam

0 2096 19 2119 ο
38 2100 155 2137 parva
173 2087 320 2134 civitas,
345 2095 425 2126 tam
452 2090 589 2138 procul
609 2101 632 2127 a
651 2089 834 2127 manibus
862 2088 938 2127 tuis
969 2096 1087 2138 atque
1107 2100 1130 2125 a
1151 2094 1366 2136 conspectu

80 2201 110 2230 3,
130 2202 149 2230 4
174 2191 296 2230 eripiat
313 2214 320 2222 .
343 2215 350 2222 .
373 2215 380 2222 .
402 2191 502 2232 eripit
523 2191 552 2223 O
705 2203 720 2231 7
746 2197 852 2224 totum
871 2192 1037 2231 integrum
1062 2190 1122 2221 VO
1140 2202 1147 2221 ι
1180 2190 1237 2221 int.
1259 2194 1364 2220 totum

32 2238 58 2273 p
73 2234 136 2265 rell.
273 2244 295 2274 9
319 2239 352 2265 et
375 2234 456 2265 VO:
481 2241 555 2275 acp
572 2235 638 2267 rell.
793 2246 831 2275 15
856 2235 910 2267 hic
927 2236 1096 2275 interpres
1120 2233 1202 2265 VO:
1230 2234 1288 2264 int.
1312 2233 1364 2263 hic

31 2277 140 2358 Λῗῆἵὲῐῖ.
154 2329 218 2352 ΘΜ.
232 2287 274 2351 202
298 2277 384 2309 med'
406 2277 475 2319 qu
491 2289 498 2309 z
523 2279 608 2310 mod'
628 2280 680 2319 (ut
695 2279 714 2311 l.
737 2281 795 2320 21)
815 2278 865 2310 Or
951 2288 994 2318 30
1018 2289 1037 2310 a
1056 2279 1146 2319 (ante
1160 2276 1363 2317 conspectu)
