1600 2704
140 146 411 185 ACTIONIS
442 147 502 184 IN
535 146 580 185 C.
603 146 844 183 VERREM
875 147 1175 186 SECVNDAE
1207 150 1311 187 LIB.
1335 151 1371 186 V
1421 150 1468 187 61
1491 155 1551 197 158

137 269 286 306 umque
342 256 585 307 Reginorum
644 255 878 295 testimoniis
938 259 1231 308 multorumque
1289 259 1466 310 equitum

139 321 414 358 Romanorum
440 319 508 370 qui
534 332 628 358 casu
653 327 737 358 tum
766 321 977 358 Messanae
1003 322 1171 368 fuerunt,
1192 323 1286 361 dedi
1314 330 1466 362 tantum

138 384 265 434 priore
303 384 459 423 actione
497 383 656 422 testium
695 396 755 422 res
794 391 835 422 ut
869 384 1019 422 nemini
1053 385 1175 423 dubia
1206 399 1291 425 esse
1330 387 1463 437 possit.

138 448 248 497 Quid
268 462 374 487 nunc
402 449 546 498 agam?
603 448 706 488 Cum
734 448 811 486 iam
840 456 898 486 tot
925 450 1041 487 horas
1070 451 1121 488 de
1148 463 1229 489 uno
1253 464 1395 501 genere
1421 465 1466 491 ac
1495 469 1552 502 159

96 514 188 557 5de
225 512 335 551 istius
375 512 522 551 nefaria
559 512 790 551 crudelitate
831 513 973 560 dicam,
1014 526 1105 552 cum
1144 527 1267 565 prope
1305 528 1466 555 omnem

136 577 213 614 vim
245 578 455 616 verborum
485 577 569 616 eius
608 577 728 625 modi,
763 590 864 627 quae
899 580 1044 618 scelere
1077 578 1187 618 istius
1221 580 1340 630 digna
1379 582 1466 630 sint,

134 641 219 679 aliis
258 641 298 679 in
336 642 453 680 rebus
492 641 816 691 consumpserim,
857 655 986 691 neque
1026 645 1102 682 hoc
1142 644 1390 694 providerim,
1425 654 1467 685 ut

134 705 320 745 varietate
346 706 554 745 criminum
577 719 646 745 vos
673 713 843 746 attentos
871 715 1057 755 tenerem,
1079 721 1198 758 quem
1222 711 1273 748 ad
1301 712 1464 750 modum

134 771 185 809 de
205 778 314 809 tanta
340 784 381 809 re
409 772 570 810 dicam?
626 770 790 820 Opinor‚
811 784 913 810 unus
943 774 1085 811 modus
1115 780 1234 823 atque
1263 787 1342 812 una
1367 775 1466 814 ratio

75 850 116 873 ιο
134 843 192 873 est
210 849 221 883 ,·
248 849 331 874 rem
351 835 392 873 in
413 835 547 874 medio
575 849 722 886 ponam
740 850 751 884 3
779 848 880 886 quae
906 844 1060 874 tantum
1087 838 1205 876 habet
1235 838 1318 888 ipsa
1347 840 1466 889 gravi-

133 900 222 939 tatis
257 908 299 940 ut
330 913 460 950 neque
494 913 592 949 mea,
621 913 722 950 quae
756 902 863 939 nulla
892 909 961 949 est,
992 914 1121 952 neque
1150 903 1383 953 cuiusquam
1413 906 1465 943 ad

133 966 438 1005 inflammandos
468 973 616 1004 vestros
645 965 800 1005 animos
830 967 1057 1017 eloquentia
1086 968 1312 1018 requiratur.

187 1030 335 1069 Gavius
366 1029 431 1068 hic
464 1043 583 1080 quem
617 1030 720 1078 dico,
752 1031 972 1078 Consanus,
1004 1044 1094 1069 cum
1130 1032 1168 1069 in
1203 1032 1270 1071 illo
1298 1046 1464 1072 numero
1490 1043 1550 1075 160

132 1090 277 1134 civium
313 1096 587 1134 Romanorum
625 1095 676 1133 ab
710 1094 785 1133 isto
823 1095 863 1132 in
894 1095 1023 1134 vincla
1055 1096 1257 1135 coniectus
1291 1105 1393 1136 esset
1426 1105 1464 1137 et

75 1160 267 1208 15nescio
306 1173 384 1210 qua
417 1159 568 1198 ratione
607 1161 707 1197 clam
746 1172 767 1197 e
806 1159 1004 1198 lautumiis
1044 1160 1277 1210 profugisset
1317 1162 1465 1200 Messa—

131 1238 303 1275 namque
341 1224 522 1271 venisset,
563 1224 631 1274 qui
665 1232 745 1262 tam
784 1236 907 1274 prope
945 1224 1023 1262 iam
1055 1224 1209 1262 Italiam
1240 1233 1278 1263 et
1308 1225 1465 1265 moenia

132 1290 387 1339 Reginorum,
419 1288 564 1326 civium
601 1290 886 1335 Romanorum,
921 1288 1071 1327 videret
1102 1297 1140 1328 et
1175 1303 1220 1327 ex
1254 1290 1322 1328 illo
1355 1298 1463 1329 metu

130 1353 266 1392 mortis
304 1366 350 1392 ac
388 1353 560 1391 tenebris
599 1352 711 1403 quasi
744 1355 832 1391 luce
866 1352 1054 1392 libertatis
1094 1362 1131 1391 et
1169 1356 1292 1392 odore
1329 1354 1462 1405 aliquo

130 1421 260 1468 legum
287 1425 482 1457 recreatus
512 1417 722 1465 revixisset,
744 1417 853 1467 loqui
884 1419 1095 1457 Messanae
1124 1426 1163 1457 et
1193 1418 1302 1468 queri
1332 1419 1463 1470 coepit

70 1498 112 1523 20
131 1496 171 1522 se
192 1483 319 1522 civem
341 1484 569 1520 Romanum
596 1481 637 1519 in
657 1481 785 1520 vincla
812 1481 1048 1530 coniectum,
1067 1481 1141 1521 sibi
1159 1490 1265 1522 recta
1286 1483 1357 1522 iter
1377 1496 1462 1523 esse

131 1549 316 1594 Romam,
338 1546 449 1584 Verri
470 1559 512 1584 se
531 1552 687 1596 praesto
707 1545 933 1585 advenienti
954 1547 1138 1585 futurum.
1200 1548 1293 1586 Non
1315 1548 1462 1587 intelle-
1483 1549 1538 1587 62

121 1612 246 1662 gebat
275 1611 391 1650 miser
418 1610 515 1649 nihil
542 1610 730 1649 interesse
760 1618 890 1649 utrum
912 1612 1010 1650 haec
1038 1613 1249 1651 Messanae
1277 1625 1327 1651 an
1355 1615 1462 1663 apud

128 1677 246 1715 istum
285 1675 326 1714 in
360 1674 555 1726 praetorio
584 1677 808 1725 loqueretur
824 1690 834 1723 3
873 1689 976 1723 nam,
1007 1684 1050 1715 ut
1084 1684 1200 1715 antea
1230 1690 1300 1716 vos
1330 1678 1460 1726 docui,

128 1742 231 1780 hanc
262 1740 337 1779 sibi
367 1739 440 1778 iste
474 1740 611 1778 urbem
646 1740 843 1790 delegerat
874 1753 994 1790 quam
1034 1741 1196 1780 haberet
1231 1742 1462 1781 adiutricem

67 1819 109 1850 25
129 1807 333 1852 scelerum,
363 1806 554 1843 furtorum
584 1804 850 1854 receptricem,
887 1805 1123 1855 flagitiorum
1158 1806 1336 1845 omnium
1373 1819 1463 1845 con-

128 1870 260 1908 sciam.
335 1870 475 1919 Itaque
513 1871 564 1908 ad
596 1870 863 1919 magistratum
905 1871 1187 1910 Mamertinum
1229 1872 1359 1910 statim
1398 1873 1462 1910 de-

127 1934 284 1973 ducitur
304 1933 462 1981 Gavius,
478 1947 606 1983 eoque
626 1934 713 1984 ipso
734 1935 798 1974 die
820 1949 912 1974 casu
937 1938 1165 1975 Messanam
1180 1938 1321 1975 Verres
1341 1936 1458 1974 venit.

129 2000 209 2037 Res
238 1999 290 2037 ad
320 2011 411 2037 eum
440 1999 621 2045 defertur,
652 2011 737 2037 esse
767 1999 893 2038 civem
925 2001 1152 2039 Romanum
1185 2001 1251 2050 qui
1282 2013 1323 2040 se
1353 2002 1461 2050 Syra-

127 2063 230 2102 cusis
251 2062 292 2101 in
312 2062 511 2101 lautumiis
531 2062 651 2101 fuisse
669 2071 894 2113 quereretur
908 2078 919 2112 3
939 2077 1057 2114 quem
1073 2064 1151 2103 iam
1173 2065 1458 2115 ingredientem

69 2144 109 2174 30
128 2127 168 2165 in
199 2140 340 2166 navem
370 2135 408 2166 et
431 2127 544 2166 Verri
571 2127 687 2167 nimis
713 2128 895 2167 atrociter
922 2128 1170 2169 minitantem
1195 2130 1246 2168 ab
1275 2143 1315 2169 se
1345 2138 1459 2169 retra-

171 2241 191 2271 3
216 2230 324 2271 possit
341 2229 485 2272 RSpq6:
510 2237 627 2272 posset
643 2231 712 2264 edd.
877 2233 897 2263 8
921 2238 1073 2265 attentos
1090 2232 1119 2265 S
1135 2232 1199 2265 rell.
1219 2244 1226 2264 t
1251 2233 1409 2265 adtentos
1425 2233 1459 2264 R

131 2285 165 2304 11
194 2275 414 2315 cuiuspiamp
520 2284 558 2314 13
583 2275 658 2306 dico
676 2285 819 2306 cosanus
835 2275 886 2306 S:
911 2277 1094 2309 dicosanus
1110 2276 1144 2307 R
1257 2287 1294 2316 15
1319 2288 1337 2308 e
1354 2287 1419 2308 om.
1439 2289 1459 2307 π

130 2327 166 2356 17
194 2318 256 2350 civ.
275 2318 376 2349 Rom.
396 2329 462 2349 om.
477 2318 494 2347 ὃ
513 2318 590 2360 (etl.
610 2320 667 2350 205
802 2328 844 2358 23
870 2320 977 2359 ipsum
997 2321 1014 2350 ὃ
1146 2330 1186 2359 27
1211 2320 1349 2360 gravius
1366 2320 1411 2360 R,
1431 2325 1460 2352 ct

121 2366 175 2401 pr.
195 2360 226 2392 S
356 2371 398 2400 30
421 2361 462 2392 ab
478 2371 516 2392 se
532 2360 638 2392 Halm
657 2373 662 2391 :
685 2363 727 2393 acl
745 2371 781 2393 se
798 2360 881 2394 RS:
907 2373 924 2393 a
941 2373 978 2394 se
989 2365 1033 2403 p&

1310 2453 1369 2482 29*
