1600 2704
402 496 471 548 M.
518 501 730 552 TVLLI
783 507 1184 564 CICERONIS

136 632 228 686 IN
282 633 343 688 C.
395 635 752 696 VERREM
806 646 1058 704 ACTIO
1115 653 1389 714 PRIMA

144 826 268 874 QVOD
289 836 369 867 erat
391 834 610 881 optandum
637 837 815 886 maxime,
840 839 1001 891 iudices,
1025 854 1063 884 et
1087 851 1195 897 quod
1220 865 1341 892 unum
1368 858 1418 895 ad
1440 839 1457 921 ξ

86 888 276 931 invidiam
297 895 412 933 vestri
441 897 589 937 ordinis
619 899 902 955 infamiamque
933 908 1167 951 iudiciorum
1199 919 1415 959 sedandam

85 955 255 996 maxime
304 960 536 1010 pertinebat,
574 963 614 1003 id
654 979 734 1005 non
774 970 950 1011 humano
985 976 1150 1016 consilio
1185 983 1253 1020 sed
1294 997 1416 1035 prope

83 1019 270 1060 divinitus
300 1024 437 1063 datum
466 1034 585 1076 atque
615 1030 791 1070 oblatum
821 1035 932 1074 vobis
963 1050 1119 1079 summo
1150 1044 1201 1081 rei
1233 1048 1414 1095 publicae

42 1096 59 1128 5
81 1091 259 1134 tempore
288 1087 453 1127 videtur.
513 1092 750 1133 Inveteravit
780 1098 885 1136 enim
917 1100 992 1139 iam
1026 1105 1161 1154 opinio
1193 1111 1412 1158 perniciosa

78 1148 132 1187 rei
155 1150 334 1200 publicae
354 1154 547 1204 vobisque
575 1158 803 1207 periculosa,
828 1176 929 1213 quae
956 1180 1036 1206 non
1065 1173 1186 1211 modo
1213 1178 1319 1224 apud
1346 1192 1411 1217 2205

74 1215 143 1251 sed
157 1217 266 1264 apud
282 1224 431 1257 exteras
452 1220 632 1261 nationes
658 1226 837 1265 omnium
865 1242 1046 1272 sermone
1073 1240 1324 1289 percrebruit,
1349 1245 1408 1283 his

74 1277 227 1319 iudiciis
249 1295 350 1332 quae
377 1297 484 1323 nunc
511 1296 601 1326 sunt
629 1292 887 1339 pecuniosum
917 1297 1132 1343 hominem,
1155 1307 1332 1353 quamvis
1358 1309 1407 1348 sit

73 1357 231 1393 nocens,
255 1348 456 1387 neminem
483 1364 599 1401 posse
620 1355 809 1396 damnari.
869 1361 988 1401 Nunc
1011 1363 1048 1402 in
1072 1365 1156 1416 ipso
1178 1370 1404 1413 discrimine
1429 1392 1443 1413 2

14 1422 52 1445 10
71 1408 218 1448 ordinis
247 1410 564 1465 iudiciorumque
592 1428 822 1470 vestrorum,
844 1438 933 1464 cum
966 1428 1041 1467 sint
1072 1434 1194 1480 parati
1216 1437 1282 1485 qui
1313 1452 1403 1477 con-

69 1472 242 1514 tionibus
288 1485 326 1516 et
372 1479 523 1529 legibus
570 1484 672 1523 hanc
717 1487 904 1529 invidiam
955 1504 1112 1534 senatus
1158 1499 1401 1544 inflammare

66 1547 269 1588 conentur,
301 1556 388 1582 reus
418 1544 458 1582 in
494 1546 683 1587 iudicium
713 1553 910 1594 adductus
941 1567 997 1596 est
1027 1561 1071 1599 C.
1094 1564 1248 1611 Verres,
1277 1569 1398 1608 homo

64 1602 142 1641 vita
161 1612 280 1655 atque
301 1608 412 1647 factis
438 1612 615 1651 omnium
646 1615 722 1653 iam
751 1618 939 1668 opinione
960 1625 1180 1676 damnatus,
1204 1634 1397 1680 pecuniae

64 1669 334 1719 magnitudine
355 1686 425 1712 sua
446 1689 515 1726 spe
537 1686 574 1716 et
600 1681 892 1728 praedicatione
917 1688 1131 1731 absolutus.
1191 1697 1300 1735 Huic
1321 1712 1394 1749 ego

4 1743 41 1777 15
62 1745 218 1782 causae,
255 1736 416 1786 iudices,
458 1755 548 1780 cum
588 1757 743 1785 summa
783 1751 984 1791 voluntate
1023 1764 1060 1793 et
1099 1763 1393 1809 exspectatione

59 1799 195 1848 populi
236 1802 408 1843 Romani
446 1815 555 1846 actor
588 1812 746 1859 accessi,
785 1827 863 1852 non
904 1825 945 1855 ut
984 1832 1166 1870 augerem
1202 1825 1389 1868 invidiam

57 1862 216 1911 ordinis,
251 1868 321 1905 sed
356 1876 398 1906 ut
432 1869 616 1913 infamiae
652 1880 855 1918 communi
891 1894 1167 1926 succurrerem.
1227 1893 1387 1932 Adduxi

56 1925 162 1965 enim
190 1929 392 1971 hominem
419 1933 458 1972 in
480 1949 560 1986 quo
587 1942 838 1982 reconciliare
870 1946 1197 1990 existimationem
1223 1954 1387 1997 iudicio—

55 2004 140 2029 rum
161 1993 356 2044 amissam,
380 1999 506 2038 redire
527 2001 564 2040 in
586 2005 748 2053 gratiam
777 2022 867 2047 cum
896 2015 1044 2061 populo
1074 2017 1267 2066 Romano,
1292 2024 1384 2062 satis

0 2066 31 2089 20
52 2055 179 2096 facere
217 2060 356 2099 exteris
394 2063 620 2106 nationibus
668 2073 848 2121 possetis,
890 2077 1208 2126 depeculatorem
1248 2089 1382 2137 aerari,

93 2171 112 2199 4
137 2162 232 2193 nobis
257 2164 295 2203 G¹
387 2168 408 2198 6
431 2178 499 2199 non
529 2172 626 2202 modo
651 2176 739 2214 apud
766 2186 828 2208 nos
855 2181 914 2211 sed
943 2184 1034 2222 apud
1062 2191 1198 2219 exteras
1224 2192 1379 2225 nationes

49 2202 147 2236 Harl.
169 2208 254 2245 5428
273 2209 318 2239 (A.
334 2219 365 2240 D.
389 2214 488 2250 147οἺ
506 2225 512 2244 :
539 2225 604 2246 non
623 2219 720 2249 modo
740 2219 869 2253 Rornae
885 2226 946 2256 sed
965 2232 997 2258 et
1016 2228 1128 2266 [etiam
1148 2231 1271 2274 Halm)
1289 2239 1377 2276 apud

49 2252 115 2279 ext.
143 2255 210 2281 nat.
237 2251 435 2294 Naugerius,
465 2257 551 2297 vulg.
580 2260 631 2300 (cf
659 2262 692 2291 iv
718 2266 732 2300 ξ
760 2266 842 2303 58);
881 2278 948 2299 non
974 2273 1074 2303 modo
1100 2277 1188 2314 apud
1215 2280 1376 2317 populum

49 2290 239 2325 Romanum
266 2297 326 2326 sed
356 2299 456 2330 etiam
482 2302 572 2340 apud
599 2309 667 2334 ext.
688 2311 756 2339 nat.
773 2309 845 2341 edst.
863 2310 951 2343 lunt.
971 2320 1066 2346 secuit
1090 2317 1213 2353 Baiter,
1236 2322 1372 2362 Kayser,

48 2332 194 2368 Mueller.
212 2338 348 2370 Habent
362 2352 428 2372 non
454 2345 554 2376 modo
575 2349 665 2386 apud
682 2354 752 2382 ext.
772 2357 852 2392 nat.‚
875 2356 989 2388 mediis
1005 2361 1147 2399 mnissis‚
1164 2363 1220 2404 Dp
1238 2370 1266 2395 ct
1281 2368 1371 2398 codd.

43 2382 170 2415 praeter
192 2391 211 2410 ν
230 2386 259 2412 et
280 2383 390 2416 Burn.
420 2388 492 2427 158,
514 2389 547 2419 in
575 2391 693 2429 quibus
718 2398 765 2425 est
782 2397 936 2437 (itemque
958 2401 991 2430 ιἰι
1015 2403 1061 2434 ed.
1085 2404 1159 2437 Ven.
1184 2410 1277 2447 1483*
1306 2421 1372 2441 non

47 2423 144 2453 modo
161 2426 249 2463 apud
267 2432 333 2458 ext.
354 2434 420 2460 nat.
441 2432 502 2462 sed
519 2435 669 2466 omnium
686 2445 844 2471 sermone
862 2452 869 2471 :
897 2441 943 2475 Cl.
962 2444 1043 2476 Rev.
1060 2449 1139 2479 xvii.
1165 2460 1226 2491 199
