1600 2704
80 144 144 181 37
489 122 546 159 M.
577 116 746 156 TVLLI
778 107 1084 152 CICERONIS

128 243 240 282 labor
278 238 318 277 in
357 233 525 288 publicis
565 227 803 281 privatisque
841 221 969 266 rebus,
1011 227 1165 256 summa
1203 207 1453 263 parsimonia,

131 318 286 347 sumnia
329 298 541 351 diligentia.
611 293 675 333 Sic
716 301 832 342 porro
875 292 1030 324 nostros
1070 279 1252 320 homines
1290 275 1457 324 diligunt

132 380 175 411 ut
213 370 258 409 iis
297 366 388 407 solis
427 376 555 413 neque
590 357 823 410 publicanus
857 362 986 400 neque
1017 344 1234 397 negotiator
1265 339 1359 380 odio
1398 337 1456 376 sit.

96 445 115 476 8
136 435 440 486 Magistratuum
491 433 622 465 autem
671 428 894 460 nostrorum
941 411 1100 453 iniurias
1147 410 1201 447 ita
1247 406 1461 444 multorum

137 502 308 540 tulerunt
347 503 389 534 ut
428 501 645 540 numquam
684 492 775 524 ante
814 483 891 521 hoc
922 487 1078 528 tempus
1110 475 1161 513 ad
1194 483 1301 511 aram
1331 470 1463 517 legum
1485 476 1502 508 5

137 561 457 615 praesidiumque
473 561 645 594 vestrum
666 548 827 601 publico
847 542 1013 584 consilio
1033 535 1291 588 confugerint,
1310 529 1465 571 tametsi

139 637 177 668 et
224 628 334 665 illum
372 633 522 661 annum
569 616 808 668 pertulerant
855 608 922 660 qui
970 606 1025 645 sic
1072 616 1140 643 eos
1182 599 1383 640 adflixerat
1425 601 1468 633 ut

141 691 235 731 salvi
263 702 348 729 esse
368 700 449 726 non
476 688 649 735 possent,
679 677 753 717 nisi
774 677 818 716 C.
850 672 1062 713 Marcellus
1087 666 1199 718 quasi
1228 664 1362 713 aliquo
1389 662 1469 699 fato

142 756 323 801 venisset,
343 761 385 792 ut
406 750 466 789 bis
483 763 529 788 ex
545 747 684 786 eadem
701 741 848 782 familia
867 740 970 778 salus
986 734 1141 775 Siciliae
1157 729 1469 771 constitueretur,

145 830 182 861 et
202 828 292 872 post
314 819 370 856 M.
394 813 545 854 Antoni
567 809 764 849 infinitum
789 805 886 844 illud
907 799 1115 852 imperium
1137 799 1349 836 senserant.
1409 788 1472 828 Sic
1498 799 1533 822 10

145 901 167 926 a
189 883 402 924 maioribus
424 878 503 918 suis
519 879 766 926 acceperant,
781 876 890 909 tanta
909 864 1046 917 populi
1067 859 1240 901 Romani
1260 858 1301 897 in
1321 856 1475 896 Siculos

148 965 232 991 esse
267 944 461 987 beneficia
492 950 535 981 ut
566 940 683 980 etiam
715 935 874 976 iniurias
903 938 1126 970 nostrorum
1155 923 1364 964 hominurn
1395 932 1479 970 per-

111 1039 130 1071 9
150 1015 330 1056 ferendas
365 1014 557 1062 putarent.
618 1006 667 1043 In
698 1000 898 1041 neminem
923 995 1099 1035 civitates
1125 998 1216 1030 ante
1242 990 1349 1026 hunc
1376 982 1479 1023 testi-

152 1079 331 1120 monium
348 1074 506 1127 publice
527 1071 708 1111 dixerunt
724 1081 733 1115 3
756 1067 862 1104 hunc
883 1062 1055 1110 denique
1071 1057 1200 1108 ipsum
1216 1050 1478 1104 pertulissent,

153 1146 185 1185 si
206 1147 383 1183 humano
409 1139 541 1183 modo,
565 1135 597 1174 si
618 1133 762 1173 usitato
788 1141 907 1174 more,
931 1126 962 1164 si
983 1122 1155 1172 denique
1182 1131 1263 1157 uno
1287 1115 1420 1166 aliquo
1441 1112 1481 1150 in
1505 1122 1541 1154 15

154 1222 297 1261 genere
330 1210 544 1257 peccasset.
604 1199 683 1239 Sed
721 1208 813 1235 cum
847 1192 1014 1243 perferre
1056 1199 1138 1225 non
1176 1188 1338 1235 possent
1376 1181 1484 1217 luxu-

156 1275 263 1320 riem,
298 1268 582 1312 crudelitatem,
615 1260 827 1306 avaritiam,
864 1252 1099 1306 superbiam,
1131 1262 1222 1288 cum
1253 1244 1387 1286 onmia
1416 1255 1485 1281 sua

157 1336 381 1381 commoda,
405 1333 498 1379 iura,
530 1326 724 1368 beneficia
744 1330 901 1363 senatus
921 1316 1137 1371 populique
1167 1310 1341 1352 Romani
1370 1309 1487 1347 unius

158 1405 305 1443 scelere
336 1413 382 1439 ac
414 1395 579 1436 libidine
611 1390 884 1444 perdidissent,
916 1387 993 1424 hoc
1028 1385 1260 1425 statuerunt,
1288 1382 1356 1415 aut
1385 1372 1490 1411 illius

160 1466 318 1507 iniurias
352 1477 421 1515 per
453 1474 523 1500 vos
557 1456 693 1497 ulcisci
725 1468 771 1493 ac
797 1449 988 1503 persequi,
1021 1454 1098 1493 aut,
1131 1444 1163 1483 si
1195 1441 1308 1481 vobis
1338 1437 1489 1488 indigni
1513 1452 1552 1474 20

161 1539 292 1573 essent
331 1528 402 1568 visi
441 1526 585 1577 quibus
624 1534 741 1572 opem
784 1516 1051 1564 auxiliumque
1090 1509 1249 1555 ferretis,
1290 1503 1397 1544 urbis
1445 1514 1491 1540 ac

163 1600 276 1637 sedes
298 1608 387 1634 suas
415 1591 646 1640 relinquere,
668 1580 994 1636 quandoquidem
1023 1588 1135 1627 agros
1164 1574 1242 1612 iarn
1263 1577 1355 1610 ante
1382 1566 1492 1606 istius

108 1650 147 1730 1ss
164 1661 314 1701 iniuriis
342 1657 523 1709 exagitati
553 1651 814 1702 reliquissent.
874 1647 967 1684 Hoc
993 1640 1159 1682 consilio
1183 1638 1234 1677 ab
1259 1638 1302 1674 L.
1327 1632 1494 1672 Metello

166 1726 382 1777 legationes
412 1721 615 1761 universae
639 1715 860 1767 petiverunt
881 1717 923 1750 ut
944 1720 1063 1759 quam
1085 1704 1255 1756 primum
1281 1699 1343 1739 isti
1365 1709 1496 1737 succe-

167 1795 287 1838 deret,
322 1791 399 1828 hoc
433 1786 567 1825 animo
598 1782 742 1822 totiens
776 1778 883 1828 apud
917 1781 1104 1826 patronos
1133 1770 1183 1809 de
1218 1766 1296 1806 suis
1331 1761 1497 1802 miseriis
1519 1771 1556 1804 25

167 1859 431 1907 deploratum,
455 1853 531 1889 hoc
553 1845 743 1887 commoti
763 1845 900 1883 dolore
921 1838 1117 1890 postulata
1137 1830 1376 1876 consulibus,
1396 1839 1499 1877 quae

169 1935 249 1960 non
278 1919 474 1970 postulata
495 1914 564 1953 sed
590 1912 628 1950 in
655 1910 772 1949 istum
803 1905 966 1946 crimina
995 1901 1219 1940 viderentur
1247 1908 1343 1941 esse,
1367 1891 1498 1932 edide-

170 1994 269 2025 runt.
330 1985 524 2021 Fecerunt
546 1977 664 2017 etiam
689 1981 731 2013 ut
756 1985 831 2019 me,
853 1969 964 2010 cuius
988 1967 1109 2006 fidem
1133 1958 1500 2006 continentiamque

171 2055 399 2094 coonorant,
436 2057 558 2096 prope
590 2043 641 2081 de
675 2046 776 2078 vitae
812 2048 923 2074 meae
955 2038 1057 2071 statu
1087 2029 1225 2069 dolore
1257 2038 1303 2063 ac
1332 2024 1502 2061 lacrimls

222 2082 244 2101 ε)

222 2163 233 2182 1
261 2159 391 2181 summa
406 2144 611 2189 parsimonia
628 2153 693 2174 om.
715 2139 774 2172 CO
903 2147 923 2176 3
949 2135 989 2166 iis
1008 2133 1053 2165 C:
1077 2133 1141 2172 isp
1158 2142 1165 2161 z
1188 2129 1241 2160 his
1258 2127 1276 2158 b
1292 2125 1361 2157 edd.
1482 2124 1504 2153 6

175 2194 387 2232 confugerint
418 2192 487 2230 Cp:
520 2188 742 2226 confugerent
773 2183 809 2214 ὸδ
944 2190 960 2218 7
986 2182 1020 2209 et
1047 2175 1114 2217 Cpr
1136 2173 1204 2205 aL:
1239 2182 1306 2202 ont.
1336 2167 1398 2199 Olb
1422 2166 1499 2196 Asc.

180 2250 218 2269 10
243 2243 275 2267 et
303 2241 379 2275 post
404 2233 516 2273 CO¹pq
536 2243 542 2261 t
567 2236 600 2262 et
624 2234 742 2270 postea
765 2226 866 2256 Asa:
891 2228 1008 2263 postea
1024 2221 1064 2250 k:
1100 2221 1276 2258 postquam
1301 2213 1337 2243 ὁδ
1466 2219 1505 2247 19

177 2282 266 2312 illius
288 2278 380 2310 C012
407 2277 502 2307 istius
516 2279 540 2314 p
562 2274 627 2304 rell.
765 2280 802 2300 21
830 2278 868 2299 ac
894 2266 996 2306 COp:
1027 2268 1060 2294 et
1078 2262 1113 2293 ὸδ
1248 2268 1288 2288 22
1313 2254 1504 2293 relinquere

178 2324 355 2355 lllanzttz'us
370 2332 376 2351 :
401 2319 672 2357 relinquerentur
684 2315 795 2354 primo
815 2312 848 2351 C,
869 2310 940 2342 dein
958 2307 1196 2346 relinquerent,
1214 2305 1250 2332 nt
1266 2300 1330 2331 rell.
1405 2305 1505 2336 agros

179 2378 245 2400 om.
264 2367 300 2397 ὺδ
389 2373 430 2402 23
454 2362 494 2392 ab
513 2360 570 2391 CO
588 2371 593 2390 :
618 2370 637 2389 a
655 2358 717 2389 rell.
811 2366 853 2396 29
878 2356 1064 2393 cognorant
1083 2349 1130 2380 C:
1155 2346 1382 2386 cognoverant
1394 2346 1418 2381 p
1437 2338 1500 2370 rell.
