1600 2704
58 96 109 136 25
129 94 171 134 64
501 87 558 124 M.
590 87 759 125 TVLLI
791 85 1099 126 CICERONIS

129 211 209 237 non
236 197 504 249 praedonibus
526 196 661 248 captis,
686 197 717 236 si
738 196 805 248 qui
827 209 939 236 senes
959 209 1005 234 ac
1026 196 1222 235 deformes
1250 202 1370 243 erant,
1393 209 1460 236 eos

127 263 166 302 in
192 263 366 302 hostium
394 275 560 301 numero
589 262 699 302 ducit
714 276 724 309 3
768 262 836 312 qui
860 261 1010 312 aliquid
1036 262 1185 300 formae
1214 260 1351 300 aetatis
1375 261 1462 300 arti-

127 328 270 379 ficique
308 327 523 375 habebant,
556 327 719 366 abducit
758 327 897 373 omnis,
932 340 1013 365 non
1052 327 1180 365 nullos
1212 325 1349 365 scribis
1381 325 1462 365 filio

126 393 359 444 cohortique
391 392 598 439 distribuit,
634 392 938 443 symphoniacos
978 391 1159 431 homines
1198 404 1264 430 sex
1303 389 1461 429 cuidam

125 459 255 498 amico
281 471 352 497 suo
383 460 555 497 Romam
584 457 735 497 muneri
766 457 882 496 misit.
951 457 1043 496 Nox
1066 456 1131 495 illa
1155 463 1238 495 tota
1264 455 1304 494 in
1335 455 1463 494 exina-
1484 471 1500 503 5

126 524 276 564 niunda
297 537 396 562 nave
421 523 676 563 consumitur.
735 522 1022 574 Archipiratam
1053 523 1181 572 ipsum
1202 520 1309 560 videt
1329 533 1459 567 nemo,

125 590 176 629 de
196 602 277 640 quo
297 588 535 639 supplicium
556 587 659 627 sumi
677 587 861 638 oportuit.
922 587 1058 626 Hodie
1078 599 1217 626 omnes
1238 586 1294 625 sic
1314 585 1462 625 habent

126 654 276 704 —quid
298 654 380 692 eius
413 653 461 692 sit
481 666 550 692 vos
571 652 797 692 coniectura
816 651 982 702 adsequi
1002 650 1330 691 debetis—istum
1360 651 1462 689 clam

124 732 146 756 a
177 719 308 769 piratis
339 719 391 757 ob
422 720 528 757 hunc
558 717 835 768 archipiratam
865 716 1075 768 pecuniam
1104 715 1315 767 accepisse.

183 784 445 824 ‘Coniectura
479 785 560 822 est.²
620 783 746 822 Iudex
785 795 870 822 esse
909 782 1037 821 bonus
1069 795 1188 821 nemo
1226 788 1355 832 potest
1394 780 1462 831 qui
1485 797 1524 820 10

124 848 350 900 suspicione
375 856 480 888 certa
515 861 596 887 non
630 855 821 887 movetur.
881 846 1100 886 Hominem
1135 846 1269 893 nostis,
1300 859 1462 886 consue-

125 915 304 953 tudinem
336 913 515 953 omnium
552 911 833 963 tenetis,—qui
857 913 1002 952 ducem
1027 912 1272 963 praedonum
1304 920 1371 951 aut
1396 913 1463 951 ho-

124 979 242 1018 stiurn
259 979 417 1030 ceperit,
434 992 553 1030 quam
567 979 734 1018 libenter
754 992 845 1018 eum
866 979 995 1028 palam
1015 984 1106 1015 ante
1126 978 1262 1016 oculos
1283 976 1462 1016 omnium

125 1059 209 1085 esse
242 1045 419 1095 patiatur.
480 1044 700 1084 Hominem
728 1044 767 1082 in
795 1051 905 1082 tanto
932 1049 1130 1082 conventu
1157 1041 1354 1092 Syracusis
1381 1041 1461 1081 vidi

125 1110 338 1157 neminem,
376 1109 536 1156 iudices,
579 1109 646 1160 qui
681 1107 955 1159 archipiratam
994 1115 1154 1158 captum
1192 1105 1278 1146 sese
1316 1106 1460 1146 vidisse
1482 1120 1521 1155 15

125 1177 284 1223 diceret,
308 1189 399 1214 cum
425 1188 578 1222 omnes,
599 1182 639 1213 ut
662 1187 747 1213 mos
769 1181 837 1221 est,
862 1180 903 1211 ut
927 1174 1027 1212 solet
1053 1173 1146 1219 fieri,
1170 1179 1458 1218 concurrerent,

125 1249 372 1292 quaererent,
391 1240 524 1279 videre
549 1246 747 1290 cuperent.
808 1237 917 1287 Quid
944 1237 1087 1276 accidit
1114 1250 1182 1275 cur
1206 1244 1316 1276 tanto
1343 1249 1462 1287 opere

124 1307 197 1345 iste
233 1308 354 1345 homo
388 1306 648 1344 occultaretur
675 1311 717 1342 ut
744 1317 835 1342 eum
865 1316 916 1342 ne
943 1316 1036 1341 casu
1063 1302 1224 1353 quidem
1252 1303 1462 1353 quisquam

124 1371 299 1421 aspicere
328 1372 490 1420 posset?
564 1369 762 1408 Homines
793 1367 977 1406 maritimi
1013 1368 1224 1418 Syracusis,
1245 1369 1313 1419 qui
1344 1381 1462 1419 saepe

123 1436 235 1474 istius
271 1436 384 1475 ducis
413 1448 561 1473 nomen
592 1433 806 1480 audissent,
839 1446 955 1483 saepe
987 1433 1219 1481 timuissent,
1255 1447 1347 1473 cum
1379 1434 1461 1473 eius
1484 1450 1524 1473 20

125 1503 299 1540 cruciatu
337 1508 456 1550 atque
495 1499 689 1549 supplicio
728 1511 887 1549 pascere
927 1500 1063 1538 oculos
1106 1499 1364 1551 animumque
1402 1513 1462 1539 ex-

125 1574 297 1605 saturare
341 1567 496 1611 vellent,
539 1563 711 1614 potestas
762 1563 979 1615 aspiciendi
1043 1565 1192 1604 nemini
1242 1567 1343 1604 facta
1390 1572 1459 1604 est.

62 1636 106 1669 66
124 1632 237 1669 Vnus
266 1631 385 1681 pluris
411 1631 657 1681 praedonum
678 1631 799 1669 duces
820 1632 928 1670 vivos
949 1633 1053 1683 cepit
1074 1635 1115 1671 P.
1138 1633 1321 1672 Servilius
1341 1645 1461 1682 quam

125 1708 263 1735 omnes
285 1703 410 1734 antea.
472 1696 694 1745 Ecquando
716 1695 830 1746 igitur
850 1697 925 1735 isto
948 1699 1074 1736 fructu
1095 1699 1304 1748 quisquam
1325 1697 1458 1744 caruit,

125 1768 167 1800 ut
190 1761 319 1800 videre
340 1762 505 1812 piratam
527 1768 685 1810 captum
709 1775 789 1800 non
810 1762 973 1802 liceret?
1030 1765 1083 1802 At
1104 1770 1251 1810 contra,
1274 1776 1460 1813 quacum·
1482 1773 1520 1807 25

124 1840 201 1876 que
240 1826 311 1865 iter
349 1825 450 1872 fecit,
488 1827 564 1864 hoc
597 1825 926 1866 iucundissimum
965 1829 1234 1878 spectaculum
1275 1827 1460 1866 omnibus

123 1892 346 1931 vinctorum
376 1899 661 1942 captorumque
689 1892 862 1932 hostium
887 1893 1101 1944 praebebat
1116 1908 1125 1941 ;
1154 1893 1288 1943 itaque
1315 1892 1350 1932 ei
1371 1905 1462 1931 con-

125 1971 259 1996 cursus
299 1957 418 1996 fiebat
458 1958 635 2009 undique
663 1966 705 1998 ut
742 1972 822 1998 non
861 1959 984 1997 modo
1024 1972 1070 1997 ex
1110 1957 1155 1997 iis
1196 1957 1352 2009 oppidis
1383 1970 1460 2007 qua

124 2024 372 2062 ducebantur
392 2025 462 2063 sed
485 2024 603 2064 etiam
620 2038 667 2063 ex
688 2023 865 2063 finitimis
886 2022 1038 2062 visendi
1058 2036 1176 2062 causa
1189 2021 1455 2062 convenirent.

126 2089 217 2139 Ipse
237 2097 370 2128 autem
391 2090 612 2141 triumphus
633 2103 753 2140 quarn
774 2089 826 2128 ob
857 2102 938 2127 rem
966 2087 1145 2127 omnium
1170 2087 1458 2138 triumphorum
1479 2098 1520 2130 30
1588 2094 1600 2124 Ξῖ

52 756 106 793 26

64 814 104 854 65

172 2204 184 2224 1
212 2203 248 2224 ac
270 2192 352 2224 RS:
379 2198 433 2224 aut
448 2194 510 2233 pk&
530 2193 562 2233 (ξ
581 2203 622 2232 34
640 2193 757 2233 suprass·
893 2201 913 2231 5
938 2191 1163 2222 exinanienda
1180 2191 1257 2222 navi
1276 2192 1292 2222 δ
1440 2201 1457 2229 7

126 2237 168 2267 de
192 2247 255 2276 quo
279 2262 285 2268 .
306 2262 312 2268 .
333 2260 340 2268 .
364 2237 513 2277 oportuit
538 2236 596 2268 del.
616 2235 778 2267 Zielinski
799 2236 852 2276 (p.
874 2237 947 2275 197)
1072 2235 1251 2274 Hodieque
1275 2235 1291 2264 δ
1410 2235 1459 2265 sic

125 2280 250 2311 habent
270 2291 467 2320 persuasum
480 2282 523 2320 p6
639 2290 677 2319 14
702 2280 850 2319 patiatur
861 2281 926 2319 pB:
952 2279 1078 2318 patitur
1093 2277 1188 2310 RSW
1317 2287 1355 2318 15
1379 2288 1456 2309 sese

126 2322 275 2363 Zumpt:
301 2334 377 2354 esse
402 2323 487 2354 RS:
521 2324 646 2354 vidisse
671 2334 708 2354 se
729 2328 774 2363 pq
800 2324 880 2364 [om.
907 2324 996 2361 esse)
1160 2323 1201 2353 28
1225 2321 1325 2353 fiebat
1348 2321 1456 2362 RSp:

127 2367 253 2398 fiebant
271 2368 287 2397 δ
302 2367 370 2398 edd.
466 2367 504 2397 iis·
524 2366 647 2397 Orelli:
673 2367 726 2398 his
745 2365 834 2399 codd.
