1600 2704
77 119 130 157 43
151 124 192 155 94
521 108 577 144 M.
611 107 779 145 TVLLI
811 106 1118 146 CICERONIS

150 219 401 268 repelluntur.
472 219 614 257 Postea
635 216 832 256 convulsis
854 216 1046 266 repagulis
1071 215 1329 266 ecfractisque
1358 216 1478 255 valvis

150 282 330 321 demoliri
352 282 506 332 signum
527 295 573 320 ac
594 281 771 320 vectibus
796 280 1030 320 labefactare
1061 288 1264 319 conantur.
1325 281 1480 319 Interea

151 361 197 385 ex
211 348 382 386 clamore
398 348 501 385 fama
517 354 599 385 tota
616 346 711 385 urbe
728 346 967 396 percrebruit
984 345 1195 396 expugnari
1211 346 1308 384 deos
1322 346 1477 396 patrios,

151 424 232 450 non
271 411 444 450 hostium
482 413 656 450 adventu
694 411 932 462 necopinato
975 424 1104 461 neque
1138 410 1343 461 repentino
1378 425 1483 462 prae-

152 477 303 515 donum
335 476 496 526 impetu,
529 477 599 515 sed
633 490 680 514 ex
711 477 833 515 domo
866 484 985 526 atque
1019 489 1066 514 ex
1099 476 1261 514 cohorte
1291 476 1483 526 praetoria
1505 495 1522 525 5

89 553 130 585 95
153 554 315 579 manum
336 540 586 591 fugitivorum
603 540 831 579 instructam
846 548 1116 591 armatamque
1137 540 1301 580 venisse.
1351 543 1483 580 Nemo

152 605 356 655 Agrigenti
385 618 515 654 neque
543 612 671 644 aetate
700 612 781 643 tam
810 606 965 644 adfecta
994 618 1123 655 neque
1154 604 1299 644 viribus
1329 613 1408 643 tam
1431 606 1485 643 in<

153 670 274 708 firmis
294 669 366 708 fuit
387 669 454 720 qui
475 682 556 708 non
576 668 641 707 illa
668 677 785 708 nocte
812 682 860 708 eo
890 670 1030 708 nuntio
1059 669 1248 708 excitatus
1269 670 1483 717 surrexerit,

153 735 357 784 telumque
392 735 501 783 quod
540 733 684 783 cuique
722 735 800 773 fors
841 735 1029 773 offerebat
1069 735 1283 785 arripuerit.
1345 737 1486 785 Itaque

155 798 261 837 brevi
286 806 463 848 tempore
483 799 535 837 ad
555 800 689 836 fanum
720 812 767 837 ex
798 799 895 837 urbe
915 806 997 838 tota
1018 800 1271 838 concurritur.
1332 801 1485 839 Horam
1509 816 1546 838 10
1588 797 1591 838 Ῐ

152 862 322 913 amplius
342 863 420 902 iarn
441 863 481 901 in
508 863 764 903 demoliendo
789 863 901 914 signo
930 864 1113 914 permulti
1144 864 1324 903 homines
1355 865 1486 904 molie-
1587 856 1589 859 ¹

155 928 296 967 bantur
313 943 323 977 3
352 928 449 967 illud
469 928 617 968 interea
645 930 752 967 nulla
779 929 937 967 lababat
957 941 1005 967 ex
1030 936 1150 978 parte,
1172 942 1263 967 cum
1287 929 1351 968 alii
1372 930 1486 968 vecti<

154 992 227 1031 bus
249 992 435 1032 subiectis
456 1000 691 1032 conarentur
712 1006 973 1040 commovere,
987 992 1052 1032 alii
1065 993 1279 1043 deligatum
1301 994 1485 1033 omnibus

154 1057 341 1096 membris
376 1071 510 1108 rapere
547 1058 598 1097 ad
637 1071 679 1096 se
716 1057 888 1096 funibus.
947 1059 1010 1096 Ac
1047 1066 1207 1108 repente
1242 1058 1484 1108 Agrigentini

154 1130 419 1170 concurrunt3
448 1123 490 1160 fit
517 1135 659 1172 magna
685 1122 874 1172 lapidatio
889 1136 899 1169 3
928 1123 1024 1160 dant
1051 1136 1136 1161 sese
1163 1123 1202 1160 in
1224 1124 1354 1173 fugam
1376 1123 1485 1161 istius
1509 1140 1547 1171 15
1586 1151 1587 1161 2

154 1187 341 1238 praeclari
372 1187 616 1238 imperatoris
648 1187 830 1225 nocturni
864 1186 1018 1226 milites.
1079 1189 1171 1225 Duo
1201 1195 1332 1226 tamen
1363 1187 1485 1237 sigilla

154 1254 386 1303 perparvula
406 1254 559 1299 tollunt,
581 1266 631 1291 ne
658 1251 822 1291 omnino
852 1251 988 1290 inanes
1015 1252 1066 1290 ad
1094 1251 1211 1290 istum
1244 1253 1484 1302 praedonem

154 1318 387 1368 religionum
418 1324 669 1356 revertantur.
743 1317 974 1365 Numquam
1006 1323 1086 1354 tam
1121 1318 1223 1354 male
1257 1323 1314 1355 est
1346 1317 1484 1355 Siculis

154 1382 250 1432 quin
281 1381 430 1432 aliquid
462 1383 588 1420 facete
622 1389 660 1419 et
694 1381 906 1419 commode
938 1380 1083 1427 dicant,
1116 1382 1220 1419 velut
1259 1380 1299 1418 in
1334 1381 1406 1419 hac
1446 1395 1484 1419 re

152 1447 311 1486 aiebant
350 1446 390 1484 in
429 1447 582 1485 labores
618 1445 803 1484 Herculis
838 1458 919 1484 non
954 1445 1084 1483 minus
1117 1446 1222 1484 hunc
1254 1445 1485 1484 immanissi-
1507 1463 1548 1484 20
1584 1456 1585 1499 j

154 1525 263 1549 mum
303 1524 452 1550 verrem
501 1524 620 1560 quam
668 1510 779 1548 illum
827 1523 965 1560 aprum
1015 1510 1316 1560 Erymanthium
1355 1511 1484 1550 referri

153 1584 345 1626 oportere.

78 1621 134 1701 4}
210 1642 329 1679 Hanc
367 1640 550 1679 virtutem
599 1639 945 1690 Agrigentinorum
995 1639 1134 1678 imitati
1179 1647 1269 1679 sunt
1308 1640 1484 1679 Assorini

89 1681 109 1712 9
153 1712 301 1754 postea,
323 1704 393 1743 viri
423 1706 540 1743 fortes
568 1712 605 1742 et
633 1705 780 1751 fideles,
803 1705 872 1743 sed
900 1717 1150 1755 nequaquam
1181 1718 1227 1744 ex
1254 1713 1333 1743 tam
1353 1707 1484 1755 ampla
1581 1743 1584 1759 i

152 1781 282 1818 neque
312 1776 393 1807 tam
422 1782 469 1807 ex
498 1768 621 1807 nobili
652 1768 818 1808 civitate.
878 1770 1046 1819 Chrysas
1076 1777 1134 1808 est
1162 1770 1289 1809 amnis
1317 1771 1383 1820 qui
1415 1784 1484 1820 per
1504 1785 1545 1817 25
1576 1777 1583 1803 ἃ

153 1833 432 1872 Assorinorum
453 1847 565 1884 agros
587 1834 694 1881 fluit;
724 1833 755 1872 is
775 1834 882 1884 apud
898 1833 984 1872 illos
1006 1834 1172 1873 habetur
1204 1836 1302 1874 deus
1337 1843 1375 1873 et
1401 1835 1483 1873 reli·
1576 1831 1577 1834 ¹

152 1897 269 1948 gione
285 1898 454 1937 maxima
470 1899 620 1938 colitur.
673 1900 824 1937 Fanum
839 1899 921 1937 eius
936 1907 993 1938 est
1010 1899 1050 1937 in
1066 1912 1168 1949 agro,
1184 1907 1340 1950 propter
1358 1900 1481 1951 ipsam

152 1963 255 2001 viam
276 1976 355 2013 qua
374 1966 522 2002 Assoro
544 1965 619 2002 itur
646 1964 833 2002 Hennam
852 1978 861 2010 ;
890 1963 929 2002 in
956 1976 1004 2002 eo
1029 1964 1202 2013 Chrysae
1231 1964 1482 2003 simulacrum

153 2036 211 2067 est
232 2030 427 2079 praeclare
448 2031 594 2068 factum
615 2042 636 2067 e
658 2042 860 2067 marmore.
922 2029 970 2067 Id
991 2028 1062 2067 iste
1092 2041 1252 2079 poscere
1274 2029 1481 2067 Assorinos

153 2100 311 2142 propter
350 2093 584 2143 singularem
623 2093 705 2131 eius
741 2093 818 2131 fani
858 2092 1084 2142 religionem
1124 2106 1203 2131 non
1241 2106 1357 2131 ausus
1397 2100 1481 2140 est;
1502 2108 1548 2138 30
1573 2103 1581 2147 J

153 2158 389 2206 Tlepolemo
410 2159 477 2197 dat
498 2166 535 2197 et
557 2157 725 2196 Hieroni
750 2157 961 2208 negotium.
1014 2157 1076 2196 Illi
1097 2165 1216 2197 noctu
1239 2159 1339 2196 facta
1361 2171 1479 2196 manu
1573 2148 1575 2152 ’

197 2269 217 2298 3
243 2260 452 2298 percrebruit
470 2260 547 2300 Hp:
574 2260 766 2299 percrebuit
783 2260 845 2291 RS
992 2268 1010 2298 5
1037 2270 1079 2290 ex
1101 2260 1191 2301 (ante
1209 2260 1360 2299 cohorte)
1377 2270 1441 2290 om.
1463 2261 1480 2289 δ

795 2312 808 2329 C

155 2336 320 2375 praetoria
337 2346 469 2367 manum
489 2336 547 2376 Hp
565 2348 571 2366 :
599 2337 765 2376 praetoris
783 2347 937 2368 amanum
957 2336 989 2367 R
1007 2347 1014 2367 ε
1037 2336 1204 2376 praetoris
1216 2345 1254 2367 ac
1270 2345 1402 2366 manum
1415 2334 1478 2366 SD

155 2389 172 2417 7
200 2379 341 2410 infirmis
358 2378 438 2419 Hp:
466 2380 620 2410 infirmus
637 2379 701 2411 RS
