1600 2704
134 139 184 187 85
206 147 265 187 198
567 141 624 177 M.
656 140 825 177 TVLLI
857 138 1164 179 CICERONIS

124 579 178 617 86

114 914 176 946 199

109 1887 172 1910 200

201 252 434 301 cogeretur?
491 251 678 300 Quonam
714 263 755 289 se
789 251 983 289 verteret?
1013 263 1060 288 ex
1085 261 1166 299 quo
1193 249 1320 287 fructu
1347 261 1534 288 nummos

200 330 300 366 quos
335 316 406 355 tibi
438 317 548 355 daret
588 315 808 354 inveniret?
876 317 1143 354 Decumarum
1178 313 1340 353 nomine
1378 321 1533 352 tantum

200 388 280 419 erat
306 381 482 419 ablatum
511 388 704 431 quantum
730 382 909 419 voluntas
934 381 1074 418 tulerat
1095 379 1272 429 Aproni:
1303 391 1374 429 pro
1403 378 1533 418 alteris

200 445 378 484 decumis
410 453 625 496 emptoque
657 446 854 483 frumento
885 452 952 483 aut
983 444 1080 482 nihil
1114 445 1251 483 datum
1283 451 1349 482 aut
1379 451 1532 482 tantum

200 512 337 549 datum
358 517 552 560 quantum
573 509 711 560 reliqui
739 509 889 548 scribae
915 510 1102 557 fecerant,
1121 516 1188 547 aut
1213 510 1314 548 ultro
1339 509 1468 555 etiam,
1492 509 1533 548 id

200 576 309 625 quod
338 574 543 621 didicistis,
573 574 761 613 ablatum.
820 574 1022 623 Cogantur
1051 573 1168 612 etiam
1198 573 1351 612 nummi
1379 573 1430 611 ab
1454 586 1534 610 ara-

199 641 311 678 tore?
350 652 430 689 quo
470 639 602 684 modo,
644 651 724 688 quo
762 637 858 682 iure,
895 650 976 687 quo
1015 639 1227 688 exemplo?
1297 639 1402 675 Nam
1441 651 1532 676 cum

197 705 345 741 fructus
388 702 672 753 diripiebantur
714 709 910 740 aratorum
949 709 1067 752 atque
1104 702 1214 740 omni
1261 702 1533 741 lacerabantur

196 767 347 814 iniuria,
371 767 576 806 videbatur
603 766 643 806 id
673 767 836 817 perdere
862 774 989 805 arator
1015 767 1124 817 quod
1151 773 1277 805 aratro
1304 766 1387 817 ipse
1416 779 1533 817 quae-

197 833 319 879 sisset,
345 832 384 870 in
406 845 486 882 quo
507 832 756 878 elaborasset,
780 831 890 881 quod
924 830 1004 881 agri
1025 838 1255 881 segetesque
1275 830 1504 870 extulissent
1521 845 1531 878 ;

197 898 340 948 quibus
358 897 506 936 iniuriis
522 896 758 947 gravissimis
772 904 903 935 tamen
918 896 1014 935 illud
1028 903 1108 935 erat
1125 895 1310 935 miserum
1326 895 1528 942 solacium,

197 964 307 1012 quod
341 962 382 1001 id
414 963 577 1013 perdere
607 961 813 1001 videbatur
844 962 953 1011 quod
991 961 1069 999 alio
1102 968 1280 1010 praetore
1311 961 1454 1000 eodem
1484 974 1530 999 ex

196 1041 288 1077 agro
309 1040 486 1078 reparare
507 1034 651 1077 posset.
711 1028 909 1065 Nummos
929 1038 1021 1064 vero
1043 1033 1083 1063 ut
1099 1026 1166 1064 det
1185 1032 1312 1064 arator
1328 1037 1428 1075 quos
1448 1038 1529 1063 non

196 1100 338 1138 exarat,
362 1104 461 1142 quos
490 1104 571 1130 non
591 1098 718 1129 aratro
738 1103 783 1129 ac
812 1103 932 1129 manu
957 1090 1117 1140 quaerit,
1141 1090 1262 1130 boves
1291 1097 1330 1129 et
1358 1097 1529 1129 aratrum

196 1156 324 1207 ipsum
351 1164 470 1206 atque
491 1168 610 1194 omne
632 1155 937 1193 instrumentum
958 1156 1103 1194 vendat
1123 1168 1284 1194 necesse
1305 1162 1375 1194 est.
1436 1156 1528 1193 Non

195 1221 302 1260 enirn
324 1219 478 1259 debetis
499 1221 575 1258 hoc
592 1219 761 1269 cogitare
781 1235 787 1257 :
818 1219 937 1258 habet
958 1219 1064 1258 idem
1085 1218 1124 1257 in
1146 1219 1332 1267 nummis,
1348 1219 1467 1259 habet
1488 1219 1528 1257 in

195 1286 355 1325 urbanis
376 1286 556 1338 praediis.
618 1288 721 1325 Nam
743 1299 834 1324 curn
854 1286 995 1325 aratori
1027 1285 1176 1336 aliquid
1197 1285 1423 1336 imponitur,
1446 1299 1528 1324 non

195 1351 367 1390 hominis
402 1351 434 1390 si
464 1364 566 1401 quae
606 1358 696 1389 sunt
735 1358 934 1401 praeterea
974 1351 1191 1397 facultates,
1232 1351 1303 1389 sed
1342 1349 1527 1389 arationis

194 1415 316 1466 ipsius
338 1415 394 1454 vis
414 1429 460 1454 ac
481 1415 579 1454 ratio
599 1414 887 1454 consideranda
913 1422 986 1461 est,
1005 1413 1102 1465 quid
1131 1427 1177 1453 ea
1206 1414 1408 1462 sustinere,
1431 1415 1527 1465 quid

194 1481 289 1531 pati.
309 1480 405 1530 quid
426 1481 579 1519 efficere
609 1480 731 1530 possit
751 1493 797 1518 ac
817 1480 960 1519 debeat
979 1493 988 1525 ;
1016 1478 1272 1530 quamquam'
1288 1479 1342 1518 illi
1367 1492 1528 1530 quoque

194 1545 376 1584 homines
393 1552 483 1583 sunt
504 1545 554 1583 ab
576 1544 651 1583 isto
671 1543 780 1583 omni
797 1543 946 1582 ratione
961 1543 1146 1582 exinaniti
1161 1557 1208 1583 ac
1221 1543 1375 1594 perditi,
1394 1551 1526 1583 tamen

194 1611 269 1649 hoc
299 1610 411 1649 vobis
442 1618 499 1649 est
531 1610 796 1655 statuendum,
831 1608 927 1658 quid
957 1616 1149 1647 aratorem
1177 1608 1307 1659 ipsum
1340 1608 1526 1648 arationis

193 1674 355 1713 nomine
386 1674 558 1713 muneris
580 1674 618 1712 in
640 1688 721 1713 rem
743 1673 942 1724 publicam
972 1673 1079 1723 fungi
1103 1686 1149 1712 ac
1173 1674 1366 1712 sustinere
1385 1673 1522 1712 velitis.

194 1740 405 1790 Imponitis
439 1741 643 1786 decumas,
676 1739 900 1790 patiuntur3
933 1741 1087 1786 alteras,
1117 1739 1361 1790 temporibus
1388 1739 1525 1778 vestris

193 1804 443 1843 serviendum
478 1812 648 1854 putant3
687 1805 782 1843 dent
817 1811 995 1854 emptum
1029 1811 1227 1854 praeterea
1244 1818 1255 1851 3
1293 1804 1462 1852 dabunt,
1493 1804 1524 1843 si

191 1869 341 1907 voletis.
402 1871 516 1907 Haec
541 1882 659 1919 quam
687 1868 763 1907 sint
783 1868 925 1918 gravia,
946 1876 983 1907 et
1004 1868 1100 1919 quid
1120 1868 1180 1908 his
1201 1869 1318 1908 rebus
1339 1869 1524 1909 detractis

192 1934 315 1984 possit
345 1935 396 1973 ad
425 1934 610 1973 dominos
641 1933 724 1984 puri
755 1947 800 1972 ac
830 1933 968 1983 reliqui
998 1933 1214 1984 pervenire,
1235 1935 1353 1972 credo
1380 1948 1449 1974 vos
1477 1948 1525 1973 ex

191 1998 326 2037 vestris
348 1999 550 2049 impensis,
569 2012 616 2037 ex
636 1998 771 2037 vestris
791 1998 907 2037 rebus
928 1998 1080 2037 rusticis
1110 1997 1335 2037 coniectura
1358 1999 1522 2049 adsequi

235 2114 253 2140 4
278 2106 333 2132 aut
351 2106 482 2132 tantum
500 2102 616 2134 datum
632 2112 699 2133 om.
717 2113 737 2131 π
753 2113 759 2132 :
785 2102 898 2132 datum
916 2111 980 2132 om.
1004 2101 1034 2132 Ο
1181 2109 1201 2140 5
1224 2101 1354 2132 scribae
1371 2100 1521 2132 fecerant

190 2145 238 2176 cO
254 2158 260 2176 ι
285 2145 392 2176 scriba
408 2146 534 2176 fecerat
550 2150 572 2185 p
586 2145 650 2175 rell.
747 2154 785 2184 ¹3
810 2146 867 2177 det
880 2145 999 2176 Lamb.
1016 2145 1049 2175 in
1067 2155 1134 2185 mg.
1153 2144 1252 2184 1584:
1280 2144 1376 2175 daret
1390 2149 1413 2185 p
1427 2144 1516 2177 codd.

194 2198 231 2226 14
258 2194 373 2219 exarat
391 2188 459 2219 cO:
483 2194 640 2219 exararat
661 2188 711 2218 V:
736 2198 819 2228 quos
838 2199 905 2219 non
923 2193 1042 2219 exarat
1058 2198 1123 2218 om.
1139 2193 1163 2228 p
1181 2187 1244 2218 rell.
1355 2189 1394 2218 16
1417 2188 1519 2219 habet

192 2231 289 2271 (post
304 2233 464 2270 nummis)
483 2232 531 2263 cO
547 2245 554 2264 t
579 2232 679 2264 habet
700 2232 789 2264 idem
812 2232 908 2272 V(ut
923 2231 1074 2271 videno),
1089 2236 1113 2271 p
1130 2231 1194 2262 rell.
1330 2241 1367 2270 17
1393 2231 1518 2271 aliquid

191 2274 261 2305 cO:
289 2286 374 2306 onus
398 2277 533 2315 aliquod
555 2282 578 2317 p
597 2280 626 2307 et
642 2277 742 2316 plen:
772 2276 823 2307 ius
845 2276 980 2315 aliquod
1003 2275 1052 2305 V:
1066 2275 1148 2315 fort.
1165 2274 1352 2305 aratoribus
1369 2274 1517 2314 aliquid?

195 2318 233 2347 18
258 2319 403 2349 hominis
424 2320 520 2350 l'cO:
544 2321 698 2350 homines
710 2325 735 2360 p
747 2320 811 2351 rell.
899 2330 941 2350 20
965 2328 1100 2358 quoque
1116 2318 1206 2349 hom.
1222 2323 1301 2348 sunt
1319 2318 1366 2348 V:
1383 2328 1517 2357 quoque

190 2366 271 2391 sunt
289 2362 376 2391 hom.
393 2366 415 2401 p
431 2362 492 2393 rell.
510 2363 677 2402 praem-O
695 2365 796 2399 (hom.
811 2373 866 2402 qu.
888 2363 981 2401 sunt)
1082 2370 1122 2400 25
1147 2361 1227 2391 dent
1245 2365 1393 2400 emptum
1406 2366 1430 2401 p
1448 2361 1512 2392 rell.

191 2405 381 2445 (demptum
402 2405 448 2445 Ο)
466 2417 472 2435 2
497 2407 576 2436 dent
593 2417 658 2436 om.
684 2406 715 2435 V
818 2416 858 2444 27
884 2416 928 2438 ex
944 2406 1065 2437 vestris
1083 2405 1116 2435 in
1136 2404 1251 2444 pensis
1272 2404 1317 2436 V:
1344 2415 1409 2436 om.
1426 2404 1492 2436 rell.

1553 525 1570 558 5

1555 848 1594 871 10

1553 1170 1590 1203 15

1551 1498 1588 1519 20

1546 1822 1585 1854 25
