1600 2704
213 26 222 54 Ι

111 106 152 144 15
171 103 211 142 38
539 97 593 133 M.
626 95 793 133 TVLLI
825 92 1132 134 CICERONIS

169 207 303 246 onmia
337 207 419 246 iura
453 207 685 254 Siculorum,
722 219 823 256 quae
858 206 1005 244 habent
1039 218 1062 244 a
1095 211 1234 243 senatu
1267 205 1496 254 populoque

171 274 366 320 Romano,
390 286 439 311 ne
461 271 547 322 quis
568 280 674 310 extra
694 285 808 310 suum
830 272 956 309 forum
978 269 1248 308 vadimonium
1269 268 1496 319 promittere

170 345 342 387 cogatur.
401 336 543 375 Statuit
571 336 643 374 iste
670 344 712 374 ut
738 343 866 374 arator
892 337 1116 374 decumano
1144 347 1224 384 quo
1244 334 1360 372 vellet
1381 334 1497 372 decu-

172 415 311 440 manus
345 402 615 441 vadimonium
651 401 905 451 promitteret,
938 408 979 438 ut
1014 400 1077 438 hic
1113 412 1275 450 quoque
1304 398 1493 448 Apronio,

169 480 260 504 cum
291 481 337 505 ex
368 465 564 505 Leontino
594 479 719 516 usque
750 465 980 515 Lilybaeum
1011 464 1183 515 aliquem
1212 465 1428 510 vadaretur‚
1451 477 1497 502 ex
1517 478 1534 509 5

171 531 320 569 miseris
340 531 557 569 aratoribus
579 529 847 569 calumniandi
868 537 1053 580 quaestus
1074 530 1290 568 accederet.
1351 530 1498 577 Quam-

170 609 288 646 quam
311 596 374 634 illa
395 595 466 634 fuit
486 597 537 634 ad
558 595 796 633 calumniam
821 595 1004 645 singulari
1030 594 1195 633 consilio
1215 601 1367 644 reperta
1387 593 1494 640 ratio,

170 662 278 710 quod
299 660 469 699 edixerat
500 667 541 698 ut
571 667 741 699 aratores
772 660 903 710 iugera
932 659 1128 698 sationum
1156 672 1315 698 suarum
1344 659 1497 708 profite-

169 732 310 762 rentur.
372 725 486 772 Quae
513 738 572 762 res
595 737 686 762 cum
710 725 761 762 ad
790 723 992 774 pactiones
1018 723 1282 773 iniquissimas
1313 735 1496 772 magnam

170 789 247 826 vim
272 789 419 836 habuit,
445 789 544 827 sicut
575 790 791 834 ostendam,
817 802 947 838 neque
976 790 1026 827 ad
1055 791 1174 826 ullam
1205 788 1412 826 utilitatem
1443 787 1496 826 rei
1519 803 1557 825 10

170 852 352 903 publicae
382 853 578 902 pertinuit,
603 861 686 892 turn
715 866 807 891 vero
836 855 887 891 ad
916 852 1143 899 calumnias,
1171 852 1211 890 in
1232 866 1328 902 quas
1358 866 1497 891 omnes

110 929 150 964 39
170 917 388 956 inciderent
414 931 513 968 quos
541 919 655 957 vellet
678 918 889 968 Apronius.
946 919 1000 955 Vt
1029 917 1134 955 enirn
1164 917 1331 967 quisque
1363 926 1498 955 contra

169 984 414 1021 voluntatem
436 983 518 1021 eius
539 983 698 1028 dixerat,
722 982 775 1020 ita
796 982 836 1020 in
857 996 948 1021 eum
974 981 1163 1020 iudicium
1184 983 1234 1021 de
1255 981 1497 1031 professione

170 1047 345 1097 iugerum
376 1048 658 1097 postulabatur,
690 1047 801 1086 cuius
830 1046 950 1086 iudici
982 1055 1089 1085 metu
1120 1060 1283 1096 magnus
1313 1060 1335 1085 a
1365 1046 1497 1084 multis

170 1111 354 1150 frumenti
393 1125 578 1150 numerus
616 1113 770 1151 ablatus
819 1125 1063 1162 magnaeque
1108 1111 1299 1162 pecuniae
1338 1119 1498 1150 coactae
1522 1125 1555 1156 ¹5

170 1185 287 1225 sunt3
336 1190 415 1216 non
456 1190 535 1227 quo
580 1177 756 1227 iugerum
799 1190 1007 1215 numerum
1046 1190 1135 1215 vere
1179 1177 1351 1226 profiteri
1396 1184 1497 1215 esset

168 1241 326 1280 difficile
355 1249 422 1280 aut
451 1242 619 1292 amplius
649 1242 767 1280 etiarn
797 1241 980 1292 profiteri,
1004 1242 1100 1292 quid
1127 1241 1232 1280 enim
1261 1241 1300 1279 in
1329 1255 1376 1280 eo
1404 1242 1498 1292 peri-

168 1307 246 1345 culi
273 1320 358 1345 esse
385 1309 548 1356 posset?
577 1308 646 1345 sed
674 1320 791 1345 causa
818 1314 899 1345 erat
926 1306 1044 1345 iudici
1075 1307 1300 1357 postulandi
1323 1309 1430 1357 quod
1452 1321 1497 1346 ex

168 1371 299 1409 edicto
334 1373 531 1421 professus
568 1385 647 1410 non
682 1378 794 1409 esset.
855 1371 1053 1410 Iudicium
1083 1379 1215 1410 autem
1246 1373 1354 1422 quod
1385 1372 1497 1411 fuerit
1598 1415 1600 1420 Ι

168 1437 243 1475 isto
264 1443 454 1486 praetore,
477 1436 507 1474 si
529 1450 630 1486 quae
661 1437 801 1474 cohors
832 1445 870 1475 et
891 1437 958 1486 qui
985 1437 1195 1475 comitatus
1223 1437 1337 1476 fuerit
1363 1438 1497 1476 memi-
1519 1451 1559 1473 20
1599 1435 1600 1477 ζ

168 1501 289 1551 nistis,
313 1501 410 1540 scire
431 1501 595 1540 debetis.
657 1501 766 1550 Quid
787 1501 901 1551 igitur
921 1510 979 1540 est
1000 1503 1109 1552 quod
1130 1516 1176 1540 ex
1196 1503 1270 1540 hac
1292 1502 1496 1552 iniquitate

167 1579 359 1605 novorum
394 1566 614 1605 edictorum
650 1566 821 1617 intellegi
855 1566 984 1612 velim,
1016 1566 1198 1606 iudices?
1257 1567 1496 1606 Iniuriamne

167 1632 310 1669 factam
345 1631 493 1670 sociis?
535 1639 574 1670 at
613 1631 762 1670 videtis.
827 1631 1115 1670 Auctoritatem
1161 1632 1404 1682 superiorum
1445 1646 1498 1671 re-

167 1695 400 1745 pudiatam?
443 1709 524 1735 non
557 1696 719 1735 audebit
751 1710 903 1747 negare.
962 1699 1136 1735 Tantum
1167 1698 1389 1747 Apronium
1423 1697 1497 1735 isto

168 1768 346 1810 praetore
362 1761 566 1810 potuisse?
589 1762 821 1799 confiteatur
837 1775 997 1801 necesse
1018 1770 1087 1800 est.
1139 1763 1216 1801 Sed
1232 1775 1301 1800 vos
1322 1763 1495 1808 fortasse,
1518 1775 1557 1807 ²5
1596 1773 1600 1807 ξ

72 1811 101 1901 (¹
112 1802 149 1904 ΟΞ
169 1827 278 1875 quod
299 1838 367 1863 vos
388 1827 448 1864 lex
469 1834 707 1872 commonet,
732 1825 771 1864 id
792 1826 831 1863 in
853 1828 929 1865 hoc
950 1829 1039 1866 loco
1056 1827 1261 1877 quaeretis,
1282 1841 1377 1865 num
1400 1840 1496 1877 quas

90 1870 108 1900 ⁴
169 1903 214 1928 ex
236 1889 343 1928 hisce
365 1891 479 1928 rebus
502 1891 687 1940 pecunias
710 1891 866 1941 ceperit.
928 1893 1095 1931 Docebo
1120 1892 1271 1943 cepisse
1296 1892 1494 1939 maximas,

168 1954 377 2004 omnisque
398 1968 462 1993 eas
491 1955 716 2004 iniquitates
737 1957 786 1994 de
808 1956 952 2006 quibus
981 1966 1097 1996 antea
1123 1957 1202 1996 dixi
1231 1957 1289 1996 sui
1311 1966 1496 2007 quaestus

167 2033 285 2057 causa
306 2019 555 2058 constituisse
576 2020 741 2068 vincam,
761 2021 791 2059 si
813 2021 918 2071 prius
939 2022 1036 2061 illud
1058 2024 1395 2073 propugnaculum
1417 2035 1496 2072 quo

169 2092 303 2122 contra
324 2084 452 2122 omnis
480 2098 588 2123 meos
614 2084 783 2135 impetus
811 2099 973 2126 usurum
1000 2101 1041 2126 se
1068 2095 1178 2138 putat
1199 2101 1246 2126 ex
1265 2087 1496 2126 defensione
1517 2098 1555 2130 30

169 2148 251 2187 eius
272 2148 464 2187 deiecero.

102 1677 148 1713 16

104 1745 148 1775 40

211 2262 231 2290 3
255 2262 321 2291 quo
338 2252 384 2282 cO
401 2264 407 2282 :
432 2254 520 2291 quod
534 2259 559 2293 p
577 2254 640 2285 rell.
798 2265 816 2293 5
842 2265 946 2294 usque
963 2257 1004 2287 ad
1025 2256 1055 2287 Ο
1255 2267 1294 2287 10
1319 2257 1492 2287 ostendam

170 2306 278 2334 neque
296 2295 343 2325 cO
358 2306 364 2324 ε
389 2297 608 2328 ostendemus
625 2308 688 2328 nee
700 2303 724 2338 p
743 2298 806 2329 rell.
945 2301 983 2329 18
1007 2310 1083 2331 esse
1100 2304 1218 2340 posset
1230 2305 1254 2340 p
1272 2300 1335 2330 rell.
1355 2311 1361 2331 :
1388 2299 1495 2340 possit

169 2349 245 2369 esse
265 2338 295 2367 O
314 2340 344 2375 κ’,δ
369 2341 422 2368 161
443 2340 545 2377 infra&
673 2351 712 2379 24
739 2341 868 2381 Apron.
889 2343 932 2372 tffi
955 2342 985 2373 O
1110 2354 1152 2382 29
1176 2344 1306 2374 vincam
1325 2343 1393 2373 cO:
1418 2353 1495 2373 con-

168 2383 296 2412 vincam
312 2387 336 2421 s>
352 2382 392 2413 al.
