1600 2704
1423 68 1439 77 Α

372 117 433 154 ΙΝ
463 118 512 166 Q.
545 118 861 160 CAECILIVM
893 124 1109 166 ORATIO
1356 144 1397 181 14
1418 103 1460 182 35

73 227 399 266 falsum—utrum
438 228 590 278 dixeris,
631 230 671 271 id
711 241 845 272 contra
883 242 922 274 te
959 238 1143 278 futurum.
1209 243 1289 291 Qui
1327 245 1396 283 tibi

70 298 212 338 aestuS,
252 291 320 342 qui
358 306 472 341 error,
514 307 615 344 quae
659 298 854 346 tenebrae,
896 300 937 338 di
979 301 1233 354 immortales,
1272 318 1394 356 erunt,

70 354 221 393 homini
268 355 431 396 minime
478 361 607 398 malo!
674 361 812 410 Quid?
859 377 950 403 cum
997 369 1259 409 accusationis
1308 380 1397 411 tuae

69 420 246 458 membra
275 420 451 460 dividere
480 424 653 474 coeperit
680 433 718 464 et
748 426 788 464 in
812 427 942 478 digitis
971 431 1050 469 suis
1076 432 1247 483 singulas
1276 438 1395 486 partis

30 497 48 529 5
67 497 207 523 causae
236 485 504 526 constituere?
537 488 664 538 quid?
694 504 785 529 cum
816 506 938 532 unum
964 495 1140 546 quidque
1171 501 1390 551 transigere,

65 549 260 598 expedire,
295 551 529 591 absolvere?
591 555 683 604 Ipse
721 558 898 605 profecto
937 569 1111 600 metuere
1145 563 1308 615 incipies
1343 581 1392 605 ne

65 613 266 653 innocenti
291 616 509 666 periculum
539 619 762 659 facessieris.
823 623 964 671 Quid?
993 639 1084 664 cum
1112 630 1388 679 commiserari,
1410 643 1452 682 46

63 679 262 729 conqueri,
299 688 338 719 et
368 695 415 719 ex
453 681 556 721 illius
595 684 742 724 invidia
773 688 987 728 deonerare
1025 692 1174 742 aliquid
1209 703 1247 733 et
1279 696 1320 733 in
1352 705 1390 736 te

64 742 224 783 traicere
261 746 446 795 coeperit,
483 761 793 790 commemorare
828 756 1045 803 quaestoris
1083 771 1172 796 cum
1212 769 1390 809 praetore

4 809 394 852 ionecessitudinem
427 815 694 863 constitutam,
732 831 882 857 morem
922 821 1125 870 maiorum,
1160 825 1274 864 sortis
1307 827 1390 866 reli-

59 872 228 922 gionem,
264 876 464 926 poterisne
499 879 582 918 eius
617 881 804 921 orationis
839 884 969 924 subire
1009 886 1229 927 invidiam?
1285 891 1388 930 Vide

60 939 192 985 modo,
225 940 343 980 etiam
377 951 497 993 atque
531 945 647 983 etiam
684 948 900 987 considera.
960 951 1063 989 Mihi
1097 953 1201 991 enim
1234 955 1388 994 videtur

57 1003 275 1052 periculum
314 1007 396 1046 fore
433 1022 484 1047 ne
522 1009 586 1048 ille
624 1024 704 1049 non
740 1015 861 1052 modo
895 1015 1022 1054 verbis
1057 1025 1094 1055 te
1128 1019 1278 1066 obruat,
1316 1024 1385 1060 sed

56 1076 168 1117 gestu
196 1069 282 1120 ipso
308 1084 354 1110 ac
381 1081 491 1111 motu
521 1075 693 1125 corporis
721 1078 976 1129 praestringat
1002 1081 1127 1120 aciem
1155 1084 1286 1134 ingeni
1315 1088 1382 1135 tui,

0 1147 37 1177 ¹5
57 1139 174 1182 teque
200 1135 250 1173 ab
277 1134 463 1176 institutis
491 1138 566 1177 tuis
593 1140 979 1194 cogitationibusque
1007 1146 1190 1187 abducat.
1251 1153 1383 1202 Atque
1404 1167 1443 1196 47

55 1197 219 1238 huiusce
239 1199 292 1238 rei
312 1200 502 1241 iudicium
524 1203 601 1242 iam
623 1208 814 1246 continuo
835 1208 951 1248 video
971 1211 1155 1251 futurum.
1216 1215 1255 1254 Si
1277 1217 1381 1255 enim

55 1261 150 1300 mihi
179 1264 299 1304 hodie
328 1269 567 1316 respondere
595 1271 646 1308 ad
676 1272 774 1311 haec
803 1286 905 1323 quae
935 1275 1026 1314 dico
1055 1279 1239 1327 potueris,
1272 1282 1303 1319 si
1331 1284 1382 1321 ab

53 1325 128 1366 isto
161 1327 271 1376 libro,
305 1343 424 1380 quem
459 1332 530 1372 tibi
564 1335 746 1385 magister
780 1339 863 1377 ludi
894 1341 1029 1379 nescio
1063 1343 1129 1392 qui
1165 1358 1211 1383 ex
1243 1347 1382 1387 alienis

53 1392 296 1434 orationibus
323 1398 586 1447 compositum
612 1402 732 1448 dedit,
755 1404 876 1442 verbo
903 1418 983 1444 uno
1007 1406 1245 1458 discesseris,
1265 1425 1381 1461 posse

0 1471 35 1494 ιο
53 1464 91 1496 te
111 1465 149 1497 et
172 1458 226 1498 illi
246 1474 407 1512 quoque
433 1463 580 1504 iudicio
606 1479 687 1505 non
708 1469 846 1508 deesse
873 1478 911 1509 et
938 1484 1079 1511 causae
1104 1483 1222 1525 atque
1249 1478 1379 1518 officio

52 1530 120 1561 tuo
149 1524 241 1563 satis
270 1527 397 1566 facere
425 1529 666 1579 arbitrabor,-
704 1533 763 1571 sin
793 1547 949 1574 mecum
981 1536 1019 1575 in
1050 1539 1123 1577 hac
1153 1543 1378 1590 prolusione

49 1587 146 1627 nihil
167 1590 294 1639 fueris,
317 1605 436 1642 quem
458 1602 496 1633 te
517 1594 557 1633 in
578 1595 661 1647 ipsa
681 1611 813 1649 pugna
834 1613 924 1639 cum
945 1603 1135 1643 acerrimo
1155 1608 1377 1649 adversario

48 1653 130 1692 fore
149 1659 363 1705 putemus?

102 1720 209 1767 Esto,
241 1721 326 1772 ipse
354 1723 451 1763 nihil
481 1734 549 1773 est,
581 1727 678 1767 nihil
707 1738 836 1779 potest
852 1746 861 1778 3
894 1741 933 1770 at
962 1734 1068 1772 venit
1098 1745 1253 1785 paratus
1283 1752 1373 1778 cum
1394 1752 1436 1789 15

0 1794 28 1826 25
46 1783 376 1836 subscriptoribus
405 1791 623 1831 exercitatis
652 1802 691 1832 et
720 1795 884 1835 disertis
945 1799 1015 1837 Est
1045 1807 1177 1840 tamen
1208 1804 1283 1842 hoc
1311 1805 1376 1843 ali-

45 1848 152 1898 quid,
187 1853 342 1891 tametsi
377 1867 457 1893 non
491 1864 550 1895 est
584 1858 700 1907 satis,
739 1861 925 1900 omnibus
956 1864 1062 1902 enim
1097 1866 1213 1905 rebus
1245 1868 1276 1906 is
1307 1870 1371 1919 qui

44 1913 226 1965 princeps
261 1916 302 1955 in
333 1922 489 1969 agendo
523 1930 581 1960 est
612 1924 882 1964 ornatissimus
917 1935 954 1966 et
985 1930 1253 1978 paratissimus
1287 1947 1373 1973 esse

43 1979 174 2017 debet.
234 1982 381 2021 Verum
408 1991 540 2024 tamen
568 1988 611 2025 L.
635 1990 876 2039 Appuleium
904 2005 989 2030 esse
1010 1993 1125 2033 video
1149 1996 1371 2045 proximum

43 2043 361 2095 subscriptorem,
389 2049 590 2089 hominem
619 2066 700 2091 non
727 2062 855 2094 aetate
885 2058 954 2095 sed
982 2071 1054 2096 usu
1081 2060 1225 2099 forensi
1251 2070 1370 2114 atque

87 2157 104 2186 7
130 2148 320 2181 facessieris
353 2157 400 2191 pq
433 2153 550 2193 (quam
583 2155 739 2195 sormam
774 2158 808 2188 in
840 2159 1038 2198 quibusdam
1072 2163 1160 2195 codd.
1195 2166 1263 2196 iam
1295 2171 1368 2198 tum

43 2195 166 2222 exstare
186 2196 324 2224 testatur
343 2195 551 2236 Pn'scicmus)
569 2210 575 2229 :
599 2200 812 2232 facessiveris
831 2203 1010 2236 Zielinski:
1035 2205 1212 2239 facesseris
1225 2210 1369 2251 plerique

42 2234 129 2265 codd.
323 2248 363 2269 10
387 2249 513 2271 morem
544 2267 550 2273 .
570 2266 576 2273 .
598 2266 605 2274 .
636 2244 834 2283 religionem
858 2247 944 2278 codd.
974 2248 1012 2287 (i,
1040 2251 1157 2289 §37‘31
1183 2263 1276 2284 more
1302 2278 1309 2285 .
1328 2279 1334 2286 .
1355 2279 1362 2286 .

42 2277 206 2316 religione
229 2279 421 2323 Gronovius,
448 2284 516 2316 cdd.
537 2296 544 2315 z
569 2296 664 2318 more
687 2312 692 2318 .
717 2311 725 2319 .
753 2311 760 2320 .
789 2290 987 2330 religionem
1005 2291 1136 2334 Kayser
1266 2300 1307 2328 26
1331 2299 1364 2329 in

43 2321 196 2354 omnibus
212 2323 288 2355 Asc.
