1600 2704
101 102 368 142 ACTIONIS
399 105 461 144 IN
491 106 535 146 C.
558 107 802 147 VERREM
830 110 1132 152 SECVNDAE
1161 116 1265 154 LIB.
1290 118 1333 156 11
1381 119 1425 158 18
1444 94 1507 167 46*
1535 87 1552 99 ‘²

98 211 185 258 clio,
216 213 419 263 aliquanto
451 222 544 255 ante
573 230 693 267 quam
724 225 783 257 est
817 228 1005 269 mortuus,
1036 224 1171 263 omnia
1204 229 1352 267 utenda
1381 243 1426 268 ac

97 276 338 326 possidenda
364 280 588 329 tradiderat,
610 281 721 321 cuius
748 284 986 332 hereditatis,
1009 300 1100 326 curn
1131 289 1195 328 ille
1223 291 1426 342 aliquanto

95 348 187 379 ante
207 349 245 380 te
272 351 491 392 praetorem
516 354 618 384 esset
645 355 833 396 mortuus,
856 352 1122 391 controversia
1151 355 1275 394 fuerat
1306 359 1422 405 nulla,

96 405 337 445 mentionem
359 409 502 447 fecerat
522 423 651 449 nemo.
702 413 850 452 Verum
871 422 967 454 esto.
1025 417 1143 468 Eripe
1164 419 1422 461 hereditatem
1444 433 1490 471 19

55 482 73 514 5
94 469 336 520 propinquis,
359 473 410 510 da
429 474 672 523 palaestritis,
695 479 882 526 praedare
909 479 949 517 in
975 480 1089 520 bonis
1109 483 1246 523 alienis
1261 487 1424 527 nomine

92 532 271 582 civitatis,
302 543 432 575 everte
470 538 584 588 legeS,
626 547 871 590 testamenta,
904 545 1126 585 voluntates
1165 557 1421 600 mortuorum,

90 597 174 637 iura
206 599 407 639 vivorum:
448 615 544 641 num
575 603 693 643 etiam
723 607 856 656 patriis
888 610 1119 650 Heraclium
1150 614 1266 654 bonis
1300 624 1424 657 extur-

90 662 182 701 bare
210 664 416 713 oportuit?
472 667 553 716 Qui
583 668 700 708 simul
729 683 776 709 ac
805 674 985 724 profugit,
1009 689 1126 726 quam
1159 678 1419 730 impudenter,

87 740 206 777 quam
228 731 369 779 palam,
393 744 511 781 quam
532 735 683 781 acerbe,
705 737 746 775 di
767 736 1019 788 immortales,
1044 742 1109 781 illa
1137 743 1243 783 bona
1269 746 1421 798 direpta

31 807 68 829 ιο
86 797 203 832 sunt!
233 807 352 844 quam
373 795 438 834 illa
464 810 524 836 res
553 800 783 841 calamitosa
813 804 1013 853 Heraclio,
1037 816 1275 856 quaestuosa
1295 813 1417 860 Verri,

86 856 208 907 turpis
243 860 505 909 Syracusanis,
543 863 766 905 miseranda
803 868 990 909 omnibus
1025 871 1255 914 videbatur!
1312 877 1416 916 Nam

85 921 182 960 illud
202 924 364 973 quidem
386 927 516 965 statim
538 937 704 978 curatur,
727 939 768 969 ut
789 932 979 983 quicquid
1005 938 1143 976 caelati
1169 941 1318 989 argenti
1346 942 1417 981 fuit

86 985 124 1024 in
157 986 231 1026 illis
266 989 381 1028 bonis
411 992 463 1029 ad
498 993 615 1031 istum
649 996 855 1044 deferatur,
889 999 1080 1049 quicquid
1119 1003 1414 1046 Corinthiorum

85 1063 282 1101 vasorum,
299 1057 492 1105 stragulae
520 1058 662 1097 vestis:
697 1061 794 1099 haec
824 1074 943 1119 nemo
972 1064 1181 1106 dubitabat
1210 1069 1306 1118 quin
1333 1085 1414 1110 non

24 1131 60 1165 15
83 1117 205 1155 modo
235 1131 281 1156 ex
310 1118 375 1158 illa
403 1121 525 1160 domo
549 1130 663 1173 capta
692 1132 730 1163 et
760 1138 958 1176 oppressa,
981 1142 1113 1169 verum
1145 1145 1192 1171 ex
1218 1141 1300 1173 tota
1329 1149 1414 1186 pro-

80 1180 210 1220 vincia
236 1184 288 1222 ad
318 1183 435 1223 istum
466 1189 703 1238 comportari
731 1204 893 1231 necesse
914 1202 1026 1233 esset.
1088 1198 1290 1249 Mancipia
1311 1214 1412 1251 quae

79 1246 202 1285 voluit
230 1248 405 1297 abduxit,
427 1251 503 1290 alia
532 1252 690 1302 divisit3
723 1258 855 1296 auctio
884 1259 986 1298 facta
1013 1268 1082 1308 est,
1106 1261 1145 1301 in
1170 1277 1248 1313 qua
1269 1267 1411 1306 cohors

78 1310 187 1350 istius
219 1312 363 1352 invicta
393 1316 597 1356 dominata
625 1327 694 1358 est.
753 1323 901 1361 Verum
934 1324 1031 1364 illud
1065 1334 1123 1365 est
1153 1331 1406 1378 praeclarum.
1429 1342 1471 1376 47

77 1376 307 1425 Syracusani
330 1380 397 1429 qui
428 1384 674 1431 praefuerant
704 1385 764 1424 his
796 1389 971 1427 Heraclii
998 1391 1114 1430 bonis
1137 1394 1257 1433 verbo
1287 1397 1409 1447 redig-

19 1457 57 1480 20
76 1441 201 1489 endis,
223 1457 264 1481 re
290 1444 577 1495 dispertiendis,
602 1451 822 1490 reddebant
850 1466 985 1492 eorum
1018 1457 1264 1506 negotiorum
1296 1462 1407 1501 ratio-

75 1519 166 1545 nem
188 1506 228 1545 in
249 1518 387 1549 senatu
404 1525 412 1558 3
441 1513 628 1552 dicebant
644 1517 880 1566 scyphorum
898 1519 1004 1569 paria
1020 1524 1234 1572 complura,
1252 1526 1406 1575 hydrias

75 1579 278 1621 argenteas
321 1575 522 1624 pretiosas,
557 1586 707 1618 vestem
746 1585 955 1632 stragulam
996 1587 1172 1634 multam,
1209 1590 1406 1641 mancipia

74 1636 243 1687 pretiosa
276 1639 368 1679 data
398 1654 484 1681 esse
517 1644 653 1692 Verri3
693 1645 878 1686 dicebant
912 1658 1104 1698 quantum
1139 1653 1283 1704 cuique
1321 1656 1404 1695 eius

74 1702 180 1740 iussu
200 1716 453 1744 nummorum
475 1715 577 1746 esset
603 1710 751 1748 datum.
812 1713 1037 1753 Gemebant
1067 1717 1308 1767 Syracusani,
1333 1723 1403 1761 sed

12 1781 50 1814 ²5
71 1773 203 1806 tamen
224 1769 482 1818 patiebantur.
543 1775 725 1824 Repente
745 1777 928 1817 recitatur
948 1793 1028 1819 uno
1049 1782 1211 1822 nomine
1233 1786 1303 1824 HS
1325 1787 1402 1826 οῖς

70 1831 176 1870 iussu
208 1835 395 1882 praetoris
426 1837 518 1875 data
548 1851 644 1878 esse.
705 1840 765 1879 Fit
797 1843 989 1883 maximus
1027 1847 1176 1886 clamor
1206 1850 1401 1899 omnium,

69 1909 148 1934 non
170 1900 292 1937 modo
314 1899 453 1950 optimi
481 1902 672 1954 cuiusque
699 1918 828 1956 neque
852 1921 988 1948 eorum
1016 1911 1160 1961 quibus
1191 1915 1397 1965 indignum

115 2009 126 2028 r
153 1999 230 2039 aliq.
247 2005 325 2031 ante
345 2011 442 2041 quam
461 2003 616 2036 ukArus.
634 2006 732 2038 Mess.
754 2019 760 2038 :
784 2014 863 2040 ante
886 2010 1058 2050 aliquanto
1075 2019 1155 2045 ante
1171 2025 1270 2055 quam
1289 2017 1320 2048 O
1336 2019 1395 2060 (cp.

65 2041 107 2081 iii,
130 2044 145 2079 ξ
167 2045 227 2082 178
243 2045 301 2074 ubi
320 2045 415 2076 habet
431 2045 461 2076 Ο
478 2047 611 2079 videtur
635 2050 715 2080 mihi
740 2051 875 2083 videtur
900 2059 1009 2086 contra
1032 2057 1095 2087 rell.
1122 2059 1202 2089 mihi
1222 2060 1394 2102 videtur):

63 2090 144 2116 ante
160 2087 333 2126 aliquanto
349 2099 448 2128 quarn
465 2090 554 2131 vulg.
574 2091 765 2132 (aliquanto
782 2106 848 2128 om.
867 2096 902 2126 ὸδ
912 2098 990 2129 Ραν.
1011 2101 1107 2139 7786)
1211 2113 1246 2134 11
1275 2103 1344 2135 Iam
1364 2106 1394 2136 O

66 2130 104 2159 16
129 2129 309 2170 Mancupia
327 2130 358 2162 O
493 2144 529 2172 17
553 2136 704 2168 voluerat
723 2137 764 2168 0¹
905 2150 948 2172 20
972 2143 1210 2182 dispertiendis
1230 2147 1290 2187 Op
1303 2149 1391 2180 rell.:

61 2173 266 2212 dissipandis
281 2175 370 2216 vulg.
504 2187 546 2208 22
572 2180 736 2218 pretiosas
751 2181 800 2212 cO
814 2193 820 2213 :
847 2185 1030 2222 pretiosam
1047 2188 1110 2219 rell.
1201 2191 1338 2222 multam
1356 2203 1390 2223 c:

60 2225 126 2247 om.
149 2216 180 2246 Ο
282 2218 465 2257 pretiosam
483 2226 612 2252 vestem
629 2225 823 2263 stragulam,
843 2228 947 2259 multa
964 2232 1132 2271 mancipia
1149 2233 1238 2275 vulg.
1346 2245 1389 2275 23

59 2259 136 2290 data
153 2270 230 2291 esse
246 2260 345 2292 Verri
362 2263 431 2294 cO:
455 2264 554 2295 Verri
573 2266 651 2296 data
669 2277 745 2298 esse
757 2269 857 2308 prell.
880 2270 973 2308 (Ziel.
988 2277 1022 2312 p.
1040 2276 1117 2314 193)
1264 2287 1305 2317 25
1330 2289 1388 2310 ccc

60 2303 92 2340 (ξ
111 2313 154 2342 50
170 2304 272 2343 infra)
293 2305 340 2336 cO
355 2317 362 2336 :
383 2315 444 2338 ecc
459 2308 707 2348 quinquaginta
723 2312 811 2343 milia
828 2314 914 2355 vulg.
936 2316 1079 2357 (etfalso
1097 2321 1105 2335 ‘
1116 2318 1192 2362 N’)
1347 2324 1388 2352 26

58 2355 133 2376 esse
149 2345 180 2375 O
197 2358 203 2377 z
227 2357 293 2378 om.
312 2348 378 2381 rell.
