1600 2704
113 145 158 174 10

126 522 164 553 25

180 149 220 180 24
545 128 600 164 M.
633 122 800 162 TVLLI
833 116 1138 160 CICERONIS

180 243 277 284 litati
298 240 547 282 fidelissimos
569 236 697 275 socios
718 232 971 283 optimosque
1000 226 1096 266 civis
1125 224 1265 262 scitote
1295 223 1371 259 hoc
1401 232 1505 269 prae-

181 320 264 349 tore
291 308 464 353 traditos,
488 302 649 347 iudices,
671 307 789 348 atque
816 294 998 334 addictos
1028 290 1148 328 fuisse
1177 286 1290 326 novis
1319 282 1506 323 institutis

183 384 219 414 et
241 371 389 419 edictis,
415 378 497 408 tota
519 363 736 406 Hieronica
755 364 851 411 lege,
874 371 995 410 quem
1015 356 1065 394 ad
1092 354 1257 393 modum
1278 357 1394 389 antea
1414 347 1504 391 dixi,

184 440 326 479 reiecta
345 450 391 476 ac
412 433 625 485 repudiata.

240 503 415 543 Primum
446 499 631 543 edictum,
662 493 823 538 iudices,
848 489 982 529 audite
1005 486 1273 537 praeclarum:
1305 482 1510 528 Quantum
1531 487 1547 518 5

187 572 430 609 decumanus
458 562 645 602 edidisset
670 565 863 597 aratorem
888 553 962 592 sibi
986 554 1179 591 decumae
1205 549 1297 586 dare
1318 550 1512 594 oportere,

188 643 229 674 ut
258 640 411 672 tantum
440 635 566 667 arator
593 626 817 664 decumano
844 621 937 658 dare
964 623 1177 667 cogeretur.
1239 614 1331 660 Quo
1362 607 1513 647 modo?

189 702 392 748 Quantum
414 690 637 744 poposcerit
658 685 871 738 Apronius,
887 685 990 722 dato.
1044 679 1152 729 Quid
1172 685 1231 717 est
1250 676 1356 714 hoc?
1383 680 1512 711 utrum

190 761 375 814 praetoris
410 757 632 796 institutum
666 753 706 791 in
740 750 868 790 socios
902 762 953 787 an
988 747 1028 785 in
1068 743 1192 783 hostis
1225 741 1348 779 victos
1387 734 1515 775 insani

190 828 364 867 edictum
393 831 511 873 atque
542 818 749 870 imperium
784 812 966 865 tyranni?
1025 812 1110 859 Ego
1145 806 1380 846 tantundem
1410 801 1516 840 dabo
1540 814 1577 836 ιο

191 900 383 944 quantum
410 889 474 927 ille
503 882 756 937 poposcerit?
781 885 918 930 poscet
943 888 1063 914 omne
1084 879 1277 924 quantum
1297 879 1515 907 exaravero.

194 957 303 1007 Quid
323 955 470 994 omne?
499 953 586 1002 plus
607 949 729 987 immo
750 945 879 990 etiam,
902 940 1040 991 inquit,
1059 938 1091 977 si
1110 938 1227 975 volet.
1277 933 1386 982 Quid
1407 931 1519 969 tum?

194 1021 291 1073 quid
311 1019 477 1059 censes?
529 1018 609 1053 Aut
629 1011 742 1051 dabis
763 1016 829 1048 aut
849 1014 986 1046 contra
1006 1003 1181 1043 edictum
1202 998 1341 1038 fecisse
1362 998 1520 1035 damna-

196 1088 299 1126 bere.
360 1086 432 1122 Per
452 1084 548 1121 deos
573 1074 816 1121 immortalis,
837 1071 933 1122 quid
954 1078 1013 1109 est
1032 1069 1139 1106 hoc?
1167 1064 1247 1104 veri
1268 1063 1374 1102 enim
1395 1060 1521 1099 simile

138 1159 178 1192 26
198 1165 278 1190 non
314 1156 380 1189 est.
442 1147 504 1185 Sic
540 1143 634 1183 mihi
669 1139 898 1192 persuadeo,
932 1134 1093 1179 iudices,
1128 1128 1284 1170 tametsi
1315 1125 1448 1166 onmia
1481 1124 1522 1162 in
1545 1140 1582 1172 15

199 1218 317 1255 istum
343 1212 546 1252 hominem
574 1205 784 1247 convenire
809 1200 965 1253 putetis,
988 1207 1120 1237 tamen
1148 1198 1225 1234 hoc
1245 1192 1357 1232 vobis
1382 1192 1522 1229 falsum

199 1280 331 1320 videri.
404 1279 489 1327 Ego
523 1273 641 1319 enim,
677 1283 767 1309 cum
802 1269 879 1306 hoc
913 1273 995 1304 tota
1034 1261 1164 1302 Sicilia
1197 1260 1356 1304 diceret,
1392 1263 1525 1294 tamen

200 1347 406 1386 adfirmare
426 1354 507 1380 non
527 1339 726 1382 auderem,
748 1333 780 1372 si
800 1334 897 1370 haec
918 1329 1047 1368 edicta
1068 1340 1149 1365 non
1168 1338 1216 1363 ex
1240 1322 1361 1374 ipsius
1382 1317 1526 1358 tabulis

202 1410 367 1450 totidem
388 1405 515 1445 verbis
540 1401 700 1441 recitare
725 1409 894 1449 possem,
918 1392 1032 1432 sicuti
1054 1390 1204 1430 faciam.
1266 1390 1340 1433 Da,
1364 1396 1524 1436 quaeso,

202 1475 363 1520 scribae,
385 1470 520 1510 recitet
541 1482 587 1506 ex
607 1465 746 1505 codice
767 1459 1061 1513 professionem.
1124 1453 1273 1493 Recita.
1331 1453 1527 1489 ED1CTVM
1549 1462 1590 1484 20

204 1553 258 1578 DE
281 1546 572 1576 PROFESSIONE.
634 1531 762 1579 Negat
787 1539 850 1565 me
874 1523 1035 1562 recitare
1060 1528 1212 1567 totum,
1242 1529 1334 1556 nam
1355 1515 1396 1554 id
1416 1512 1529 1563 signi-

205 1607 319 1643 ficare
349 1610 447 1640 nutu
474 1599 637 1637 videtur.
698 1592 808 1643 Quid
837 1589 1067 1641 praetereo?
1100 1599 1151 1623 an
1180 1583 1289 1630 illud,
1319 1580 1387 1619 ubi
1417 1590 1530 1617 caves

206 1680 337 1707 tamen
365 1664 504 1706 Siculis
530 1670 568 1701 et
589 1660 753 1700 miseros
775 1654 934 1705 respicis
956 1651 1155 1691 aratores?
1186 1647 1284 1687 dicis
1305 1644 1411 1685 enim
1432 1650 1470 1682 te
1490 1641 1531 1680 in

207 1736 483 1775 decumanum,
511 1727 542 1766 si
572 1728 659 1777 plus
688 1719 890 1762 abstulerit
914 1730 1032 1767 quam
1064 1713 1243 1754 debitum
1273 1710 1332 1758 sit,
1356 1709 1396 1747 in
1426 1714 1532 1746 octu-

209 1801 317 1849 plum
349 1794 538 1834 iudicium
570 1793 764 1830 daturum.
825 1783 934 1823 Nihil
966 1780 1062 1819 mihi
1094 1781 1222 1830 placet
1253 1771 1534 1827 praetermitti,
1555 1785 1594 1817 25

210 1862 327 1902 recita
347 1862 423 1899 hoc
440 1869 599 1908 quoque
616 1853 725 1905 quod
745 1850 917 1901 postulat
937 1854 1074 1885 totum.
1134 1841 1284 1881 Recita.
1336 1841 1531 1877 EDICTVM

213 1940 266 1966 DE
298 1936 456 1965 1V131C1o
489 1935 531 1960 IN
563 1928 795 1960 OCTVPLVM.
856 1911 1012 1951 Iudicio
1041 1916 1083 1948 ut
1113 1916 1239 1947 arator
1269 1907 1534 1945 decumanum

255 2043 275 2071 3
297 2034 399 2062 antea
418 2029 511 2069 Opq:
538 2031 617 2058 ante
639 2025 670 2055 V
685 2023 731 2061 (ii,
754 2025 768 2059 ξ
788 2021 853 2058 823
880 2022 894 2056 ξ
916 2027 954 2047 12
966 2018 1082 2055 supra)
1206 2023 1225 2049 4
1251 2021 1289 2041 ac
1312 2010 1359 2040 V:
1386 2005 1533 2047 etprell.

214 2087 232 2114 5
256 2075 366 2105 audite
384 2073 511 2103 iudices
526 2070 556 2101 Ο
575 2070 608 2110 (ξ
626 2069 669 2099 80
685 2066 787 2106 infra)
936 2070 974 2090 10
998 2056 1194 2088 tantundem
1212 2053 1297 2085 dabo
1319 2051 1418 2091 V(cp.
1442 2053 1457 2088 ξ
1475 2058 1534 2080 201

214 2119 313 2159 infra)
332 2128 338 2147 z
365 2121 493 2147 tanturn
511 2115 585 2145 dem
599 2118 624 2153 p
643 2109 760 2142 Lamb.
781 2104 851 2138 cdd.
869 2116 875 2136 :
899 2101 1097 2135 tantundem
1117 2099 1182 2130 rell.
1387 2105 1425 2132 14
1449 2093 1537 2123 enim

215 2161 323 2192 simile
345 2158 420 2190 VcO
436 2170 443 2189 ε
467 2157 577 2189 simile
595 2155 684 2187 enim
697 2158 721 2194 p
739 2151 806 2183 rell.
941 2156 983 2176 20
1007 2144 1138 2175 scribae
1154 2153 1162 2173 t
1187 2140 1306 2172 recitet
1323 2137 1395 2170 edd.
1410 2139 1541 2177 praeter

217 2203 417 2234 Muellerum
522 2211 565 2231 ex
584 2199 699 2230 codice
718 2192 929 2235 professione
949 2200 983 2220 -r-
1001 2188 1144 2219 edietum
1164 2185 1205 2215 de
1224 2182 1470 2223 professionem
1491 2178 1538 2209 V:
1598 2206 1600 2228 Ι

218 2247 355 2286 profess.
378 2246 479 2276 recita
497 2255 560 2274 om.
582 2243 612 2273 O
628 2254 634 2272 :
659 2242 812 2271 lacunam
828 2234 947 2266 habent
962 2244 983 2263 π
1214 2237 1255 2266 25
1281 2226 1435 2256 daturum
1456 2221 1516 2252 VO
1532 2232 1538 2250 :

218 2292 369 2320 daturum
387 2298 462 2318 esse
481 2287 545 2317 rell.
566 2284 667 2325 (prob.
687 2279 852 2315 Zielinski,
867 2283 899 2318 p.
924 2278 1000 2315 195⁸,
1104 2273 1145 2302 26
1171 2270 1222 2300 -R-
1243 2267 1436 2307 (=Recita)
1459 2264 1537 2306 Vp‘·':

219 2344 283 2364 om.
307 2332 336 2361 O
353 2332 418 2361 rell.
442 2330 509 2369 <R-
528 2329 671 2360 edictum
697 2326 740 2356 de
765 2322 888 2354 iudicio
913 2320 946 2349 in
972 2315 1155 2356 octuplum,
1183 2317 1219 2344 nt
1246 2313 1281 2352 V,
1303 2312 1349 2342 ita
1373 2308 1480 2349 suppl.
1505 2307 1538 2338 in

222 2386 299 2407 vers.
321 2385 386 2406 vac.
401 2373 437 2414 p²
454 2371 505 2413 (Ιῖ)

1590 2450 1600 2704 ‘zav-a-QffW„
1594 2306 1600 2439 *dum-m
1597 2269 1600 2279 .-
