1600 2704
85 110 356 150 Achoms
386 110 448 148 IN
477 109 523 149 c.
545 108 788 146 VERREM
818 107 1119 147 SECVNDAE
1149 108 1253 146 LIB.
1278 109 1320 146 11
1355 117 1413 155 49
1436 74 1528 146 125³

84 220 285 261 neminem
318 221 398 260 ulla
428 219 469 259 in
507 218 662 258 civitate
701 224 923 257 senatorem
962 218 1110 256 factum
1145 230 1231 256 esse
1268 218 1409 268 gratiis,

82 287 295 334 neminem,
331 293 375 324 ut
412 286 517 336 leges
550 297 685 324 eorum
725 289 827 330 sunt,
861 282 1065 333 suffragiis,
1099 281 1300 321 neminem
1338 283 1413 321 nisi

85 352 193 390 istius
212 350 377 402 imperio
396 357 464 389 aut
483 348 619 388 litteris
633 363 644 397 3
672 355 792 399 atque
811 347 853 386 in
877 347 937 386 his
958 346 1144 386 omnibus
1166 347 1412 386 senatoribus

81 415 316 466 cooptandis
343 428 424 454 non
451 415 573 453 modo
602 413 783 463 suffragia
808 413 916 451 nulla
942 411 1072 459 fuisse,
1096 413 1167 452 sed
1198 425 1248 451 ne
1271 425 1413 462 genera

40 495 59 528 5
81 479 243 530 quidem
270 486 445 530 spectata
472 491 558 518 esse
586 491 634 517 ex
661 477 806 528 quibus
835 477 876 516 in
905 490 997 517 eum
1026 476 1207 516 ordinem
1237 476 1413 527 cooptari

79 545 226 593 liceret,
246 557 376 595 neque
394 557 537 583 census
558 556 689 594 neque
715 550 863 582 aetates
885 556 1014 593 neque
1035 550 1165 581 cetera
1190 541 1411 581 Siculorum

78 609 161 648 iura
199 609 390 657 valuisse3
428 608 670 660 quicumque
709 616 866 647 senator
899 607 1064 648 voluerit
1103 607 1197 654 fieri,
1233 607 1412 657 quamvis
1436 620 1494 644 121

77 687 184 725 puer,
219 674 398 725 quamvis
430 673 626 724 indignus,
658 673 837 724 quamvis
869 686 916 712 ex
951 686 999 712 eo
1026 674 1115 712 loco
1145 685 1192 711 ex
1221 684 1302 722 quo
1332 685 1412 710 non

77 739 222 787 liceret,
254 739 286 778 si
315 739 347 778 is
376 739 501 790 pretio
529 740 637 790 apud
667 738 785 777 istum
813 736 1017 791 [idoneus]
1048 737 1232 783 vinceret,
1264 738 1411 775 factum

19 819 58 842 10
76 818 162 843 esse
186 818 341 855 semper
355 819 366 852 3
394 817 475 844 non
505 804 627 843 modo
654 803 876 842 Siculorum
903 802 1001 841 nihil
1021 802 1061 840 in
1088 803 1163 840 hac
1183 814 1224 840 re
1244 800 1412 840 valuisse

76 871 190 920 leges,
214 871 285 910 sed
314 883 365 909 ne
393 870 444 909 ab
465 877 602 908 senatu
627 869 789 919 quidem
814 869 1042 919 populoque
1073 868 1260 905 Romano
1286 866 1408 904 datas.

76 936 186 984 Quas
207 935 315 975 enirn
334 936 439 986 leges
459 934 575 974 sociis
595 933 812 983 amicisque
832 934 900 972 dat
920 932 952 971 is
973 931 1041 982 qui
1061 931 1181 970 habet
1201 930 1408 981 imperium

75 1013 98 1039 a
118 1002 268 1051 populo
289 1001 485 1047 Romano,
504 998 776 1037 auctoritatem
798 999 928 1048 legum
949 997 1169 1036 dandarum
1190 995 1242 1034 ab
1258 1002 1406 1041 senatu,

76 1077 146 1103 eae
167 1064 316 1104 debent
336 1071 374 1103 et
394 1063 531 1114 populi
552 1061 725 1101 Romani
746 1069 784 1101 et
805 1068 964 1100 senatus
984 1059 1206 1099 existimari.

19 1147 57 1179 15
132 1128 339 1168 Halaesini
360 1140 431 1179 pro
451 1126 583 1166 multis
604 1140 649 1165 ac
670 1125 822 1177 magnis
844 1125 923 1164 suis
944 1125 1220 1174 maiorumque
1247 1137 1407 1163 suorum
1433 1139 1489 1161 122

75 1193 115 1232 in
143 1207 224 1233 rem
248 1192 449 1244 publicam
475 1199 650 1231 nostram
680 1190 826 1230 meritis
855 1197 975 1240 atque
999 1189 1202 1229 beneficiis
1229 1202 1301 1228 suo
1327 1189 1408 1228 iure

74 1272 209 1309 nuper,
233 1260 276 1296 L.
301 1256 455 1297 Licinio
477 1257 526 1306 Q.
551 1255 689 1295 Mucio
714 1255 956 1303 consulibus,
979 1268 1071 1294 cum
1095 1254 1287 1294 haberent
1308 1254 1408 1294 inter

73 1337 114 1362 se
152 1322 438 1362 controversias
477 1322 528 1361 de
566 1328 705 1360 senatu
749 1321 989 1371 cooptando,
1030 1321 1135 1370 leges
1173 1319 1224 1358 ab
1268 1327 1406 1358 senatu

71 1396 207 1428 nostro
250 1387 481 1438 petiverunt.
556 1385 741 1425 Decrevit
780 1393 939 1424 senatus
983 1384 1204 1423 honorifico
1247 1391 1406 1422 senatus

11 1470 50 1492 20
70 1455 253 1493 consulto
283 1460 324 1492 ut
350 1452 395 1491 iis
425 1453 469 1493 C.
503 1451 695 1492 Claudius
717 1450 823 1501 Appi
851 1450 952 1489 filius
978 1450 1147 1488 Pulcher
1173 1456 1329 1500 praetor
1355 1449 1406 1488 de

70 1527 209 1559 senatu
229 1519 457 1570 cooptando
477 1519 581 1570 leges
602 1516 876 1557 conscriberet.
923 1517 968 1556 C.
992 1514 1194 1561 Claudius,
1217 1513 1406 1554 adhibitis

71 1584 257 1624 omnibus
283 1583 481 1623 Marcellis
502 1583 570 1634 qui
595 1590 679 1621 tum
700 1589 820 1629 erant,
844 1582 895 1621 de
919 1594 1057 1620 eorum
1084 1579 1280 1619 sententia
1300 1581 1405 1630 leges

72 1649 299 1689 Halaesinis
329 1648 449 1696 dedit,
486 1648 526 1687 in
556 1647 701 1699 quibus
732 1648 854 1686 multa
883 1645 1009 1685 sanxit
1038 1646 1089 1684 de
1118 1652 1247 1684 aetate
1281 1644 1406 1683 homi-

70 1728 177 1762 num,
215 1728 265 1753 ne
295 1714 364 1765 qui
399 1713 527 1753 minor
558 1725 647 1751 xxx
681 1712 793 1752 annis
828 1719 956 1759 natuS,
987 1712 1038 1750 de
1070 1717 1248 1761 quaestu,
1284 1723 1404 1760 quem

13 1793 49 1825 25
70 1779 138 1829 qui
159 1779 316 1818 fecisset
343 1792 394 1818 ne
421 1781 622 1829 legeretur,
655 1779 706 1817 de
731 1791 863 1825 censu,
887 1778 938 1816 de
966 1775 1105 1815 ceteris
1130 1776 1271 1814 rebus:
1301 1787 1405 1825 quae

70 1843 205 1882 omnia
237 1852 329 1883 ante
368 1843 486 1883 istum
521 1851 741 1895 praetorem
773 1850 811 1882 et
846 1849 1070 1882 nostrorum
1105 1839 1402 1892 magistratuum

119 1958 132 1977 1
159 1947 263 1987 gratis
279 1946 366 1979 codd.
384 1947 563 1987 (Zielinski,
576 1953 610 1988 p.
631 1948 706 1988 186)
807 1957 824 1986 7
849 1946 992 1978 voluerit
1008 1946 1200 1987 Naugerius
1217 1957 1224 1977 :
1247 1945 1403 1977 voluerat

70 1990 159 2023 codd.
347 2001 368 2030 9
391 1991 535 2022 idoneus
551 1992 702 2022 vinceret
719 2001 743 2030 c,
758 1990 844 2021 unde
862 1991 977 2022 Garat.
998 1989 1112 2021 Madv.
1133 1990 1273 2021 idoneos
1290 1989 1377 2020 vinc.
1397 2001 1404 2018 z

71 2035 160 2066 idon.
177 2034 345 2066 inveniret
349 2034 444 2073 falsa
455 2035 637 2075 transcrt‘pt.
656 2034 687 2065 O
731 2033 800 2066 Sed
810 2035 903 2064 habet
919 2035 951 2064 V
958 2034 1071 2064 idone.
1085 2038 1187 2071 esset,
1205 2031 1292 2063 unde
1303 2031 1406 2062 Klotz

70 2078 159 2110 idon.
184 2083 275 2109 esset
293 2082 329 2109 ut
346 2078 447 2115 vinc.,
469 2077 600 2118 Kayser
613 2078 704 2109 idon.
724 2082 815 2108 esset
835 2077 1033 2119 [vinceret]
1085 2075 1186 2108 Codd.
1205 2076 1268 2106 nbk
1286 2075 1406 2106 habent

70 2121 134 2153 lect.
149 2122 261 2162 interp.
277 2121 374 2153 fieret
387 2121 532 2152 idoneus
543 2121 707 2160 vinceret,
725 2121 774 2151 vel
788 2125 824 2152 ut
841 2121 1005 2160 vinceret,
1020 2119 1224 2161 ubirepetittb
1235 2119 1334 2150 fieret
1345 2143 1352 2151 .
1368 2144 1375 2151 .
1391 2144 1398 2151 .

69 2165 192 2196 sactum
207 2175 282 2196 esse
294 2170 434 2205 prorsus
442 2165 530 2204 ferri
544 2175 611 2195 non
623 2168 736 2205 potest.
787 2163 859 2205 Ego
874 2163 940 2195 cod.
958 2163 990 2193 V
997 2167 1125 2194 secutus
1139 2163 1227 2194 duas
1238 2162 1405 2194 clausulas

36 2213 40 2217 ’
70 2209 104 2239 in
118 2219 225 2239 unam
243 2208 353 2239 coiisse
366 2213 459 2249 puto,
475 2212 505 2239 et
520 2208 565 2238 ita
579 2207 755 2249 legendum
772 2217 859 2238 esse:
882 2207 1035 2246 quamvis
1053 2217 1122 2238 non
1141 2207 1284 2238 idoneus
1300 2212 1400 2239 esset.

69 2252 97 2283 si
114 2252 141 2283 is
159 2253 269 2292 pretio
285 2252 374 2292 apud
392 2253 494 2282 istum
511 2251 663 2283 vinceret
683 2252 714 2291 (ξ
731 2261 791 2289 124
807 2250 911 2291 infra)
962 2250 1010 2290 Cf.
1033 2249 1079 2282 Cl.
1100 2250 1178 2282 Rev.
1198 2250 1290 2289 xviii,
1306 2255 1340 2290 p.
1361 2260 1403 2290 25

73 2305 110 2333 14
135 2306 197 2326 cae
215 2295 339 2326 debent
350 2300 375 2336 p
391 2296 433 2326 al.
452 2294 607 2326 Habeto
624 2296 696 2335 (pro
715 2294 757 2325 ab
773 2304 845 2326 sen.
866 2304 927 2325 eae
944 2294 1081 2332 debent)
1101 2294 1225 2325 miram
1239 2294 1402 2324 lectionem

69 2338 230 2370 abferiam
248 2348 306 2370 ace
324 2350 330 2369 :
353 2349 398 2369 an
416 2339 458 2369 ab
475 2343 607 2377 senatu,
628 2348 686 2369 eas
702 2348 846 2369 necesse
865 2343 916 2369 est
933 2362 941 2369 .
962 2361 969 2369 .
990 2361 997 2369 .
1013 2339 1024 2369 2
1140 2347 1183 2369 20
1206 2338 1233 2369 is
1252 2336 1321 2368 Ob:
1348 2338 1403 2368 his

64 2387 90 2422 p
105 2382 192 2422 vulg.
330 2391 371 2420 24
396 2392 439 2413 ne
456 2382 549 2423 quip
567 2382 618 2422 (ul
633 2392 648 2412 c
660 2392 668 2412 t
682 2382 774 2421 salso
791 2382 932 2422 Zumpt)
950 2392 956 2412 :
981 2381 1086 2421 iniqui
1106 2380 1149 2413 0¹
