1600 2704
87 118 355 157 ACTIONIS
377 119 437 156 IN
459 118 505 158 C.
528 119 771 156 VERREM
793 120 1091 159 SECVNDAE
1114 122 1217 160 LIB.
1242 123 1302 161 IV
1363 133 1418 171 44
1438 130 1481 172 96

85 236 313 279 armataque
340 228 513 276 veniunt,
544 228 636 268 foris
666 228 776 268 aedis
805 229 1043 280 effringunt3
1071 231 1261 271 aeditumi
1292 242 1419 274 custo-

85 294 235 343 desque
256 300 406 333 mature
427 292 600 332 sentiunt
617 308 627 342 3
661 293 816 344 signum
838 295 947 344 quod
968 303 1048 333 erat
1069 304 1207 335 notum
1229 297 1418 337 vicinitati

85 357 229 396 bucina
258 359 396 406 datur,
425 357 607 397 homines
646 372 693 397 ex
721 358 822 408 agris
851 368 1118 408 concurrunt3
1147 361 1284 400 eicitur
1314 364 1418 413 fuga-

82 429 224 472 turque
263 424 530 473 Tlepolemus,
570 435 700 473 neque
749 423 961 474 quicquam
1008 438 1054 463 ex
1102 426 1194 464 fano
1242 426 1417 477 Chrysae

43 501 62 532 5
83 495 234 536 praeter
254 500 377 525 unum
399 489 674 537 perparvulum
696 487 850 538 signum
873 502 919 527 ex
938 502 1027 528 aere
1056 489 1322 529 desideratum
1344 500 1413 530 est.

137 551 275 590 Matris
308 553 479 602 Magnae
513 553 647 590 fanum
686 554 793 603 apud
832 553 1037 604 Enguinos
1071 554 1276 600 ese—iam
1309 556 1413 594 enim
1435 569 1476 602 97

80 614 176 653 mihi
211 629 292 654 non
324 618 447 655 modo
478 616 646 656 breviter
680 618 730 656 de
764 631 846 656 uno
880 631 1040 668 quoque
1079 619 1306 668 dicendum,
1344 623 1414 661 sed

80 680 198 718 etiam
230 682 515 731 praetereunda
545 681 727 721 videntur
756 696 842 722 esse
871 685 1075 734 permulta,
1109 692 1152 723 ut
1180 686 1232 725 ad
1267 686 1415 726 maiora

79 744 190 783 istius
211 753 249 784 et
270 746 491 785 inlustriora
511 747 551 785 in
572 749 649 786 hoc
673 761 815 798 genere
836 750 937 787 furta
957 757 994 788 et
1016 751 1161 788 scelera
1181 750 1385 790 veniamus
1406 767 1413 790 ε

23 823 61 844 10
79 809 119 847 in
141 811 217 849 hoc
238 812 331 850 fano
359 811 497 851 loricas
523 814 734 863 galeasque
760 826 912 861 aeneaS,
937 815 1105 852 caelatas
1135 827 1253 865 opere
1276 816 1412 855 Corin-

79 874 178 923 thio,
198 875 435 926 hydriasque
455 877 612 927 grandis
643 878 758 916 simili
785 878 825 916 in
852 892 994 928 genere
1020 886 1139 929 atque
1168 881 1308 918 eadem
1330 888 1412 920 arte

78 940 270 987 perfectas
298 940 404 979 idem
432 942 496 980 ille
526 942 669 992 Scipio,
693 943 749 980 vir
775 943 962 982 omnibus
988 944 1105 982 rebus
1126 946 1411 995 praecellentis-

78 1003 211 1051 simus,
247 1014 430 1055 posuerat
465 1013 502 1044 et
537 1019 651 1045 suum
683 1020 830 1046 nomen
862 1007 1120 1058 inscripserat.
1191 1009 1301 1057 Quid
1333 1010 1411 1048 iam

78 1069 128 1107 de
168 1069 243 1108 isto
281 1072 393 1120 plura
431 1071 561 1110 dicam
600 1080 668 1110 aut
706 1074 874 1122 querar?
943 1072 1092 1111 Omnia
1129 1072 1204 1120 illa,
1246 1074 1408 1122 iudices,

20 1148 57 1180 15
77 1134 248 1181 abstulit,
272 1134 368 1173 nihil
392 1135 432 1173 in
461 1135 752 1186 religiosissimo
772 1137 864 1175 fano
891 1144 1043 1186 praeter
1062 1137 1224 1187 vestigia
1244 1138 1410 1178 violatae

76 1198 272 1248 religionis
302 1212 529 1250 nomenque
560 1202 600 1238 P.
634 1200 829 1250 Scipionis
859 1200 1013 1251 reliquit
1028 1215 1038 1249 3
1068 1201 1242 1239 hostium
1273 1203 1411 1252 spolia,

76 1272 334 1303 monumenta
354 1264 644 1315 imperatorum,
668 1267 812 1305 decora
837 1274 956 1316 atque
977 1274 1210 1320 ornamenta
1228 1268 1409 1306 fanorum

75 1331 240 1378 posthac
274 1329 334 1368 his
365 1331 570 1380 praeclaris
609 1331 838 1370 nominibus
875 1331 1029 1370 amissis
1068 1332 1108 1369 in
1146 1331 1410 1372 instrumento

73 1403 193 1445 atque
226 1394 266 1433 in
300 1395 542 1446 supellectile
576 1396 707 1434 Verris
747 1395 1069 1434 nominabuntur.
1128 1397 1191 1434 Tu
1226 1396 1409 1436 videlicet
1428 1401 1470 1442 98

15 1477 57 1498 20
76 1462 181 1499 solus
195 1460 295 1499 vasis
311 1460 524 1501 Corinthiis
541 1462 759 1507 delectaris,
778 1468 819 1499 tu
834 1460 935 1499 illius
952 1460 1050 1499 aeris
1065 1460 1406 1511 temperationem,

74 1534 115 1563 tu
137 1538 302 1576 operum
323 1525 550 1564 liniamenta
571 1525 838 1564 sollertissime
858 1525 1070 1576 perspicis!
1129 1527 1244 1564 Haec
1275 1526 1409 1576 Scipio

72 1590 137 1628 ille
171 1603 251 1628 non
286 1590 547 1640 intellegebat,
581 1592 703 1629 homo
741 1590 993 1629 doctissimus
1026 1598 1145 1641 atque
1176 1592 1410 1630 humanissi-

74 1667 161 1693 mus
182 1671 188 1693 :
219 1663 261 1693 tu
290 1654 373 1694 sine
393 1657 471 1693 ulla
492 1656 597 1694 bona
618 1664 709 1701 arte,
734 1655 818 1694 sine
849 1655 1104 1703 humanitate,
1130 1656 1214 1695 sine
1234 1656 1405 1707 ingenio,

74 1720 158 1760 sine
186 1720 332 1768 litteris,
356 1720 548 1770 intellegis
569 1727 606 1759 et
635 1720 812 1759 iudicas!
869 1720 973 1759 Vide
1002 1734 1052 1760 ne
1079 1720 1143 1760 ille
1169 1734 1249 1760 non
1278 1723 1406 1760 solum

13 1800 55 1832 25
75 1785 333 1836 temperantia
368 1787 437 1825 sed
472 1785 589 1824 etiam
624 1785 891 1836 intellegentia
922 1794 960 1825 te
991 1794 1110 1837 atque
1140 1786 1234 1826 istos
1267 1787 1333 1837 qui
1365 1801 1406 1827 se

74 1850 261 1901 elegantis
275 1850 354 1889 dici
367 1852 503 1889 volunt
520 1850 664 1889 vicerit.
716 1851 932 1902 Nam'quia
952 1864 1072 1901 quam
1089 1852 1253 1901 pulchra
1274 1860 1405 1891 essent

74 1914 335 1966 intellegebat,
359 1914 506 1954 idcirco
526 1914 774 1954 existimabat
803 1929 849 1954 ea
875 1929 956 1954 non
985 1917 1037 1955 ad
1064 1916 1272 1955 hominum
1298 1919 1405 1956 luxu-

121 2030 133 2050 1
162 2019 322 2050 aeditumi
338 2018 460 2050 Gellius
471 2019 528 2059 xii,
547 2029 595 2057 10,
612 2021 633 2050 6
646 2022 653 2036 ‘
668 2020 701 2050 in
719 2019 958 2060 exemplaribus
966 2020 1183 2059 fidelissimis’
1199 2021 1361 2053 invenisse
1372 2033 1405 2054 sc

74 2067 236 2094 testatur:
260 2063 388 2093 aeditui
407 2062 498 2093 codd.
520 2074 526 2093 ε
547 2063 697 2093 aeditimi
717 2063 1045 2103 malith'rsclgfelder
1157 2066 1178 2094 6
1202 2065 1404 2107 eguinosS:

75 2107 216 2146 eguinos
234 2106 329 2137 RH:
354 2107 512 2146 inguinos
531 2107 546 2136 δ
626 2117 642 2145 7
667 2117 733 2137 non
754 2108 854 2138 rnodo
873 2108 1021 2139 breviter
1039 2107 1119 2138 mihi
1137 2107 1200 2139 ΒΨ
1289 2108 1403 2140 dicen—

76 2151 152 2180 dum
173 2155 224 2181 est
237 2151 281 2191 pb
428 2160 462 2180 11
491 2150 630 2189 grandis
647 2150 745 2180 simili
765 2151 797 2180 in
817 2150 886 2182 edd.
903 2164 908 2182 ;
934 2151 1072 2190 grandis
1090 2150 1189 2182 simili
1208 2156 1229 2181 λ
1249 2152 1313 2186 (tle.
1334 2152 1401 2184 cod.

76 2191 213 2235 Lamb.)
232 2205 238 2224 :
265 2193 480 2233 grandissimi
499 2193 544 2224 hii
568 2194 602 2224 in
623 2193 654 2223 R
675 2198 704 2224 ct
724 2194 814 2232 (corr.
835 2194 1091 2233 grandissimas)
1111 2194 1141 2226 S
1159 2194 1215 2233 (J.
1234 2193 1298 2225 Plz.
1319 2206 1399 2236 xxx,

76 2240 155 2271 201)
293 2247 330 2267 12
358 2237 393 2267 P.
414 2236 528 2276 Scipio
541 2238 584 2276 pf)
607 2236 695 2276 (Dt'v.
717 2239 731 2273 ξ
753 2238 808 2273 22⁸)
940 2247 978 2276 13
1002 2238 1219 2277 inscripserat
1238 2239 1254 2268 δ
1274 2250 1280 2268 :
1306 2249 1401 2269 suum

75 2279 294 2320 inscripserat
319 2285 344 2320 p
372 2281 451 2319 (om.
481 2280 641 2319 nomem:
668 2280 852 2319 scripserat
873 2280 966 2312 st
988 2283 1020 2321 (ξ
1044 2291 1102 2320 103
1118 2281 1221 2321 infin)
1364 2293 1403 2321 19

74 2328 174 2361 atque
193 2324 225 2353 in
245 2323 324 2354 RS:
352 2329 451 2363 atque
465 2328 500 2363 p,
521 2333 559 2354 ac
579 2325 595 2353 δ
615 2324 694 2357 (om.
713 2324 763 2363 in)
926 2325 1041 2356 Verris
1059 2324 1122 2357 RS
1138 2325 1181 2356 al.
1198 2336 1204 2354 :
1231 2324 1268 2356 C.
1284 2324 1404 2356 Verris

75 2365 104 2395 L
120 2367 158 2395 λδ
172 2367 317 2406 (Αηι.].
339 2367 401 2398 Ph.
419 2368 510 2397 xxvi.
533 2368 611 2405 4121
