1600 2704
15 129 60 166 18
84 143 124 174 59
448 115 504 152 M.
535 107 705 149 TVLLI
736 95 1043 143 CICERONIS

86 236 196 283 illud,
217 231 327 283 quod
348 227 546 268 dicturum
567 228 605 258 te
625 229 711 257 esse
731 211 862 256 audio,
886 211 1135 258 quaestorem
1157 197 1258 236 illius
1283 191 1415 231 fuisse.

88 304 202 351 Quae
232 308 351 337 causa
379 290 503 343 gravis
533 292 646 330 esset,
679 281 710 320 si
740 285 905 317 certares
937 280 1094 309 mecum
1125 271 1210 303 uter
1239 266 1418 298 nostrum

89 368 144 406 illi
178 362 340 404 amicior
371 370 456 397 esse
490 353 676 392 deberet:
720 345 760 382 in
792 335 1046 380 contentione
1081 324 1421 377 suscipiendarum

92 427 385 470 inimicitiarum
419 419 629 459 ridiculum
663 418 721 450 est
754 414 891 459 putare
926 410 1084 439 causam
1119 384 1422 432 necessitudinis

31 505 75 537 60
94 498 145 536 ad
174 490 424 533 inferendum
454 481 671 535 periculum
701 475 844 513 iustam
864 465 986 507 videri
1013 467 1203 512 oportere.
1264 449 1424 491 Etenim
1445 459 1463 490 5

205 558 348 597 urimas
382 567 406 590 a
436 559 504 589 tuo
539 551 716 597 praetore
747 535 906 576 iniurias
935 526 1165 577 accepisses,
1197 529 1331 559 tamen
1360 527 1427 553 eas

97 624 260 664 ferendo
288 618 475 658 maiorem
502 612 661 650 laudem
682 616 801 656 quam
828 594 1056 638 ulciscendo
1087 598 1277 628 mererere
1292 597 1302 631 ;

98 702 190 728 vero
218 687 370 725 nullum
397 680 500 718 illius
527 677 567 714 in
594 673 673 712 vita
699 667 840 708 rectius
867 665 1015 702 factum
1042 657 1090 695 sit
1111 664 1231 704 quam
1257 648 1299 687 id
1319 644 1428 696 quod

101 764 142 793 tu
171 750 350 791 iniuriam
377 744 563 795 appellas,
585 738 626 777 hi
653 739 825 775 statuent
851 731 954 767 hanc
981 733 1151 765 causam,
1175 727 1294 766 quarn
1319 724 1369 749 ne
1389 709 1430 746 in

100 820 179 859 alio
213 815 375 867 quidem
414 809 637 860 probarent,
672 801 714 839 in
751 807 790 837 te
828 796 971 833 iustam
1008 789 1059 827 ad
1097 779 1431 823 necessitudinem
1454 784 1495 807 10

103 883 329 924 violandam
349 875 501 916 videri?
558 868 639 920 Qui
669 866 700 905 si
729 873 925 903 summam
955 853 1136 894 iniuriam
1160 849 1210 888 ab
1237 847 1304 884 illo
1327 854 1436 881 acce-

860 925 919 963 ius
948 918 1065 964 fuisti,
1092 928 1174 954 non
1203 918 1316 963 potes
1346 918 1438 946 eum

867 988 898 1027 si
919 998 1011 1025 vero
1038 994 1118 1021 non
1144 979 1224 1016 ulla
1247 973 1318 1013 tibi
1338 973 1440 1010 facta

1309 1038 1441 1086 Quare

96 562 127 601 si
162 561 201 610 pl

104 949 207 1002 pisti,
237 955 383 991 tamen,
404 937 593 991 quoniam
623 937 807 984 quaestor
836 940 856 965 e

107 1015 191 1053 sine
212 1013 291 1050 ulla
311 1003 598 1056 vituperatione
624 1006 808 1036 accusare
824 1006 833 1038 3

381 1071 464 1110 sine
495 1067 640 1106 scelere
670 1073 761 1099 eum
791 1064 975 1095 accusare
1009 1060 1090 1087 non
1124 1050 1248 1095 potes.

558 1143 579 1168 e
609 1124 762 1170 iniuria,
783 1127 1024 1171 quemquam
1048 1113 1191 1149 horum
1218 1117 1303 1144 esse
1330 1108 1443 1152 putas
1467 1112 1503 1144 15

801 1182 974 1224 eratione
1012 1187 1132 1227 quam
1170 1183 1262 1210 cum
1301 1167 1446 1206 scelere

109 1087 167 1119 est
197 1074 348 1120 iniuria,

111 1157 203 1183 cum
233 1141 425 1178 incertum
456 1133 504 1172 sit
528 1132 554 1170 d

113 1208 181 1258 qui
220 1218 301 1243 non
341 1199 450 1240 malit
488 1204 527 1235 te
565 1193 649 1232 sine
687 1188 798 1237 vitup

46 1316 62 1344 1
115 1268 348 1311 discedere?

68 1315 95 1352 9
173 1339 232 1374 Ac
262 1332 351 1371 vide
381 1327 477 1379 quid
507 1324 660 1364 differat
694 1319 794 1357 inter
824 1324 953 1352 meam
987 1304 1216 1358 opinionem
1247 1312 1293 1337 ac
1327 1304 1447 1334 tuam.

57 1366 95 1397 61
119 1404 183 1440 Tu
219 1411 309 1437 cum
349 1392 535 1433 omnibus
573 1388 689 1426 rebus
728 1378 886 1420 inferior
924 1374 986 1420 sis,
1027 1373 1101 1409 hac
1139 1379 1218 1406 una
1256 1363 1296 1401 in
1334 1374 1374 1398 re
1412 1366 1450 1396 te

123 1464 219 1505 mihi
248 1458 429 1501 anteferri
459 1463 573 1507 putas
602 1456 795 1501 oportere,
827 1441 936 1493 quod
965 1442 1148 1488 quaestor
1177 1430 1279 1470 illius
1310 1424 1451 1464 fueris:
1473 1435 1514 1457 20

123 1544 207 1581 ego,
227 1529 259 1567 si
280 1524 455 1576 superior
475 1518 661 1560 omnibus
682 1513 798 1552 rebus
820 1519 936 1552 esses,
958 1505 1061 1542 hanc
1082 1510 1201 1538 unam
1222 1494 1275 1532 ob
1295 1501 1453 1531 causam

573 1579 697 1622 udiari
736 1583 914 1627 putarem
949 1573 1138 1618 oportere.
1198 1559 1261 1599 Sic
1295 1555 1401 1596 enim
1435 1566 1458 1590 a

875 1641 1094 1687 praetorem
1142 1621 1339 1677 quaestori
1387 1631 1459 1657 suo

999 1710 1075 1747 que
1102 1691 1302 1731 iustiorem
1330 1696 1460 1734 neque

1039 1756 1195 1809 reperiri
1225 1765 1344 1803 quam
1371 1761 1462 1787 con·
1483 1756 1523 1787 25

1343 1826 1463 1864 quam

126 1606 164 1635 te
197 1599 468 1633 accusatorem
502 1598 569 1635 rep

129 1659 342 1700 maioribus
393 1651 536 1693 nostris
587 1643 825 1695 accepimus,

130 1725 301 1778 parentis
321 1725 411 1761 loco
432 1731 516 1757 esse
537 1720 717 1764 oportere
733 1723 742 1756 5
771 1705 919 1744 nullam
946 1712 995 1737 ne

131 1790 347 1843 graviorem
377 1795 536 1824 causam
566 1769 868 1817 necessitudinis
898 1776 1013 1816 posse

583 1853 702 1892 quam
750 1830 986 1887 provinciae,
1026 1836 1146 1875 quam
1189 1816 1303 1863 offici,

813 1900 946 1947 Quam
973 1892 1025 1930 ob
1052 1901 1133 1927 rem
1160 1885 1192 1924 si
1219 1884 1300 1921 iure
1329 1890 1465 1929 posses

828 1960 899 2000 tibi
928 1953 1099 2009 parentis
1126 1958 1291 1989 numero
1318 1943 1465 1987 fuisset,

134 1854 378 1895 iunctionem
418 1847 542 1892 sortis,

75 1932 114 1964 62
138 1918 286 1972 publici
314 1913 486 1954 muneris
513 1908 752 1948 societatem.

138 1998 230 2025 eum
260 1992 455 2024 accusare,
478 1984 622 2019 tamen,
646 1972 737 2008 cum
766 1964 798 2003 is

689 2077 722 2103 te
746 2071 820 2100 ante
843 2065 1009 2096 dicturum
1034 2054 1139 2098 suppl.
1162 2064 1187 2085 s.
1207 2051 1226 2082 l.
1244 2049 1280 2091 p¹
1299 2060 1305 2078 :
1332 2053 1365 2078 te
1388 2046 1469 2076 dict-

142 2141 235 2163 urum
265 2126 377 2168 qulL
535 2122 556 2151 6
581 2125 638 2150 tuo
667 2118 824 2156 praetore
852 2109 908 2148 Dp
937 2104 1000 2135 rell.
1027 2102 1153 2142 praeter
1179 2095 1218 2132 G¹
1246 2096 1366 2132 (praet.
1395 2088 1468 2126 tuo)

146 2187 183 2213 14
208 2178 258 2204 est
276 2172 330 2211 Dp
347 2174 374 2201 ct
385 2169 462 2209 pler.
480 2177 488 2196 ε
512 2166 556 2195 sit
576 2160 654 2200 GRK
744 2165 781 2195 15
806 2162 881 2185 cum
900 2152 965 2180 iam
982 2149 1110 2177 certum
1127 2141 1171 2171 sit
1185 2133 1375 2168 Eberhard:
1395 2141 1471 2161 cum

143 2220 208 2249 iam
226 2220 334 2247 actum
353 2214 394 2243 sit
411 2211 515 2249 Kays.
531 2220 538 2237 ι
563 2202 693 2236 etiamsi
712 2202 874 2232 incertum
892 2196 983 2224 esset
1000 2186 1218 2219 Hachtmann
1301 2179 1340 2208 18
1364 2173 1473 2206 crimi-

144 2261 315 2292 nationem
334 2256 361 2286 L
467 2257 500 2282 et
518 2256 606 2280 tuam
627 2247 665 2284 Gl
781 2251 821 2279 19
844 2240 877 2269 in
894 2236 963 2267 secl.
980 2233 1131 2267 Hotom„
1151 2236 1212 2257 om.
1234 2221 1322 2252 Nolzl
1432 2227 1469 2247 21

145 2303 301 2335 omnibus
327 2299 425 2329 rebus
450 2292 582 2332 DG2L:
608 2289 732 2321 ceteris
757 2285 857 2316 rebus
869 2281 952 2320 prB:
976 2274 1134 2307 omnibus
1160 2267 1280 2299 ceteris
1306 2263 1406 2294 rebus
1434 2259 1474 2297 Gr

146 2359 188 2378 22
213 2348 441 2376 accusatorem
458 2337 526 2368 secl.
546 2335 649 2374 Kays.
762 2336 803 2366 25
827 2320 969 2364 reperiri
987 2326 1086 2358 posse
1103 2326 1122 2344 π
1243 2319 1282 2347 27
1308 2309 1380 2338 iure
1397 2312 1474 2334 eum

147 2399 266 2430 posses
279 2389 339 2428 pb:
366 2393 441 2415 eum
459 2382 530 2412 iure
547 2386 648 2419 posse
667 2386 685 2405 r

185 2098 198 2118 1
225 2087 393 2118 dicturum
415 2087 448 2113 te
471 2076 573 2110 DKZ
594 2074 661 2106 aL:
