1600 2704
137 99 406 141 ACTIONIs
438 105 499 143 IN
529 106 574 145 c.
598 107 841 149 VERREM
871 113 1171 158 SECVNDAE
1201 123 1349 164 LIB.1
1386 136 1447 174 40
1469 102 1554 178 [οἶ

114 220 236 264 atque
255 214 424 264 effugere
443 229 524 255 non
544 218 704 268 possim.
765 222 885 262 Multi
900 225 1007 264 enim
1027 227 1080 266 ita
1100 230 1244 280 dicent,
1271 238 1279 254 ‘
1293 236 1356 275 De
1376 237 1444 277 illo

114 278 211 317 nihil
240 277 337 318 dixit
366 279 407 319 in
435 294 516 331 quo
544 296 618 333 ego
644 284 800 325 interfui
815 301 827 336 ,-
854 288 960 329 illam
985 290 1166 334 iniuriam
1200 311 1282 336 non
1316 301 1443 352 attigit

112 356 215 394 quae
242 343 340 382 mihi
367 352 435 384 aut
463 359 566 397 quae
592 349 723 389 amico
752 365 843 391 meo
877 355 980 394 facta
1012 365 1081 405 est,
1113 360 1258 409 quibus
1293 376 1367 414 ego
1400 366 1440 404 in

110 408 226 447 rebus
246 408 402 448 interfui
415 412 433 449 '.
485 412 562 451 His
582 414 769 455 omnibus
788 417 856 468 qui
876 418 986 459 istius
1006 421 1164 463 iniurias
1184 437 1340 476 norunt,
1363 431 1440 470 hoc

71 486 88 516 5
108 479 167 511 est
200 475 350 524 populo
383 476 571 516 Romano
604 479 797 529 universo,
829 497 893 522 me
923 487 1177 529 vehementer
1209 503 1437 535 excusatum

107 538 197 575 volo
224 550 306 576 non
335 540 581 590 neglegentia
616 557 705 582 mea
734 547 816 585 fore
850 556 891 586 ut
922 552 1044 590 multa
1072 562 1325 606 praeteream,
1366 562 1436 599 sed

105 603 214 651 quod
251 602 326 641 alia
364 604 530 645 testibus
569 607 718 659 integra
756 614 940 653 reservari
974 617 1105 666 velini,
1140 623 1264 661 multa
1301 632 1433 664 autem

103 673 262 716 propter
298 667 490 708 rationem
538 672 737 713 brevitatis
774 690 821 714 ac
860 681 1047 729 temporis
1086 687 1434 733 praetermittenda

102 730 330 770 existimem.
392 735 562 774 Fatebor
590 737 708 776 etiam
739 739 836 780 illud
866 742 1022 793 invitus,
1052 760 1115 786 me
1144 762 1316 799 prorsus,
1340 766 1431 792 cum

41 792 172 833 miste
200 804 392 845 punctum
424 800 611 850 temporis
639 805 792 843 nullum
826 819 993 847 vacuum
1026 821 1191 860 peccato
1222 818 1431 865 praeterire

97 872 235 909 passus
256 861 315 909 sit,
341 863 476 902 omnia
496 878 597 915 quae
627 868 677 906 ab
698 868 773 908 isto
803 872 1014 913 commissa
1045 875 1122 915 sint
1142 891 1223 917 non
1253 882 1429 930 potuisse

96 936 345 974 cognoscere.
405 929 658 980 Quapropter
687 932 741 971 ita
775 948 839 974 me
871 937 921 976 de
954 947 1158 988 praeturae
1196 944 1427 987 criminibus

93 987 272 1029 auditote
298 997 341 1029 ut
367 1004 414 1030 ex
439 1000 605 1043 utroque
631 1009 785 1046 genere,
809 1006 847 1037 et
872 1000 964 1039 iuris
992 1003 1151 1044 dicendi
1173 1014 1211 1045 et
1231 1017 1424 1051 sartorum

92 1059 286 1093 tectorum
320 1055 613 1107 exigendorum,
647 1074 694 1100 ea
726 1065 933 1113 postuletis
967 1080 1069 1117 quae
1103 1071 1272 1112 maxime
1304 1075 1424 1126 digna

33 1129 69 1162 15
90 1117 168 1156 sint
197 1131 246 1157 eo
274 1133 342 1158 reo
370 1120 433 1159 cui
464 1135 626 1171 parvum
658 1138 704 1164 ac
736 1128 935 1169 mediocre
965 1132 1070 1171 obici
1100 1135 1198 1174 nihil
1229 1147 1418 1188 oporteat.

89 1182 194 1222 Nam
214 1190 258 1222 ut
285 1193 440 1234 praetor
466 1188 592 1227 factus
622 1199 695 1240 est,
715 1192 783 1242 qui
812 1195 1016 1246 auspicato
1045 1212 1067 1237 a
1089 1200 1313 1243 Chelidone
1343 1220 1421 1246 sur·
1445 1225 1505 1257 104

86 1247 256 1296 rexisset,
279 1257 424 1290 sortem
445 1260 584 1292 nactus
604 1263 663 1294 est
688 1257 861 1298 urbanae
888 1263 1112 1310 provinciae
1134 1267 1256 1318 magis
1278 1283 1324 1308 ex
1349 1285 1419 1311 sua

85 1311 398 1365 Chelidonisque
429 1329 549 1367 quam
588 1332 635 1358 ex
672 1323 809 1372 populi
850 1325 1023 1365 Romani
1061 1331 1274 1372 voluntate.
1336 1337 1416 1385 Qui

83 1376 277 1429 principio
297 1380 422 1430 qualis
442 1381 482 1420 in
504 1383 637 1423 edicto
657 1388 938 1430 constituendo
959 1393 1073 1432 fuerit
1093 1398 1330 1446 cognoscite.

23 1453 64 1477 πο
136 1443 179 1483 P.
214 1444 370 1484 Annius
404 1449 561 1488 Asellus
594 1459 770 1491 mortuus
804 1462 863 1494 est
896 1457 940 1496 C.
978 1459 1190 1500 Sacerdote
1221 1472 1410 1513 praetore.
1434 1477 1479 1514 41

82 1507 122 1546 Is
152 1521 242 1548 cum
277 1510 439 1550 haberet
472 1513 628 1554 unicam
663 1517 782 1557 filiam
815 1533 946 1571 neque
980 1536 1121 1563 census
1156 1536 1268 1575 esset,
1303 1533 1412 1580 quod

77 1581 363 1614 eum—natura
377 1576 616 1629 hortabatur,
634 1582 695 1620 lex
709 1585 817 1623 nulla
829 1586 1213 1635 prohibebat—fecit
1231 1601 1272 1632 ut
1289 1595 1409 1635 filiam

76 1636 191 1677 bonis
220 1639 299 1678 suis
328 1641 516 1682 heredem
547 1644 776 1687 institueret.
839 1652 969 1691 Heres
1007 1662 1089 1693 erat
1129 1656 1217 1696 filia.
1279 1660 1410 1701 Facie-

74 1701 171 1742 bant
203 1704 337 1744 onmia
374 1719 466 1746 cum
505 1710 665 1760 pupilla,
699 1714 794 1764 legis
833 1716 1020 1767 aequitas,
1055 1722 1236 1762 voluntas
1274 1727 1405 1775 patris,

15 1776 52 1808 25
73 1767 202 1807 edicta
222 1777 460 1821 praetorum,
480 1779 730 1817 consuetudo
754 1780 846 1820 iuris
868 1782 951 1821 eius
972 1787 1081 1834 quod
1102 1795 1183 1827 erat
1209 1796 1292 1829 tum
1313 1804 1405 1831 cum

71 1832 227 1871 Asellus
274 1842 332 1874 est
378 1846 567 1878 mortuus.
641 1843 722 1882 Iste
766 1854 921 1895 praetor
968 1850 1403 1901 designatus-utrum
1427 1871 1485 1904 105

68 1897 294 1938 admonitus
323 1914 374 1939 an
403 1910 617 1954 temptatus
643 1921 704 1955 an,
728 1922 806 1959 qua
834 1920 893 1950 est
921 1912 1005 1963 ipse
1035 1918 1243 1966 sagacitate
1272 1919 1312 1958 in
1341 1921 1401 1960 his

68 1961 194 2009 rebus,
217 1962 302 2003 sine
321 1966 425 2006 duce
445 1970 536 2016 ullo,
559 1970 643 2010 sine
664 1971 795 2013 indice
819 1979 1039 2025 pervenerit
1060 1982 1111 2019 ad
1134 1982 1235 2021 hanc
1257 1983 1400 2035 impro-

106 2073 126 2103 3
151 2071 291 2100 autom.
315 2067 385 2100 LK
478 2073 511 2104 in
529 2084 593 2108 om.
614 2074 694 2115 621<
828 2090 847 2116 4
872 2078 911 2110 iis
926 2079 989 2111 SD
1120 2085 1140 2115 8
1164 2085 1254 2117 brev.
1276 2092 1336 2119 rat.
1356 2087 1396 2128 G¹

67 2116 104 2146 13
128 2110 294 2150 eprsc.
310 2112 412 2146 Prisc.
426 2117 444 2146 δ
460 2127 467 2147 z
490 2127 558 2150 om.
576 2117 671 2150 ΞΒΨ
816 2121 951 2154 dicendi
969 2123 1054 2167 SDp
1073 2126 1175 2159 Prisc.
1195 2140 1201 2159 ε
1227 2130 1363 2162 dicundi
1380 2134 1398 2163 δ

67 2159 104 2190 15
127 2158 186 2184 aut
201 2154 303 2188 Prisc.
438 2160 521 2190 nihil
538 2167 694 2202 oporteat
711 2162 863 2204 DpZS²:
898 2167 1003 2199 nihilo
1028 2175 1163 2209 poterat
1180 2171 1223 2203 S¹
1244 2173 1283 2213 (i,
1303 2177 1318 2212 ξ
1339 2179 1394 2214 75)

62 2214 105 2236 20
127 2206 165 2238 C.
184 2207 318 2258 Annius
338 2212 426 2244 codd.
445 2224 452 2244 :
475 2225 554 2246 corr.
572 2215 762 2258 Naugerius
779 2218 815 2259 (i,
837 2221 853 2256 ξ
874 2229 953 2259 107:
981 2222 1012 2261 ii,
1035 2226 1050 2261 §
1069 2225 1127 2265 21)
1235 2246 1242 2254 .
1258 2223 1320 2267 p—R
1334 2248 1341 2256 .
1359 2229 1395 2260 D

59 2270 151 2300 corr„
171 2262 236 2294 Zr:
260 2262 347 2306 p¹rp
363 2277 370 2297 ε
395 2277 436 2307 -p
450 2286 456 2294 ·
470 2265 501 2299 P
518 2269 583 2300 SD
594 2273 703 2311 primo
800 2283 842 2303 22
867 2283 941 2304 eum
956 2274 1145 2319 SDKZpr:
1171 2291 1245 2312 cum
1257 2292 1297 2321 q:
1322 2293 1388 2315 om.

58 2302 77 2331 b
92 2304 160 2337 edd.
273 2318 315 2348 23
338 2312 451 2341 omnia
467 2312 634 2345 faciebant
649 2325 690 2355 qr
796 2325 837 2353 24
863 2317 974 2356 puella
990 2319 1093 2352 Prisc.
1178 2323 1264 2364 legis
1281 2325 1368 2366 SDp
1383 2337 1389 2356 ε

59 2346 152 2386 leges
181 2349 282 2382 Prtlsc.
464 2358 507 2387 26
531 2363 682 2389 mortuus
706 2363 760 2389 est
784 2358 839 2389 Κν
1003 2372 1043 2402 27
1067 2374 1109 2395 an
1135 2370 1319 2407 temptatus
1339 2374 1387 2410 p:

56 2394 260 2431 atemptatus
285 2395 376 2436 (att).
402 2397 496 2429 SD?
585 2402 659 2441 ipse
676 2400 793 2442 33pr
811 2414 817 2432 :
842 2403 906 2434 iste
923 2405 959 2435 bs
