1600 2704
339 383 408 432 M.
453 383 671 431 TVLLI
724 382 1125 430 CICERONIS

136 497 574 553 ACTIONIS
644 497 746 550 IN
814 496 878 552 C.
938 496 1329 551 VERREM

484 588 981 643 SECVNDAE

496 706 669 745 LIBER
708 707 970 756 QVARTVS

253 809 364 864 QVI
407 808 820 852 INSCRIBITVR
860 809 948 850 DE
990 807 1204 852 SIGNIS

119 936 261 973 VENlo
299 948 406 974 nunc
436 936 488 974 ad
514 935 635 983 istius,
661 949 780 986 quern
811 936 863 974 ad
895 936 1059 973 modum
1095 935 1178 984 ipse
1211 936 1394 985 appellat,
1416 928 1432 953 ¹

65 999 255 1047 studium,
293 1007 335 1038 ut
373 999 490 1038 amici
529 1000 623 1047 eius,
665 1000 847 1038 morbum
887 1008 926 1038 et
955 999 1161 1045 insaniam,
1192 1008 1232 1037 ut
1263 999 1395 1046 Siculi,
1422 986 1430 1006 ¹

65 1063 339 1112 latrocinium,-
368 1077 441 1114 ego
472 1077 553 1114 quo
576 1065 738 1103 nomine
764 1065 960 1114 appellem
988 1064 1148 1110 nescio:
1179 1077 1258 1102 rem
1284 1064 1396 1102 vobis

64 1141 296 1179 proponam,
329 1142 398 1167 vos
429 1141 517 1167 earn
549 1142 621 1167 suo
655 1142 736 1167 non
770 1128 942 1167 nominis
972 1129 1148 1177 pondere
1178 1128 1394 1178 penditote.

25 1209 42 1242 5
64 1195 200 1233 Genus
221 1193 350 1244 ipsum
371 1193 476 1244 prius
497 1193 734 1243 cognoscite,
758 1193 908 1231 iudices
928 1208 937 1240 ς
965 1194 1111 1232 deinde
1132 1195 1294 1232 fortasse
1315 1208 1394 1232 non

63 1272 207 1309 magno
226 1272 345 1308 opere
370 1259 566 1309 quaeretis
587 1272 667 1309 quo
688 1258 729 1297 id
751 1258 913 1297 nomine
933 1260 1215 1309 appellandum
1237 1259 1393 1309 putetis.

63 1325 178 1373 Nego
197 1323 237 1361 in
258 1323 390 1362 Sicilia
410 1331 503 1371 tota,
526 1332 605 1362 tarn
628 1323 826 1374 locupleti,
850 1332 929 1362 tam
952 1332 1080 1362 vetere
1102 1324 1313 1373 provincia,
1338 1332 1395 1363 tot

62 1387 230 1439 oppidis,
267 1396 325 1427 tot
358 1388 515 1427 familiis
547 1396 626 1427 tarn
659 1388 841 1438 copiosis,
883 1389 1007 1426 ullum
1045 1397 1273 1439 argenteum
1313 1403 1391 1435 ηις,

62 1454 186 1492 ullum
208 1453 459 1493 Corinthium
479 1461 546 1492 aut
570 1453 777 1492 Deliacum
802 1454 932 1501 fuisse,
957 1455 1075 1491 ullam
1103 1467 1300 1503 gemmam
1327 1462 1394 1492 aut

5 1535 43 1559 10
61 1518 319 1569 margaritam,
343 1519 556 1569 quicquam
592 1532 639 1557 ex
668 1530 764 1557 auro
797 1526 864 1557 aut
898 1519 1017 1557 ebore
1049 1520 1205 1566 factum,
1238 1519 1392 1569 signum

61 1586 183 1622 ullum
199 1598 378 1632 aeneum,
403 1598 677 1631 marmoreum,
693 1584 922 1632 eburneum,
942 1597 1044 1634 nego
1065 1585 1184 1622 ullam
1200 1583 1392 1634 picturam

60 1663 189 1700 neque
210 1649 249 1688 in
264 1650 398 1688 tabula
414 1663 543 1700 neque
561 1649 601 1687 in
622 1649 744 1688 textili
766 1648 862 1699 quin
883 1648 1149 1699 conquisierit,
1169 1649 1389 1699 inspexerit,

59 1716 167 1765 quod
206 1715 393 1765 placitum
433 1716 481 1753 sit
519 1713 733 1753 abstulerit.
812 1715 1004 1764 Magnum
1053 1713 1188 1752 videor
1234 1713 1364 1752 dicere
1384 1728 1390 1751 :
1413 1727 1428 1748 2

58 1779 250 1819 attendite
270 1780 387 1818 etiam
420 1793 539 1830 quem
561 1781 611 1819 ad
633 1781 798 1818 modum
819 1778 962 1818 dicam.
1032 1780 1124 1817 Non
1156 1778 1260 1817 enim
1283 1778 1390 1817 verbi

5 1859 39 1891 ¹5
59 1857 188 1894 neque
209 1844 381 1883 criminis
401 1845 572 1895 augendi
593 1858 711 1883 causa
732 1845 974 1895 complector
993 1844 1126 1882 omnia
1147 1859 1153 1881 :
1183 1857 1274 1882 cum
1300 1843 1391 1883 dico

58 1910 155 1949 nihil
189 1910 306 1949 istum
339 1909 422 1948 eius
454 1909 564 1948 modi
596 1923 724 1949 rerum
760 1909 799 1947 in
832 1918 913 1948 tota
944 1908 1145 1959 provincia
1175 1908 1387 1958 reliquisse,

59 1975 199 2014 Latine
225 1988 290 2013 me
316 1974 466 2022 scitote,
489 1987 570 2013 non
597 1973 839 2012 accusatorie
868 1973 987 2023 loqui.
1050 1973 1179 2010 Etiam
1211 1972 1391 2022 planius:

58 2039 153 2078 nihil
183 2039 224 2077 in
250 2038 416 2078 aedibus
446 2038 690 2088 cuiusquam,
715 2051 765 2076 ne
785 2038 825 2075 in
846 2038 1004 2087 lzospt'tzk
1025 2036 1198 2087 quidem,
1222 2037 1320 2075 nihil
1350 2037 1390 2075 in

99 2143 121 2173 6
145 2152 266 2182 magno
290 2152 394 2182 opere
419 2141 453 2172 R
479 2140 526 2180 (v,
546 2144 583 2179 ξς
614 2151 685 2180 107,
715 2151 794 2180 174;
827 2141 864 2181 cf.
885 2141 926 2180 iv,
957 2144 972 2178 ξ
994 2151 1030 2180 17
1049 2146 1143 2172 tanto
1160 2151 1262 2180 opere
1281 2141 1390 2182 RV):

58 2196 262 2226 magnopere
277 2184 418 2225 SHp(1·‚
440 2188 455 2223 ξ
474 2195 534 2224 233
559 2184 592 2223 ii,
612 2185 633 2223 i,
659 2189 673 2222 ξ
698 2185 774 2223 108)
910 2194 927 2223 7
953 2185 1110 2224 locupleti
1128 2183 1270 2225 RSHp:
1297 2185 1387 2216 locu-

58 2230 147 2269 plete
164 2231 180 2260 δ
198 2230 254 2269 (ἐξ
273 2240 326 2270 29.
346 2230 389 2267 46
405 2228 509 2269 infra)
641 2238 662 2267 9
686 2238 774 2267 nego
791 2228 892 2258 ullam
904 2233 948 2268 p:
974 2228 1098 2259 nullam
1116 2228 1152 2259 K
1167 2229 1220 2267 (nt
1234 2228 1325 2259 Serv.
1345 2228 1394 2259 ad

0 2287 1 2314 i
63 2273 153 2313 Verg.
172 2273 257 2304 Aen.
278 2272 298 2303 i.
317 2274 391 2311 655,
410 2276 440 2302 et
454 2271 650 2302 Lactantius
670 2270 826 2302 Plaa'dus
842 2271 889 2302 ad
904 2271 988 2303 Stat.
1011 2271 1103 2303 Theb.
1123 2272 1166 2304 vi.
1182 2272 1242 2312 63)
1352 2282 1389 2302 12

0 2320 2 2363 l
59 2326 167 2356 neque
184 2316 217 2346 in
236 2315 343 2346 textili
362 2314 458 2355 G,L:
483 2325 592 2355 neque
616 2314 723 2346 textili
747 2314 871 2346 RSH:
903 2325 1014 2355 neque
1040 2315 1196 2347 textilem
1225 2316 1327 2347 fuisse
1346 2317 1390 2356 pb

0 2365 2 2387 ι
63 2360 100 2390 18
125 2359 270 2399 hospitis
283 2359 382 2400 Jeep:
408 2360 542 2399 oppidis
559 2358 649 2390 codd.
