1600 2704
81 132 123 170 Ῐ3
149 151 165 167 .»

84 313 121 344 33

79 833 122 863 34

82 1694 127 1731 14

87 1754 125 1785 35

152 137 187 159 τε
519 121 574 157 Μ.
608 119 776 157 TVLLI
808 118 1113 158 CICERONIS

145 232 353 278 amisisses,
391 238 474 269 tum
512 229 617 269 bona
655 236 721 267 tua
755 236 929 279 repetere
962 240 1008 266 ac
1043 227 1224 277 persequi
1259 227 1326 265 lite
1359 234 1478 276 atque

146 296 302 335 iudicio.
364 297 467 335 Cum
489 307 582 333 vero
602 294 722 332 verbo
744 292 933 331 iudicium
956 292 1003 330 sit
1025 292 1063 329 in
1087 291 1229 338 edicto,
1253 305 1292 330 re
1314 291 1475 341 quidem

145 374 234 399 vera
264 368 420 399 tuorum
452 359 653 405 comitum,
689 356 895 396 hominum
925 356 1268 406 nequissimorum,
1299 355 1477 393 conlusio

148 439 237 463 cum
252 424 494 471 decumanis,
511 423 626 462 sociis
648 422 724 460 tuis
740 430 859 471 atque
875 422 976 459 adeo
998 419 1326 470 procuratoribus,
1344 428 1475 458 tamen

145 492 267 529 audes
298 489 413 528 ullius
445 487 687 526 mentionem
717 486 837 524 iudici
865 487 1020 524 facere?
1059 485 1284 535 praesertim
1316 498 1406 522 cum
1437 483 1477 523 id
1498 497 1516 529 5

147 569 226 593 non
249 556 369 593 modo
394 552 571 592 oratione
600 565 688 589 mea
715 552 783 588 sed
813 550 930 588 etiam
961 564 1001 588 re
1029 549 1113 599 ipsa
1140 550 1344 595 refellatur,
1368 551 1477 598 quod

146 621 185 658 in
221 619 337 657 tantis
372 615 636 655 incommodis
672 623 869 653 aratorum
906 614 1134 664 iniuriisque
1165 616 1476 653 decumanorum

146 684 296 722 nullum
327 696 373 721 ex
402 681 478 720 isto
508 681 707 731 praeclaro
737 679 868 718 edicto
898 693 978 718 non
1007 680 1128 718 modo
1156 680 1303 718 facturn
1330 680 1399 717 sed
1429 693 1477 717 ne

147 749 387 798 postulatum
418 745 580 796 quidem
612 743 801 782 iudicium
833 744 1038 782 invenitur.

202 812 284 850 Erit
306 820 438 850 tamen
460 810 499 848 in
520 817 691 848 aratores
713 808 837 847 lenior
859 822 977 858 quam
998 809 1161 847 videtur.
1224 810 1327 847 Nam
1349 808 1416 858 qui
1437 807 1476 846 in

144 879 388 915 decumanos
409 873 558 925 octupli
581 872 770 912 iudicium
792 886 833 911 se
854 874 1036 911 daturum
1059 873 1188 920 edixit,
1212 872 1318 911 idem
1339 873 1476 911 habuit

145 942 183 980 in
220 941 352 980 edicto
386 954 428 979 se
462 939 502 977 in
534 946 726 977 aratorem
756 937 796 975 in
827 939 1090 988 quadruplum
1121 939 1315 976 daturum.
1377 937 1476 986 Quis

146 1008 250 1045 hunc
272 1007 391 1044 audet
412 1004 541 1043 dicere
563 1002 780 1042 aratoribus
805 1002 990 1041 infestum
1011 1010 1077 1041 aut
1103 1002 1307 1041 inimicum
1328 1002 1477 1041 fuisse?

145 1079 295 1122 quanto
324 1070 448 1109 lenior
479 1077 537 1108 est
566 1082 684 1119 quam
715 1068 754 1106 in
786 1068 1065 1118 publicanum!
1126 1068 1257 1107 Edixit
1287 1076 1339 1115 ut,
1367 1069 1475 1118 quod

145 1139 389 1176 decumanus
414 1135 601 1174 edidisset
629 1133 702 1171 sibi
732 1133 815 1172 dari
842 1141 1032 1182 oportere,
1057 1133 1096 1171 id
1116 1134 1168 1171 ab
1187 1141 1339 1172 aratore
1359 1131 1476 1183 magi-

146 1208 286 1239 stratus
321 1200 474 1238 Siculus
509 1198 687 1248 exigeret.
749 1197 857 1246 Quid
893 1206 950 1236 est
980 1197 1118 1247 reliqui
1148 1198 1268 1237 iudici
1298 1200 1407 1248 quod
1436 1197 1476 1235 in

145 1273 336 1304 aratorem
375 1263 457 1302 dari
502 1262 653 1314 possit?
718 1264 835 1302 ‘Non
879 1264 1025 1301 malum
1065 1264 1148 1309 est,⁷
1187 1263 1324 1313 inquit,
1371 1266 1477 1301 ‘esse

146 1331 259 1368 istam
290 1328 552 1375 formidinem,
582 1335 637 1375 ut,
665 1341 756 1366 cum
786 1335 965 1366 exactum
997 1328 1045 1366 sit
1073 1328 1124 1366 ab
1153 1336 1318 1371 aratore,
1344 1336 1476 1367 tamen

146 1408 196 1433 ne
234 1407 274 1432 se
313 1401 562 1433 commoveat
601 1392 772 1443 reliquus
808 1401 934 1431 metus
970 1393 1089 1431 iudici
1124 1393 1196 1431 sit.⁷
1254 1393 1292 1432 Si
1329 1393 1475 1432 iudicio

145 1460 200 1497 vis
236 1473 258 1497 a
294 1473 356 1497 me
385 1458 547 1508 exigere,
580 1471 737 1496 remove
767 1457 943 1496 Siculum
973 1457 1266 1507 magistratum:
1306 1457 1339 1496 si
1373 1460 1475 1497 hanc

145 1524 223 1561 vim
250 1523 427 1569 adhibes,
450 1523 546 1573 quid
572 1535 673 1572 opus
699 1530 757 1560 est
784 1522 961 1561 iudicio?
1018 1522 1118 1571 Quis
1145 1536 1262 1573 porro
1289 1523 1360 1561 erit
1380 1523 1474 1573 quin

146 1589 254 1627 malit
293 1588 523 1627 decumanis
563 1587 639 1626 tuis
679 1589 771 1626 dare
811 1589 918 1637 quod
962 1587 1226 1637 poposcerint,
1269 1601 1388 1638 quam
1426 1589 1477 1626 ab

145 1652 340 1692 adseculis
371 1653 446 1691 tuis
477 1654 698 1702 quadruplo
728 1653 1014 1691 condemnari?

203 1719 275 1755 Illa
308 1730 400 1756 vero
438 1719 635 1768 praeclara
673 1725 731 1756 est
770 1719 945 1756 clausula
983 1718 1112 1764 edicti,
1149 1719 1258 1767 quod
1298 1719 1474 1757 omnium

147 1782 499 1820 controversiarum
521 1796 623 1831 quae
648 1790 777 1820 essent
804 1782 905 1820 inter
923 1790 1115 1821 aratorem
1137 1789 1175 1820 et
1195 1783 1473 1830 decumanum,

147 1847 177 1884 si
213 1854 298 1885 uter
331 1846 431 1893 velit,
470 1847 588 1885 edicit
628 1861 670 1886 se
709 1855 1000 1897 recuperatores
1040 1848 1234 1885 daturum.
1302 1848 1475 1886 Primum

147 1925 248 1961 quae
287 1920 416 1962 potest
455 1926 541 1951 esse
580 1912 854 1959 controversia,
893 1926 983 1951 cum
1019 1911 1050 1950 is
1085 1911 1151 1961 qui
1192 1920 1323 1962 petere
1358 1913 1476 1951 debet

147 1978 280 2023 aufert,
305 1985 343 2016 et
370 1991 460 2016 cum
489 1977 518 2015 is
547 1991 627 2015 non
649 1986 841 2026 quantum
869 1978 1035 2016 debetur
1062 1978 1131 2015 sed
1160 1985 1351 2027 quantum
1374 1991 1477 2016 com-

150 2043 311 2080 modum
351 2051 409 2081 est
446 2044 582 2089 aufert,
619 2042 683 2080 ille
721 2051 853 2080 autem
888 2044 994 2082 unde
1028 2044 1202 2081 ablatum
1238 2050 1296 2081 est
1330 2042 1475 2081 iudicio

149 2121 262 2145 suum
284 2121 512 2158 recuperare
533 2109 642 2146 nullo
666 2109 786 2146 modo
808 2110 966 2157 potest?
1024 2108 1180 2147 Deinde
1197 2109 1236 2146 in
1258 2110 1333 2146 hoc
1354 2109 1475 2146 homo

193 2221 212 2241 2
237 2221 271 2240 re
290 2221 370 2241 vera
388 2212 522 2250 quidem
544 2212 573 2242 O
706 2220 724 2250 5
751 2216 853 2243 ment.
875 2212 975 2243 iudici
996 2212 1069 2243 Orrk
1086 2212 1198 2252 (prob.
1221 2210 1298 2242 Zz'el.
1314 2217 1348 2252 p.
1374 2213 1448 2251 195³}
1467 2222 1473 2242 τ

150 2255 216 2285 iud.
236 2259 337 2285 ment.
357 2255 421 2285 rell.
520 2257 585 2293 6e9
609 2255 700 2293 quod
717 2279 724 2285 .
747 2280 753 2286 .
773 2280 778 2285 .
797 2255 965 2286 invenitur
980 2255 1049 2286 cO:
1074 2266 1147 2286 cum
1169 2279 1176 2286 .
1198 2279 1204 2286 .
1224 2280 1229 2286 .
1249 2255 1476 2295 inveniaturp

151 2297 214 2329 rell.
343 2300 381 2327 16
405 2302 456 2327 est
475 2297 591 2336 reliqui
608 2309 624 2327 c
641 2297 708 2339 [F]
723 2304 748 2338 j)
765 2298 828 2329 rell.
850 2310 857 2329 :
882 2299 999 2338 reliqui
1018 2304 1070 2330 est
1089 2299 1120 2330 Ο
1234 2308 1270 2337 17
1295 2300 1402 2337 possit
1422 2298 1452 2329 Ο
1469 2310 1474 2328 z

150 2346 264 2380 posset
283 2340 346 2370 rell.
368 2341 428 2378 fiii,
451 2344 465 2377 ξ
488 2343 557 2378 140*
696 2351 734 2371 21
761 2341 840 2380 quin
860 2342 923 2372 uk:
947 2343 1001 2381 qui
1022 2342 1075 2373 O:
1099 2342 1153 2381 qui
1172 2352 1239 2373 non
1258 2342 1320 2372 rell.
1435 2352 1475 2380 23

150 2384 335 2424 quadruplo
353 2382 400 2413 cO
416 2395 421 2413 :
445 2384 621 2422 quadrupli
641 2383 704 2415 rell.

1500 823 1538 844 10

1500 1148 1536 1179 15

1497 1471 1539 1493 20

1500 1798 1537 1830 25

1497 2120 1536 2150 30
