1600 2704
97 109 143 144 41
163 115 205 148 90
536 102 591 139 M.
625 102 793 140 TVLLI
824 101 1132 142 clcERoms

165 210 237 249 sibi
262 219 420 261 propter
451 211 662 250 Marcellos
687 210 824 250 altiore
853 211 970 250 etiarn
997 211 1081 250 basi
1110 211 1205 262 poni
1229 211 1403 259 iusserat,
1430 213 1496 252 de-

90 285 145 322 42
165 275 370 314 turbarunt
400 275 515 314 simul
539 289 585 314 ac
606 289 832 315 successum
862 276 924 315 isti
948 276 1167 315 audierunt,
1228 276 1351 316 Dedit
1380 276 1496 328 igitur

102 544 139 575 91

98 1193 138 1223 92

164 339 234 378 tibi
269 353 374 378 nunc
413 341 567 379 fortuna
607 340 825 379 Siculorum
864 341 909 380 C.
952 342 1184 379 Marcellum
1223 340 1407 392 iudicem,
1440 350 1495 390 ut,

164 404 274 442 cuius
305 406 357 444 ad
387 412 555 443 statuam
587 404 706 443 Siculi
736 412 774 444 te
805 412 982 455 praetore
1011 404 1280 454 alligabantur,
1303 405 1387 444 eius
1414 405 1498 445 reli·

164 469 281 520 gione
302 478 340 508 te
360 470 420 507 lzz's
439 470 624 508 iudicibus
643 469 819 508 vinctum
840 468 1151 519 adstrictumque
1178 470 1384 510 dedamus,

218 536 277 572 Ac
299 534 436 584 primo,
459 532 621 577 iudices,
643 534 719 572 hoc
740 532 894 583 signum
916 533 1088 572 Mercuri
1108 533 1265 572 dicebat
1295 535 1367 573 iste
1394 535 1498 584 Tyn—

163 597 362 636 daritanos
399 598 453 634 M.
493 597 684 635 Marcello
721 596 813 635 huic
844 597 1064 636 Aesernino
1102 597 1338 646 vendidisse,
1377 606 1497 649 atque

164 663 240 699 hoc
286 674 355 699 sua
385 673 503 699 causa
532 662 650 699 etiam
682 661 737 698 M.
769 662 1002 700 Marcellum
1031 661 1161 711 ipsum
1191 663 1372 712 sperabat
1411 676 1497 702 esse

163 725 359 763 dicturum
379 740 389 773 3
436 726 544 775 quod
583 724 679 763 mihi
718 737 936 775 numquam
976 726 1054 764 veri
1093 726 1218 765 simile
1257 727 1383 766 visum
1424 736 1494 776 est,

163 792 459 829 adulescentem
493 789 560 828 illo
595 791 685 828 loco
716 797 865 837 natum,
901 797 1111 841 patronum
1146 791 1312 839 Siciliae,
1348 805 1495 832 nomen

163 867 277 892 suum
326 853 387 892 isti
443 855 494 893 ad
553 854 847 893 translationem
904 854 1078 894 criminis
1138 857 1494 896 commodaturum.

164 922 312 958 Verum
343 927 475 959 tamen
505 919 559 958 ita
579 918 675 957 mihi
696 932 756 958 res
776 925 859 958 tota
884 919 1039 969 provisa
1064 926 1183 970 atque
1210 928 1418 970 praecauta
1438 929 1497 961 est

164 992 220 1027 ut,
237 984 266 1022 si
289 983 458 1023 maxime
479 991 581 1023 esset
602 983 784 1023 inventus
805 983 873 1034 qui
886 983 926 1021 in
943 997 984 1023 se
998 983 1195 1035 suscipere
1208 984 1318 1024 istius
1340 987 1496 1036 culpam

163 1049 392 1098 crimenque
421 1056 593 1098 cuperet,
629 1056 762 1087 tamen
795 1047 827 1086 is
858 1049 1047 1098 proficere
1080 1048 1177 1087 nihil
1212 1057 1355 1099 posset.
1416 1051 1496 1088 Eos

163 1113 269 1152 enim
291 1112 435 1152 deduxi
457 1112 565 1151 testis
587 1120 625 1151 et
645 1126 710 1152 eas
731 1111 876 1152 litteras
897 1112 1100 1162 deportavi
1121 1120 1163 1151 ut
1183 1114 1233 1152 de
1254 1113 1364 1152 istius
1391 1114 1495 1152 facto

163 1177 330 1216 dubium
363 1190 448 1215 esse
468 1176 617 1216 nemini
649 1176 782 1227 possit.
842 1176 1030 1216 Publicae
1059 1177 1208 1216 litterae
1239 1185 1330 1216 sunt
1359 1179 1496 1228 depor-

162 1250 287 1281 tatum
315 1241 557 1281 Mercurium
584 1254 670 1280 esse
697 1242 925 1280 Messanam
955 1249 1114 1292 sumptu
1141 1241 1329 1292 public03
1359 1242 1496 1281 dicunt

162 1306 299 1357 quanti
315 1321 325 1354 3
364 1305 577 1356 praefuisse
606 1305 699 1344 huic
728 1305 888 1356 negotio
925 1305 1083 1356 publice
1116 1308 1289 1357 legatum
1321 1308 1496 1346 Poleam.

163 1372 305 1421 Quid?
344 1373 375 1409 is
405 1370 473 1409 ubi
512 1371 602 1409 est?
659 1372 820 1409 Praesto
849 1377 918 1418 est,
948 1370 1057 1409 testis
1086 1377 1156 1409 est.
1216 1370 1401 1421 Proagori
1430 1369 1496 1410 So-

162 1436 260 1487 patri
287 1436 405 1474 iussu.
466 1434 567 1483 Quis
599 1442 656 1473 est
683 1434 777 1473 hic?
834 1434 914 1483 Qui
933 1436 985 1474 ad
1005 1442 1173 1473 statuam
1193 1435 1402 1474 adstrictus
1423 1442 1493 1474 est.

163 1502 301 1551 Quid?
330 1500 361 1539 is
383 1499 450 1539 ubi
471 1501 559 1539 est?
614 1499 778 1538 Vidistis
799 1500 1002 1538 hominem
1023 1507 1061 1539 et
1076 1500 1195 1539 verba
1214 1501 1297 1539 eius
1317 1499 1492 1539 audistis.

164 1566 475 1606 Demoliendum
496 1564 644 1603 curavit
666 1563 892 1603 Demetrius
912 1563 1244 1614 gymnasiarchus‚
1267 1565 1376 1614 quod
1398 1563 1429 1602 is
1460 1563 1496 1603 ei

162 1634 251 1669 loco
281 1637 465 1680 praeerat.
526 1628 668 1678 Quid?
697 1629 773 1667 hoc
793 1641 867 1667 nos
887 1628 1086 1667 dicimus?
1143 1630 1274 1668 Immo
1294 1642 1386 1668 vero
1413 1629 1496 1680 ipse

161 1708 355 1745 praesens.
417 1697 571 1732 Romae
595 1706 720 1743 nuper
746 1694 876 1741 ipsum
904 1694 1021 1731 istum
1049 1705 1134 1731 esse
1163 1692 1381 1742 pollicitum
1410 1706 1495 1733 sese

160 1761 201 1798 id
224 1760 379 1809 signum
400 1757 535 1808 legatis
556 1758 800 1796 redditurum
823 1756 853 1795 si
874 1756 957 1795 eius
978 1756 1031 1796 rei
1052 1757 1274 1796 testificatio
1295 1759 1496 1797 tolleretur

161 1832 402 1873 cautumque
423 1829 525 1861 esset
547 1834 614 1860 eos
636 1821 906 1860 testimonium
934 1834 1015 1859 non
1042 1834 1128 1860 esse
1153 1821 1495 1869 dicturos‚-dixit

205 1938 224 1957 2
250 1935 442 1958 successum
462 1935 536 1956 esse
555 1937 576 1954 π
672 1924 773 1964 igitur
790 1923 849 1955 tibi
869 1933 958 1954 nunc
976 1922 1030 1954 R:
1058 1933 1146 1954 nunc
1165 1923 1265 1963 igitur
1283 1924 1340 1955 tibi
1359 1923 1408 1956 S:
1436 1925 1494 1956 tibi

163 1982 227 2001 om.
260 1982 280 1999 π
308 1972 343 2011 (ξ
366 1970 409 2000 80
435 1967 553 2009 supra)
685 1979 703 2006 4
731 1968 803 1998 eius
827 1966 990 2006 religione
1018 1969 1052 1997 te
1076 1967 1129 1998 his
1155 1967 1323 1998 iudicibus
1347 1968 1494 1999 vinctum

162 2014 275 2053 smpsi
292 2014 342 2054 (cs.
362 2013 408 2045 Cl.
429 2011 509 2043 Rev.
531 2011 623 2050 xviii,
646 2021 676 2050 p.
698 2011 797 2050 211):
824 2011 896 2041 eius
914 2009 1076 2049 religione
1095 2015 1128 2041 te
1148 2011 1201 2041 isti
1220 2011 1412 2042 devinctum
1431 2011 1496 2042 Rs

166 2058 234 2088 sisti
263 2067 303 2088 sc.
331 2056 430 2087 indici
457 2055 634 2085 Marcello?
660 2054 804 2090 Ηαίηήε
842 2053 914 2084 eius
936 2053 1093 2092 religioni
1121 2059 1155 2084 te
1180 2054 1326 2084 eundem
1346 2054 1493 2085 vinctum

160 2102 209 2139 pfl.
261 2099 370 2130 Locus
388 2099 475 2130 varie
491 2098 700 2129 emendatus:
727 2097 801 2127 eius
819 2096 984 2135 religione
1002 2101 1035 2128 te
1054 2096 1154 2127 zsdem
1170 2097 1360 2127 devinctum
1378 2096 1489 2129 Muell.

165 2143 272 2179 reditio
291 2144 402 2173 minor
413 2143 529 2182 1898):
557 2142 628 2172 istis
649 2142 702 2181 (sc.
715 2139 852 2181 Siculis)
870 2140 1015 2179 Zumpt:
1042 2140 1115 2170 eius
1137 2140 1293 2179 religioni
1312 2145 1345 2171 te
1364 2141 1495 2171 testibus

164 2187 234 2216 istis
259 2187 333 2217 dev.
363 2185 549 2224 Lehmann,
581 2190 613 2215 te
643 2185 753 2224 ipsum
780 2184 855 2214 dev.
882 2181 980 2222 Nohl,
1011 2188 1044 2214 te
1070 2183 1155 2222 ψεῖ.
1174 2206 1181 2214 .
1202 2207 1209 2214 .
1236 2184 1361 2214 dedant
1388 2184 1492 2223 Kays.

166 2239 185 2267 5
211 2229 471 2268 adstrictumque
503 2229 537 2258 ὃς
578 2227 866 2266 abstrinctumque
894 2230 938 2265 p:
975 2226 1250 2266 adscriptumque
1278 2226 1312 2257 R
1329 2238 1336 2257 ε
1374 2227 1494 2257 asscri-

165 2278 327 2311 ptumque
340 2271 369 2302 S
460 2280 496 2308 14
521 2270 565 2301 nil
582 2270 748 2308 Zielinski,
756 2274 790 2310 p.
808 2270 868 2308 178
961 2270 999 2299 16
1023 2269 1129 2308 possit
1141 2270 1200 2309 qk:
1225 2275 1339 2309 posset
1353 2269 1416 2300 RS
1429 2269 1490 2301 rell.

170 2326 204 2354 17
233 2315 347 2345 dicunt
359 2315 422 2354 pb:
450 2314 560 2345 dicent
581 2313 645 2344 RS
798 2323 841 2344 20
866 2311 951 2350 Quis
965 2335 973 2344 .
991 2335 998 2344 .
1022 2336 1029 2342 .
1048 2313 1225 2343 adstrictus
1241 2318 1292 2343 est
1309 2312 1367 2344 del.
1388 2313 1492 2352 Kays.

165 2369 203 2388 21
234 2357 345 2397 Quid?
372 2358 399 2387 is
419 2357 471 2387 ubi
491 2363 542 2388 est
561 2356 618 2388 del.
634 2355 797 2395 Schwabe,
814 2355 936 2395 Jacoby
1024 2365 1066 2394 25
1091 2365 1168 2386 esse
1187 2356 1392 2386 redditurum
1407 2361 1432 2395 p
1450 2356 1490 2386 al.

1517 482 1534 514 5

1517 806 1557 830 10

1517 1128 1554 1160 Ῑ5

1516 1449 1556 1472 20

1514 1768 1555 1801 25

1577 1610 1582 1756 l

1576 1776 1582 1896 ,ἔ

1575 1902 1580 2004 z
