1600 2704
134 112 158 140 2
177 118 197 148 4
542 97 598 134 M.
629 95 797 134 TVLLI
830 91 1134 134 CICERONIS

177 213 284 265 gium
305 210 480 251 libidinis
503 215 710 260 appareat:
742 206 875 246 omnia
894 212 1093 256 postremo
1115 214 1215 252 quae
1235 199 1442 240 vindicaris
1462 199 1502 237 in

177 280 300 317 altero
338 276 410 316 tibi
443 275 518 326 ipsi
551 275 804 313 vehementer
841 270 1026 321 fugienda
1064 275 1164 306 sunt.
1225 265 1384 304 Etenim
1422 277 1503 303 non

178 344 301 382 modo
334 347 550 386 accusator,
585 338 656 377 sed
694 350 744 376 ne
781 335 1005 385 obiurgator
1038 332 1200 382 quidem
1231 331 1415 369 ferendus
1447 336 1504 366 est

178 408 210 446 is
235 407 317 458 qui,
336 406 446 456 quod
473 404 511 443 in
536 404 659 442 altero
679 400 816 440 vitium
846 397 1107 450 reprehendit,
1130 396 1170 434 in
1197 408 1246 434 eo
1269 394 1352 445 ipse
1382 405 1505 443 repre-

143 490 159 520 5
180 472 374 511 henditur.
436 471 521 520 Ego
542 468 581 506 in
606 480 687 506 uno
707 465 869 505 homine
893 463 1026 503 omnia
1046 461 1138 500 vitia
1159 473 1258 510 quae
1279 465 1444 509 possunt
1464 457 1504 495 in
1525 467 1544 499 5

180 537 342 576 homine
376 534 530 584 perdito
560 531 788 580 nefarioque
821 542 906 568 esse
935 526 1205 578 reprehendo;
1239 525 1391 562 nullum
1421 534 1506 560 esse

181 602 271 641 dico
295 598 486 638 indicium
510 595 686 636 libidinis
710 593 865 634 sceleris
885 591 1072 631 audaciae
1093 590 1202 640 quod
1228 602 1309 627 non
1336 587 1376 625 in
1397 586 1507 625 istius

181 665 296 704 unius
317 664 395 701 vita
415 660 635 713 perspicere
659 658 826 710 possitis.
887 658 990 707 Ergo
1012 655 1051 693 in
1072 654 1146 693 isto
1167 666 1233 692 reo
1254 654 1380 703 legem
1405 652 1508 689 hanc

182 729 291 777 mihi,
321 727 482 773 iudices,
515 732 659 772 statuo,
688 723 902 762 vivendum
923 721 976 759 ita
1006 732 1090 759 esse
1115 725 1157 757 ut
1187 717 1250 756 isti
1274 729 1355 755 non
1385 716 1506 754 modo

181 794 292 833 factis
320 792 514 842 dictisque
545 788 742 835 omnibus,
774 788 844 826 sed
873 785 990 825 etiam
1021 783 1096 823 oris
1126 783 1410 831 oculorumque
1443 779 1508 818 illa
1531 794 1569 816 ιο

183 858 431 900 contumacia
452 869 498 895 ac
525 853 708 905 superbia
735 865 854 903 quam
875 850 1025 896 videtis,
1049 847 1331 889 dissimillimus
1358 859 1443 885 esse
1463 858 1509 883 ac

184 938 337 975 semper
357 923 476 962 fuisse
491 921 635 960 videar.
677 918 821 965 Patior,
842 929 922 955 non
944 916 1107 954 moleste
1124 914 1221 960 fero,
1244 911 1407 959 iudices,
1423 923 1510 949 eam

184 991 303 1028 vitam
334 1001 435 1038 quae
456 984 553 1025 mihi
581 997 651 1023 sua
671 990 811 1034 sponte
831 988 947 1019 antea
976 979 1150 1018 iucunda
1170 976 1283 1016 fuerit
1304 988 1410 1014 nunc
1432 974 1510 1013 iam

185 1067 272 1094 mea
292 1055 376 1103 lege
397 1059 435 1090 et
455 1048 692 1089 condicione
714 1045 973 1086 necessariam
995 1056 1155 1094 quoque
1176 1044 1356 1081 futuram.

140 1107 164 1190 Ξ
241 1121 290 1157 Et
314 1118 354 1156 in
384 1118 461 1155 hoc
490 1113 653 1154 homine
681 1125 798 1162 saepe
818 1124 840 1149 a
869 1123 932 1148 me
953 1108 1119 1159 quaeris,
1144 1105 1345 1153 Hortensi,
1369 1104 1512 1155 quibus
1536 1117 1571 1149 15

185 1182 397 1222 inimicitiis
431 1188 497 1219 aut
537 1192 615 1229 qua
652 1176 792 1216 iniuria
830 1176 1026 1214 adductus
1065 1174 1116 1212 ad
1149 1171 1417 1211 accusandum
1449 1170 1514 1208 de-

185 1246 434 1287 scenderim?
473 1244 593 1283 Mitto
613 1242 691 1281 iam
708 1241 896 1280 rationem
919 1238 1022 1278 offici
1042 1237 1119 1276 mei
1136 1234 1514 1284 necessitudinisque

186 1313 428 1352 Siculorum:
478 1310 528 1348 de
567 1307 660 1358 ipsis
699 1305 770 1344 tibi
809 1302 1022 1342 inimicitiis
1068 1301 1300 1352 respondeo.
1369 1301 1434 1337 An
1472 1305 1513 1336 tu

186 1377 353 1416 maiores
374 1376 472 1413 ullas
497 1371 721 1411 inimicitias
751 1377 865 1420 putas
896 1381 980 1408 esse
1010 1380 1129 1418 quarn
1152 1364 1363 1405 contrarias
1390 1362 1514 1401 homi-

186 1456 281 1481 num
298 1439 510 1480 sententias
526 1450 572 1476 ac
588 1433 926 1476 dissimilitudines
943 1432 1162 1471 studiorum
1179 1443 1224 1468 ac
1239 1429 1514 1468 voluntatum?
1536 1443 1575 1465 20

188 1507 326 1546 Fidem
353 1503 641 1543 sanctissimam
674 1500 715 1539 in
748 1499 826 1538 vita
855 1498 923 1549 qui
953 1505 1074 1548 putat,
1106 1502 1235 1547 potest
1266 1494 1302 1533 ei
1333 1506 1413 1532 non
1447 1491 1516 1530 ini-

188 1572 311 1610 micus
333 1583 418 1609 esse
438 1568 506 1619 qui
527 1574 711 1618 quaestor
726 1565 930 1604 consulem
952 1575 1067 1601 suum
1088 1560 1260 1600 consiliis
1282 1556 1513 1603 commissis,

187 1636 354 1687 pecunia
381 1633 532 1679 tradita,
555 1632 671 1671 rebus
696 1629 882 1669 omnibus
906 1626 1063 1667 creditis
1085 1625 1260 1676 spoliare,
1284 1623 1513 1672 relinquere,

189 1702 363 1751 prodere,
388 1710 615 1749 oppugnare
640 1707 757 1734 ausus
778 1693 855 1732 sit?
912 1692 1110 1730 Pudorem
1130 1703 1176 1728 ac
1197 1687 1428 1739 pudicitiam
1450 1685 1516 1736 qui

188 1765 292 1811 colit,
319 1771 448 1814 potest
477 1762 611 1800 animo
640 1771 769 1809 aequo
799 1757 908 1796 istius
937 1755 1137 1795 cotidiana
1166 1752 1367 1799 adulteria,
1399 1764 1518 1789 mere·
1540 1767 1576 1798 25

189 1830 339 1869 triciam
369 1827 634 1878 disciplinam,
662 1823 925 1864 domesticum
952 1820 1193 1860 lenocinium
1221 1818 1382 1857 videre?
1439 1815 1519 1865 Qui

190 1894 396 1945 religiones
431 1893 597 1931 deorum
633 1887 913 1928 immortalium
948 1885 1113 1924 retinere
1143 1884 1235 1929 vult,
1268 1882 1304 1921 ei
1335 1881 1402 1932 qui
1432 1882 1521 1918 fana

192 1958 364 2010 spoliarit
388 1956 533 2003 omnia,
556 1955 624 2006 qui
651 1967 698 1993 ex
726 1960 925 1991 tensarum
949 1950 1085 1989 orbitis
1116 1947 1291 1999 praedari
1319 1947 1367 1986 sit
1390 1958 1518 1991 ausus,

192 2024 372 2063 inimicus
395 2036 475 2061 non
498 2034 583 2061 esse
604 2019 672 2070 qui
692 2019 852 2069 pot'est?
909 2015 988 2065 Qui
1010 2015 1092 2053 iure
1113 2026 1241 2063 aequo
1262 2011 1390 2051 omnis
1412 2017 1522 2061 putat

194 2102 277 2127 esse
312 2095 505 2138 oportere,
539 2084 571 2124 is
610 2083 681 2122 tibi
720 2095 801 2121 non
840 2079 1113 2119 infestissimus
1153 2077 1212 2123 sit,
1248 2089 1339 2115 cum
1379 2074 1522 2125 cogitet
1542 2085 1578 2117 30

238 2202 256 2228 4
282 2191 309 2221 is
326 2200 390 2220 om.
414 2188 456 2219 Οι
524 2185 786 2226 reprehenditur
801 2182 928 2214 HcOk:
954 2181 1156 2222 deprehpr.
1271 2189 1288 2217 7
1313 2178 1407 2209 istius
1425 2176 1522 2207 unius

195 2233 281 2264 HcO
298 2233 347 2273 (ii.
369 2235 384 2269 ξ
399 2233 457 2271 67:
485 2233 501 2268 ξ
519 2241 559 2269 23
576 2229 679 2268 infra)
700 2241 707 2259 z
731 2227 832 2259 unius
849 2227 944 2258 istius
957 2230 980 2265 p
998 2224 1062 2255 rell.
1218 2223 1238 2253 8
1264 2222 1355 2262 Ergo
1372 2220 1523 2251 Ernesti:

197 2287 260 2316 ego
278 2275 365 2307 codd.
493 2285 514 2312 9
537 2273 618 2303 mihi
636 2272 765 2302 iudices
784 2270 836 2302 Οπ
851 2281 857 2300 :
884 2269 1009 2300 iudices
1027 2267 1107 2298 mihi
1123 2266 1164 2297 H
1177 2265 1218 2297 al.
1348 2274 1387 2294 12
1412 2263 1523 2294 Patiar

306 2319 376 2350 fero
392 2316 489 2347 Hc01
507 2328 513 2348 :
538 2327 603 2346 om.
620 2321 645 2355 p
663 2315 728 2345 rell.
874 2322 912 2352 13
937 2321 997 2343 sua
1013 2321 1078 2342 om.
1099 2311 1139 2340 rrk
1258 2318 1299 2339 20
1324 2318 1361 2338 ac
1376 2305 1465 2337 HO:
1490 2309 1523 2335 et

199 2363 261 2393 rell.
398 2371 438 2399 24
463 2370 501 2391 ac
518 2358 611 2389 HOff
629 2369 636 2388 z
660 2364 693 2389 et
710 2357 774 2388 rell.
