1600 2704
60 118 328 160 ACTIONIS
350 118 411 156 IN
432 117 477 157 C.
500 117 744 155 VERREM
765 117 1065 156 SECVNDAE
1086 120 1190 156 LIB.
1215 120 1281 157 III
1335 127 1389 166 95

60 228 183 268 mnari
198 227 333 278 possit.
379 228 581 277 Quantam
598 226 704 265 enim
722 226 888 276 quisque
904 227 1149 277 concupierit
1164 228 1385 277 pecuniam,

59 301 207 333 tantam
228 292 362 331 licebit
391 305 460 343 per
478 293 608 331 >cellae
636 304 784 330 nomen
809 291 1093 330 aestimationis
1115 292 1388 342 magnitudine

58 365 330 408 consequatur.

111 426 164 462 At
184 424 290 461 enim
311 429 369 461 est
390 421 581 472 quiddam
603 423 723 472 quod,
747 421 899 461 etiamsi
920 423 1049 472 palam
1071 422 1110 460 in
1132 423 1388 461 defendendo

22 503 38 534 5
57 502 137 527 non
159 488 264 527 dicet
285 487 534 533 Hortensius,
558 494 691 525 tamen
712 486 765 525 ita
791 487 896 526 dicet
926 494 969 526 ut
989 500 1059 526 vos
1080 487 1120 526 id
1142 487 1330 538 suspicari
1351 496 1390 527 et

57 552 227 603 cogitare
250 552 418 603 possitis,
449 551 644 601 pertinere
673 552 750 590 hoc
776 553 828 591 ad
855 553 1112 591 commodum
1135 552 1388 600 senatorium,

56 617 250 668 pertinere
269 617 321 655 ad
337 616 545 655 utilitatem
567 629 703 655 eorum
725 616 792 666 qui
813 616 1000 663 iudicent,
1028 616 1096 666 qui
1118 617 1157 654 in
1178 617 1390 667 provinciis

56 695 147 721 cum
168 689 363 732 potestate
381 689 449 720 aut
469 695 560 720 cum
582 681 777 731 legatione
802 695 842 720 se
872 683 1022 720 futuros
1051 682 1267 731 aliquando
1293 682 1391 721 arbi-

57 755 215 785 trentur.
286 747 511 785 Praeclaros
549 760 640 785 vero
679 746 876 785 existimas
924 747 1074 785 iudices
1117 760 1189 786 nos
1232 748 1389 794 habere,

0 809 156 858 '10qu0s
189 808 326 847 alienis
357 808 530 859 peccatis
568 821 826 846 concessuros
861 816 975 859 putes
1009 822 1088 859 quo
1118 808 1268 847 facilius
1296 809 1390 859 ipsis

56 886 219 924 peccare
232 873 357 912 liceat.
410 875 514 923 Ergo
528 873 569 911 id
585 875 766 912 volumus
783 875 975 924 populum
992 875 1232 920 Romanum,
1248 874 1287 913 id
1306 888 1390 924 pro-

56 938 214 985 vincias,
236 938 277 977 id
298 938 427 978 socios
447 938 707 989 nationesque
728 948 876 978 exteras
897 939 1128 985 existimare,
1146 939 1175 977 si
1190 948 1390 978 senatores

56 1003 244 1050 iudicent,
268 1004 344 1042 hoc
365 1010 470 1042 certe
491 1017 614 1042 unum
635 1017 759 1054 genus
781 1004 957 1042 infinitae
987 1004 1180 1054 pecuniae
1200 1018 1269 1055 per
1289 1018 1390 1043 sum-

56 1081 162 1106 mam
203 1067 384 1106 iniuriam
425 1069 628 1118 cogendae
666 1070 776 1106 nullo
810 1069 932 1107 modo
970 1082 1087 1119 posse
1126 1069 1391 1119 reprehendi?

0 1147 34 1181 ¹5
57 1133 179 1182 Quod
193 1133 225 1171 si
245 1133 299 1171 ita
314 1140 382 1180 est,
398 1133 494 1183 quid
510 1146 720 1183 possumus
737 1141 873 1172 contra
889 1133 998 1171 illum
1020 1142 1238 1184 praetorem
1259 1133 1390 1173 dicere

55 1197 124 1248 qui
153 1197 299 1236 cotidie
327 1199 519 1247 templum
545 1205 662 1245 tenet,
686 1198 753 1248 qui
777 1212 859 1237 rem
885 1198 1084 1249 publicam
1112 1198 1248 1238 sistere
1274 1207 1390 1248 negat

55 1275 172 1314 posse
187 1262 261 1300 nisi
274 1263 327 1301 ad
342 1270 564 1312 equestrem
586 1263 765 1302 ordinem
783 1262 929 1302 iudicia
942 1264 1185 1302 referantur?
1233 1263 1389 1312 Quodsi

56 1326 120 1365 ille
140 1328 217 1365 hoc
237 1341 361 1365 unum
382 1326 528 1377 agitare
549 1327 734 1377 coeperit,
753 1341 838 1366 esse
858 1327 1021 1377 aliquod
1042 1341 1166 1378 genus
1187 1330 1390 1377 cogendae

57 1391 249 1443 pecuniae
283 1391 522 1430 senatorium
563 1405 776 1430 commune
814 1400 852 1430 et
887 1392 963 1430 iam
998 1406 1121 1442 prope
1155 1405 1388 1431 concessum

0 1471 40 1496 πο
57 1456 196 1504 ordini,
219 1470 300 1506 quo
329 1470 471 1506 genere
495 1457 545 1495 ab
570 1456 685 1495 sociis
710 1457 881 1495 maxima
908 1457 1075 1507 pecunia
1105 1471 1173 1507 per
1193 1471 1389 1496 summam

56 1520 237 1560 iniuriam
269 1523 475 1568 auferatur,
508 1535 638 1571 neque
668 1521 708 1559 id
738 1523 819 1559 ullo
849 1523 971 1560 modo
1001 1521 1205 1560 senatoriis
1235 1522 1390 1561 iudiciis

55 1586 289 1636 reprehendi
313 1599 440 1636 posse,
463 1586 597 1636 idque,
618 1587 714 1625 dum
739 1594 920 1636 equester
947 1587 1045 1625 ordo
1066 1586 1255 1633 iudicarit,
1280 1600 1391 1625 num-

55 1664 173 1702 quam
190 1664 276 1690 esse
295 1651 564 1697 commissum,
583 1651 671 1701 quis
693 1651 888 1690 obsistet?
919 1651 1006 1701 quis
1027 1651 1097 1690 erit
1120 1658 1199 1689 tam
1220 1652 1389 1701 cupidus

55 1716 183 1763 vestri,
203 1723 284 1754 tam
305 1717 432 1754 fautor
452 1715 612 1762 ordinis,
635 1715 703 1766 qui
724 1717 774 1754 de
795 1715 1073 1755 transferendis
1094 1715 1249 1755 iudiciis
1265 1716 1390 1767 possit

0 1793 36 1828 ²5
54 1794 232 1820 recusare
247 1783 264 1819 ?

107 1848 240 1897 Atque
270 1845 422 1884 utinam
456 1853 589 1896 posset
619 1845 751 1895 aliqua
790 1846 940 1885 ratione
970 1847 1047 1884 hoc
1073 1845 1222 1885 crimen
1254 1860 1387 1896 quam-

53 1910 109 1949 vis
138 1913 244 1958 falsa,
267 1912 390 1950 modo
419 1912 594 1949 humana
630 1918 749 1960 atque
786 1911 928 1949 usitata
959 1912 1195 1950 defendere:
1236 1911 1388 1950 minore

53 1975 227 2026 periculo
264 1983 404 2022 vestro,
450 1975 601 2014 minore
647 1975 822 2025 periculo
870 1975 1158 2026 provinciarum
1207 1976 1386 2014 omnium

96 2089 117 2119 5
134 2090 200 2111 non
219 2080 309 2110 dicet
331 2079 380 2109 V:
406 2088 474 2109 non
491 2078 610 2118 dicitp
627 2077 692 2109 rell.
706 2082 838 2118 praeter
857 2078 888 2109 O
910 2079 991 2119 (non
1011 2078 1117 2119 dicat)
1286 2079 1307 2109 8
1330 2085 1388 2110 aut

54 2133 128 2154 cum
145 2123 211 2162 leg.
226 2128 252 2163 p
270 2123 336 2154 rell.
357 2134 362 2152 :
387 2127 445 2153 aut
463 2122 580 2161 <atque
600 2122 646 2161 O)
664 2122 729 2161 leg.
755 2122 815 2152 VO
988 2133 1010 2162 9
1034 2132 1115 2152 vero
1137 2121 1212 2152 VcO
1231 2133 1237 2152 :
1261 2123 1388 2162 virosp

54 2167 120 2198 rell.
215 2177 254 2196 12
280 2167 314 2197 id
331 2176 396 2196 om.
422 2165 453 2195 V
548 2166 587 2194 16
611 2164 786 2196 sb’sistere
804 2165 852 2196 cO
955 2176 992 2204 17
1018 2165 1082 2196 nisi
1104 2165 1203 2195 VcO:
1229 2165 1298 2205 nip
1316 2166 1382 2197 rell.

57 2220 95 2249 19
118 2210 326 2241 senatorium
349 2209 409 2240 VO
429 2221 435 2240 :
459 2213 652 2239 senatorum
663 2213 689 2248 p
706 2208 771 2240 rell.
865 2213 923 2239 aut
933 2213 969 2248 p,
983 2219 1062 2239 corr.
1085 2213 1118 2239 et
1135 2209 1201 2239 iam
1212 2207 1257 2247 p²
1346 2219 1383 2238 21

53 2253 226 2284 auferatur
246 2253 305 2293 Vp
322 2253 387 2284 rell.
410 2264 416 2283 :
440 2256 613 2283 avertatur
629 2262 645 2282 c
660 2251 701 2290 (3)
720 2251 854 2289 Lamb„
875 2256 1072 2282 avertantur
1091 2252 1121 2282 O
1141 2252 1172 2290 (ξ
1192 2252 1249 2281 181
1269 2253 1385 2292 supra)

54 2297 86 2327 id
102 2296 170 2328 ullo
187 2297 234 2328 cO
250 2308 257 2327 :
281 2296 350 2327 ullo
371 2296 407 2336 V,
429 2299 466 2326 ut
480 2295 627 2326 videtur:
652 2294 770 2334 illudp
787 2295 853 2326 rell.
986 2306 1027 2326 22
1052 2295 1205 2325 iudicarit
1225 2295 1254 2325 O
1269 2308 1274 2326 :
1301 2295 1387 2326 iudi-

55 2339 142 2370 cauit
163 2340 212 2370 V:
238 2340 401 2371 iudicaret
413 2344 438 2380 p
454 2339 543 2380 vulg.
636 2348 677 2376 24
702 2342 852 2369 vestrum
871 2339 918 2370 cO
1006 2338 1257 2370 transferundis
1276 2338 1307 2369 O

97 2404 158 2426 εις.
177 2404 256 2426 VER.
1256 2393 1298 2422 ‘20

1408 59 1503 79 2⁷2,

1409 133 1469 156 222

1408 393 1466 438 96

1411 460 1473 491 223

1411 1277 1474 1309 2²4

1408 1854 1461 1893 97
