1600 2704
77 92 134 139 46
158 108 216 141 103
522 90 580 127 M.
610 89 777 127 TVLLI
809 86 1116 128 CICERONIS

153 215 234 240 non
250 203 366 251 longe
382 200 422 238 in
435 197 709 250 promunturio
730 198 865 235 fanum
885 202 944 234 est
962 194 1126 234 Iunonis
1139 193 1357 244 antiquum,
1375 194 1484 243 quod

153 275 261 306 tanta
290 265 478 316 religione
499 276 653 313 semper
673 262 745 300 fuit
770 269 811 300 ut
838 274 920 300 non
943 261 1067 299 modo
1093 258 1168 297 illis
1189 257 1351 297 Punicis
1372 257 1484 296 bellis

154 345 256 382 quae
276 331 315 369 in
336 330 396 369 his
418 331 497 368 fere
517 327 614 367 locis
645 327 771 366 navali
793 326 908 376 copia
927 332 1036 375 gesta
1063 332 1182 374 atque
1202 330 1352 362 versata
1381 329 1482 368 sunt,

155 398 225 436 sed
255 395 372 435 etiam
406 396 480 433 hac
509 394 755 443 praedonum
785 389 1038 429 multitudine
1072 401 1226 438 semper
1255 386 1485 425 inviolatum

156 469 415 510 sanctumque
430 458 555 497 fuerit.
607 456 716 506 Quin
731 455 848 495 etiam
869 457 946 494 hoc
966 453 1179 492 memoriae
1194 451 1394 503 proditum
1415 458 1484 497 est,
1510 464 1522 470 ·

156 529 280 565 classe
311 525 515 575 quondam
552 521 787 561 Masinissae
817 520 917 571 regis
950 520 1002 558 ad
1036 531 1126 557 eum
1158 519 1290 556 locuni
1322 517 1487 566 adpulsa

157 591 398 641 praefectum
428 586 577 638 regium
598 586 727 625 dentis
749 586 944 625 eburneos
964 582 1186 622 incredibili
1216 581 1488 631 magnitudine

159 668 180 693 e
200 656 292 692 fano
318 651 520 691 sustulisse
548 657 586 689 et
611 662 679 688 eos
705 649 744 687 in
773 648 947 687 Africam
970 654 1147 697 portasse
1174 645 1489 695 Masinissaeque

159 720 338 757 donasse.
399 718 550 766 Regem
567 713 694 765 primo
714 715 953 753 delectatum
974 725 1059 751 esse
1083 724 1270 759 munere3
1297 719 1398 761 post,
1421 711 1488 749 ubi

160 782 334 821 audisset
353 782 461 820 unde
482 787 622 827 essent,
646 779 777 818 statim
805 786 931 817 certos
952 777 1133 816 homines
1153 776 1194 814 in
1215 775 1489 826 quinqueremi

162 845 313 884 misisse
342 844 409 895 qui
439 857 506 883 eos
534 843 663 883 dentis
688 850 932 894 reponerent.
995 843 1136 891 Itaque
1157 840 1196 879 in
1227 840 1272 878 iis
1302 840 1490 891 scriptum

161 911 296 949 litteris
326 910 486 948 Punicis
515 909 587 947 fuit
616 921 746 959 regem
778 908 1029 946 Masinissam
1064 906 1355 955 imprudentem
1385 917 1491 943 acce-

161 977 275 1026 pisse,
299 988 338 1013 re
359 975 515 1025 cognita
535 974 793 1024 reportandos
820 972 1151 1022 reponendosque
1171 982 1336 1008 curasse.
1399 970 1492 1007 Erat

162 1048 361 1091 praeterea
399 1051 540 1088 magna
570 1039 626 1076 vis
659 1038 798 1084 eboris,
834 1038 958 1074 multa
995 1041 1236 1081 ornamenta,
1273 1034 1313 1071 in
1348 1033 1491 1083 quibus

163 1106 358 1144 eburneae
379 1103 578 1142 Victoriae
597 1104 762 1152 antiquo
786 1115 904 1152 opere
933 1114 979 1139 ac
1003 1112 1158 1139 summa
1181 1106 1262 1138 arte
1282 1100 1488 1149 perfectae.
1539 1114 1550 1120 ·

84 1184 144 1215 104
165 1171 279 1208 Haec
309 1168 381 1207 iste
411 1167 554 1214 omnia,
578 1180 628 1205 ne
658 1166 789 1204 multis
820 1178 958 1212 morer,
981 1177 1062 1203 uno
1091 1163 1243 1214 impetu
1272 1171 1391 1212 atque
1412 1175 1492 1200 uno

164 1233 304 1272 nuntio
336 1246 404 1283 per
435 1245 567 1271 servos
600 1230 804 1278 Venerios,
833 1243 933 1280 quos
968 1229 1051 1268 eius
1083 1228 1136 1267 rei
1171 1241 1289 1266 causa
1323 1227 1494 1274 miserat,

165 1299 341 1337 tollenda
359 1305 479 1348 atque
499 1298 738 1347 asportanda
757 1295 916 1334 curavit.

94 1373 146 1413 47
220 1366 296 1402 Pro
325 1363 366 1402 di
395 1363 663 1401 immortales!
699 1375 817 1411 quern
843 1374 917 1411 ego
942 1360 1146 1399 hominem
1171 1360 1345 1399 accuso?
1375 1371 1493 1409 quem

165 1429 317 1479 legibus
338 1435 404 1467 aut
424 1426 597 1467 iudiciali
618 1427 701 1466 iure
722 1427 966 1477 persequor?
995 1427 1046 1464 de
1067 1438 1147 1475 quo
1167 1438 1236 1463 vos
1258 1423 1493 1463 sententiam
1516 1438 1530 1459 ε

165 1507 233 1544 per
272 1494 459 1533 tabellam
497 1491 660 1531 feretis?
722 1491 872 1530 Dicunt
910 1490 1027 1541 legati
1068 1489 1298 1529 Melitenses
1336 1488 1495 1539 publice

166 1559 377 1609 spoliatum
407 1559 600 1608 templum
629 1570 715 1596 esse
747 1555 923 1602 Iunonis,
948 1555 1045 1594 nihil
1076 1555 1194 1594 istum
1224 1554 1264 1593 in
1293 1553 1496 1604 religiosis-

165 1625 266 1663 simo
287 1625 378 1662 fano
398 1622 601 1673 reliquisse
616 1637 626 1670 ;
655 1635 774 1672 quem
795 1621 983 1660 inlocum
1005 1623 1148 1659 classes
1175 1620 1349 1659 hostium
1379 1633 1495 1670 saepe

164 1688 410 1734 accesserint,
426 1687 494 1726 ubi
515 1686 661 1737 piratae
682 1688 760 1726 fere
781 1685 993 1737 quotannis
1014 1685 1186 1724 hiemare
1207 1687 1369 1732 soleant,
1385 1685 1494 1734 quod

165 1767 295 1804 neque
315 1753 462 1803 praedo
482 1751 633 1790 violarit
661 1760 753 1790 ante
782 1764 912 1801 neque
942 1763 1131 1801 umquam
1161 1749 1284 1788 hostis
1313 1749 1492 1798 attigerit,
1515 1761 1552 1783 :-
1584 1739 1588 1751 ⁴

166 1819 206 1858 id
235 1819 286 1857 ab
316 1830 397 1856 uno
426 1816 501 1855 isto
531 1816 586 1855 sic
616 1816 826 1867 spoliatum
857 1829 943 1855 esse
972 1824 1014 1854 ut
1044 1815 1141 1853 nihil
1171 1815 1335 1854 omnino
1366 1815 1412 1853 sit
1443 1828 1496 1853 re-

166 1884 315 1922 lictum.
376 1882 456 1920 Hic
489 1894 594 1920 nunc
630 1881 702 1921 iste
734 1895 821 1920 reus
851 1888 920 1920 aut
961 1894 1035 1931 ego
1072 1888 1277 1920 accusator
1315 1887 1382 1917 aut
1420 1881 1496 1917 hoc

167 1947 358 1987 iudicium
396 1946 689 1997 appellabitur?
749 1946 991 1986 Criminibus
1031 1945 1137 1984 enim
1172 1944 1393 1995 coarguitur
1431 1952 1497 1982 aut

213 2065 231 2090 4
257 2052 291 2082 in
308 2052 369 2083 hac
381 2053 424 2091 ρδ
524 2063 559 2082 11
588 2055 803 2092 reportarent
819 2051 834 2081 δ
851 2050 887 2092 (l.
910 2051 964 2090 13)
1082 2049 1277 2089 inscriptum
1291 2049 1351 2088 pr&
1370 2048 1423 2088 (§§
1442 2058 1493 2088 97,

174 2095 249 2135 127)
352 2105 391 2134 13
417 2096 643 2134 reportandos
654 2095 940 2134 reponendosque
951 2093 1069 2133 Halm,
1085 2092 1154 2124 edd.
1175 2104 1181 2123 ε
1208 2092 1497 2132 reportandosque

171 2138 216 2175 R,
249 2139 470 2177 reportandos
503 2138 568 2170 SD
593 2143 621 2169 et
647 2139 724 2178 pler.
762 2140 816 2177 (ξς
845 2147 896 2177 23,
932 2148 1014 2175 140:
1047 2148 1079 2176 v,
1112 2140 1127 2174 ξ
1157 2135 1241 2175 44);
1277 2136 1497 2175 preponendo

173 2183 468 2221 restituendosque
480 2187 543 2222 pr:
577 2182 800 2221 reportandos
823 2181 1121 2220 restituendosque
1138 2179 1246 2210 Nohl:
1280 2179 1498 2218 reponendos

173 2225 466 2265 restituendosque
484 2227 500 2255 δ
675 2227 714 2255 16
739 2225 864 2264 impetu
880 2229 981 2264 atque
1000 2234 1067 2254 uno
1083 2234 1146 2253 om.
1163 2225 1205 2262 ρδ
1372 2233 1414 2253 2ο
1439 2227 1498 2252 aut

174 2269 316 2299 iudiciali
344 2268 428 2299 RS:
465 2279 502 2299 ac
532 2268 597 2299 iud.
626 2269 665 2298 δε
703 2278 741 2298 ac
770 2267 885 2299 sociali
915 2267 1029 2298 Cobet:
1058 2272 1159 2306 atque
1189 2276 1257 2296 soc.
1280 2264 1421 2296 Eberh.:
1459 2274 1496 2295 ac

175 2312 295 2342 iudicio
321 2312 434 2342 sociali
461 2311 612 2343 Heracus
631 2311 678 2351 (ii,
701 2313 716 2348 §
739 2311 793 2352 15)
907 2320 948 2349 25
973 2315 1051 2340 ante
1077 2310 1140 2340 RS
1159 2314 1272 2347 (antae
1293 2308 1335 2344 R,
1355 2313 1407 2339 εἴ).
1432 2308 1493 2339 Si:

173 2361 271 2385 antea
296 2356 337 2394 [ἡ
357 2357 389 2394 (ξ,
411 2364 469 2392 132
487 2366 494 2393 ς
520 2365 551 2394 ν,
571 2358 607 2392 ἐξ
626 2365 676 2393 2ο,
700 2356 773 2394 167)
917 2355 958 2384 28
981 2353 1130 2393 arguitur
1146 2353 1190 2392 K,
1207 2352 1307 2391 Bake,
1325 2351 1414 2381 Nolel
1432 2349 1502 2381 :scd

173 2402 208 2437 (J-
232 2401 327 2436 §743
353 2408 382 2435 v,
407 2397 520 2437 5153)
