1600 2704
174 52 442 97 ACTIONIS
474 60 531 100 IN
565 64 609 103 C.
644 67 886 113 VERREM
917 78 1217 128 SECVNDAE
1248 93 1350 134 LIB.
1376 98 1395 136 Ι
1449 110 1467 137 1
1488 117 1504 140 2
1524 90 1552 94 μ

131 169 244 200 esset.

873 313 910 321 ”
962 317 1001 356 in
1032 334 1080 361 eo
1109 337 1227 374 quem
1259 343 1379 372 nemo
1410 337 1458 378 sit

555 368 687 409 Immo
718 386 810 413 vero
844 380 956 428 adsit,
992 391 1252 441 respondeat;
1291 401 1455 440 summis

297 435 455 466 summo
482 432 615 471 studio
642 439 1007 486 potentissimorum
1037 451 1243 495 hominum
1269 461 1455 504 defenda-

120 490 205 531 tur3
235 494 356 526 certet
377 503 464 530 mea
485 494 688 546 diligentia
709 515 799 542 cum
829 506 983 550 illorum
1012 518 1191 558 omnium
1221 525 1447 577 cupiditate,

117 556 242 588 vestra
262 550 460 604 integritas
483 571 573 599 cum
602 563 704 604 illius
732 572 911 621 pecunia,
936 578 1093 619 testium
1115 590 1336 630 constantia
1357 606 1447 634 cum

115 610 215 651 illius
245 624 499 665 patronorum
531 626 647 667 minis
677 638 796 682 atque
831 641 1032 687 potentia:

112 677 245 717 omnia
265 680 366 721 victa
387 685 626 730 videbuntur
655 707 745 734 cum
774 698 812 737 in
840 707 1070 747 contention

53 753 92 776 ιο
108 743 294 784 venerint.

123 365 240 394 ausus
271 358 494 402 defendere.

84 430 103 462 5
123 417 274 468 opibus,

1071 653 1154 686 tum
1185 652 1346 694 demum
1383 659 1447 698 illa

1075 724 1137 750 em
1164 724 1444 773 certamenque

354 750 512 792 Absens
552 756 583 794 si
623 769 725 800 esset
764 763 836 803 iste
870 768 1091 822 damnatus,
1128 791 1208 818 non
1249 790 1326 823 tam
1368 788 1482 838 sibi4

106 810 350 851 consuluisse
370 827 488 864 quam
516 819 702 863 invidisse
723 836 873 870 vestrae
903 834 1008 875 laudi
1031 839 1235 884 videretur.
1296 851 1438 902 Neque
1458 867 1483 895 2

103 870 209 909 enim
244 876 347 915 salus
382 881 460 919 ulla
494 883 547 921 rei
582 888 765 936 publicae
800 895 924 935 maior
956 900 1033 940 hoc
1068 912 1245 957 tempore
1279 917 1435 964 reperiri

100 943 231 983 potest
269 952 388 990 quam
429 951 620 997 populum
671 955 899 999 Romanum
949 963 1185 1019 intellegere,
1226 975 1435 1028 diligenter

98 998 251 1041 reiectis
271 1005 322 1044 ab
341 1019 569 1052 accusatore
590 1015 798 1069 iudicibus,
823 1025 962 1075 socios,
988 1031 1103 1081 leges,
1127 1048 1207 1075 rem
1229 1042 1429 1089 publicam

859 1217 898 1266 ',
940 1220 1181 1278 integntatis,
1223 1233 1327 1283 fidei,
1370 1252 1423 1277 re—

88 1256 242 1307 ligionis
280 1264 331 1302 ab
369 1267 446 1307 hoc
485 1272 624 1313 ordine
667 1277 896 1321 abiudicari.
970 1288 1110 1340 Itaque
1150 1296 1245 1335 mihi
1285 1301 1458 1351 videor5

86 1318 272 1379 [iudices]
302 1342 485 1381 magnam
516 1344 554 1375 et
584 1341 753 1382 maxime
782 1358 937 1397 aegram
969 1361 1007 1391 et
1041 1368 1164 1408 prope
1194 1362 1415 1413 depositam

23 1399 64 1422 20
82 1387 136 1425 rei
166 1391 348 1439 publicae
379 1406 530 1446 partem
563 1407 796 1457 suscepisse,
830 1426 959 1465 neque
994 1418 1031 1456 in
1065 1434 1114 1460 eo
1146 1428 1267 1476 magis
1302 1443 1414 1472 meae

79 1464 198 1501 quam
246 1466 395 1500 vestrae
442 1464 549 1504 laudi
599 1470 958 1529 existimationique
1007 1486 1180 1527 servisse.
1402 1498 1409 1504 '

76 1516 182 1556 enim
208 1521 260 1560 ad
287 1521 474 1566 invidiam
503 1529 738 1575 iudiciorum
768 1540 974 1584 levandam
1000 1548 1233 1601 vituperatio

75 1582 300 1634 tollendam,
325 1597 377 1637 ut,
400 1604 491 1631 cum
523 1595 620 1636 haec
650 1613 710 1639 res
739 1615 811 1652 pro
835 1609 1037 1651 voluntate
1064 1618 1201 1667 populi

72 1654 174 1686 esset
212 1648 392 1702 iudicata,
429 1657 561 1710 aliqua
600 1676 647 1701 ex
684 1675 794 1716 parte
832 1684 920 1712 mea
950 1676 1153 1728 diligentia
1190 1697 1212 1723 c

12 1719 52 1752 25
69 1713 279 1754 auctoritas
308 1716 543 1763 iudiciorum
564 1726 770 1780 videretur,
784 1741 991 1785 perperam
1016 1744 1056 1781 si
1076 1756 1178 1786 esset

67 1782 209 1826 catum,
251 1788 294 1820 ut
331 1784 419 1823 finis
458 1788 508 1826 ali

64 1838 296 1885 stitueretur.

1236 1570 1408 1611 nemque

1232 1622 1405 1665 Romani

1214 1689 1403 1731 onstituta

1202 1750 1280 1790 hoc
1304 1753 1401 1795 iudi-

512 1794 673 1840 quando
716 1796 942 1843 iudiciariae
979 1814 1269 1855 controversiae
1306 1832 1398 1858 con—

357 1849 515 1891 Etenim
550 1855 634 1896 sine
663 1860 797 1910 dubio,
830 1865 991 1918 iudices,
1022 1872 1062 1911 in
1095 1876 1169 1915 hac
1199 1892 1318 1920 causa
1348 1898 1394 1924 ea
1413 1896 1433 1928 6

107 1952 121 1972 1
149 1953 259 1985 neque
284 1947 370 1981 Dw:
395 1962 505 1993 neque
531 1958 619 1990 enirn
640 1963 703 2001 ρνδ
812 1968 833 1997 6
856 1968 1028 2003 hominum
1046 1974 1134 2015 bG2:
1158 1981 1333 2015 nominum
1351 1991 1389 2026 p¹

61 1986 155 2021 (corr.
172 1990 335 2031 omnium)
448 2007 465 2036 7
484 1998 581 2032 istius
590 2007 617 2042 p
631 2003 738 2037 Schol.
760 2007 901 2044 Gronov.
919 2015 936 2042 δ
1046 2018 1067 2047 8
1092 2020 1145 2051 illa
1163 2026 1277 2056 omnia
1293 2027 1388 2068 Dpr:

57 2031 172 2062 omnia
188 2031 244 2064 illa
260 2033 328 2066 KZ
339 2036 402 2069 aL:
427 2042 537 2072 omnia
548 2054 615 2077 om.
629 2046 666 2077 ὁδ
775 2061 814 2082 Io
838 2061 929 2086 esset
947 2057 1011 2090 iste
1028 2059 1117 2092 Βψπ
1132 2075 1139 2093 :
1164 2065 1227 2097 iste
1243 2076 1333 2101 esset
1350 2071 1388 2103 ὸδ

57 2071 130 2110 ipse
145 2074 206 2105 sibi
224 2077 242 2106 δ
310 2088 349 2110 12
373 2082 463 2114 enim
479 2085 514 2115 D
529 2087 570 2118 al.
582 2089 667 2128 pbr:
690 2101 757 2124 om.
779 2094 820 2132 G³
894 2101 933 2130 16
957 2102 1022 2133 ulla
1033 2109 1080 2143 pr
1092 2105 1199 2140 Schol.
1221 2109 1361 2146 Gronov.
1377 2127 1385 2146 :

53 2123 120 2146 om.
140 2115 226 2148 0Ψὸ
355 2126 518 2159 accedere
535 2129 591 2170 Dp
607 2133 672 2165 rell.
693 2146 700 2165 :
724 2137 880 2170 accidere
896 2140 1029 2177 Manut.
1051 2148 1074 2186 (i
1101 2152 1116 2186 ς
1134 2160 1198 2190 39:
1223 2153 1244 2184 ii
1263 2158 1278 2192 ξ
1300 2166 1383 2196 172:

55 2156 179 2192 cluent.
200 2165 215 2200 5
237 2164 292 2204 10)
407 2170 446 2200 18
468 2171 652 2206 abiudicari
662 2177 729 2217 pb:
755 2190 827 2212 -are
842 2182 908 2214 ΒΨ
1028 2199 1067 2229 19
1091 2191 1222 2227 iudices
1236 2196 1380 2241 Nonius,

50 2199 146 2234 edd.:
179 2214 244 2238 om.
272 2208 361 2241 codd.
505 2225 547 2255 25
571 2228 752 2259 perperam
777 2223 805 2254 si
830 2226 947 2268 scripsi
969 2230 1031 2271 (CI.
1060 2232 1140 2267 Rev.
1168 2240 1247 2271 xvii.
1276 2246 1381 2282 201):

51 2249 220 2281 postremo
247 2255 283 2281 ut
310 2252 398 2285 codd.
424 2255 513 2296 (utut
535 2258 655 2295 Muret.
687 2264 881 2311 Gulielm.):
912 2279 1028 2306 contra
1056 2287 1128 2310 eam
1157 2290 1232 2314 cum
1260 2284 1378 2319 Koch:

48 2284 203 2321 lacunam
219 2299 308 2334 susp.
326 2295 460 2332 Iordan.
