1600 2704
81 126 132 164 52
159 129 216 162 ¹37
523 117 580 154 M.
612 117 780 155 TVLLI
813 117 1120 156 CICERONIS

71 233 130 272 138

78 819 128 857 53

70 1022 127 1054 139

65 1861 128 1893 ¹40

155 229 225 266 bus
255 236 368 278 capta
398 235 436 266 et
471 229 630 266 incensa
665 236 748 275 est3
787 236 874 278 post
909 230 1117 277 Syracusas
1147 228 1325 268 conditas
1360 243 1478 280 quem

154 293 190 330 in
221 301 376 343 portum
412 305 630 342 numquam
666 292 788 330 hostis
817 300 1043 339 accesserat,
1075 293 1114 330 in
1149 306 1197 332 eo
1231 301 1269 332 te
1302 302 1479 344 praetore

152 357 320 408 primum
360 357 505 407 piratae
545 357 850 407 navigaverunt3
895 370 1023 406 neque
1062 358 1159 395 haec
1199 365 1255 396 tot
1295 365 1332 396 et
1372 366 1479 396 tanta

151 423 347 461 dedecora
375 421 688 460 dissimulatione
720 430 784 460 tua
818 435 946 471 neque
975 421 1174 460 oblivione
1201 422 1409 461 hominum
1433 435 1478 461 ac

151 487 413 525 taciturnitate
448 494 577 537 tegere
607 486 773 533 voluisti,
810 488 879 526 sed
915 486 1033 525 etiam
1068 486 1226 525 navium
1261 488 1478 537 praefectos

150 552 234 590 sine
264 553 341 589 ulla
371 564 487 589 causa
517 552 568 589 de
597 551 804 600 complexu
836 559 1039 600 parentum
1074 564 1246 598 suorum,
1277 551 1477 601 hospitum

150 625 318 661 tuorum,
357 616 407 654 ad
448 622 614 653 mortem
653 614 948 664 cruciatumque
987 615 1157 665 rapuisti,
1194 629 1323 666 neque
1362 623 1400 654 te
1439 616 1477 653 in

151 688 355 731 parentum
384 681 491 718 luctu
518 687 636 729 atque
663 678 831 718 lacrimis
858 679 934 718 mei
962 679 1132 718 nominis
1154 680 1478 719 commemoratio

151 744 365 795 mitigavit3
402 743 472 782 tibi
502 743 708 782 hominum
745 743 1015 782 innocentium
1050 744 1206 794 sanguis
1241 758 1321 783 non
1357 745 1477 783 modo

150 809 339 860 voluptati
383 809 452 848 sed
496 809 614 847 etiam
654 807 834 858 quaestui
875 808 1167 847 fuit!'—haec
1208 808 1239 847 si
1278 808 1349 847 tibi
1388 816 1477 846 tuus

150 888 288 925 parens
319 874 476 921 diceret,
499 886 634 924 posses
664 873 714 912 ab
745 885 793 911 eo
813 873 967 912 veniam
999 880 1141 924 petere,
1170 886 1305 924 posses
1335 881 1377 912 ut
1407 873 1477 912 tibi

150 940 367 990 ignosceret
389 940 615 989 postulare?

203 1004 303 1043 Satis
324 1012 381 1042 est
403 1005 549 1042 factum
570 1003 722 1052 Siculis,
744 1005 835 1043 satis
857 1005 987 1044 officio
1006 1018 1051 1044 ac
1072 1005 1364 1052 necessitudini,
1386 1004 1476 1044 satis

148 1070 342 1120 promisso
365 1077 498 1108 nostro
518 1083 562 1108 ac
591 1077 762 1120 recepto.
822 1070 990 1121 Reliqua
1019 1079 1077 1110 est
1097 1084 1143 1110 ea
1164 1084 1292 1119 causa,
1315 1070 1475 1119 iudices,

148 1148 248 1184 quae
277 1135 351 1172 iam
380 1148 461 1173 non
489 1142 645 1185 recepta
672 1136 741 1174 sed
769 1135 913 1183 innata,
936 1149 1065 1186 neque
1092 1137 1222 1175 delata
1247 1138 1298 1176 ad
1323 1151 1386 1176 me
1407 1139 1476 1176 sed

147 1199 187 1237 in
221 1200 355 1238 animo
389 1213 588 1250 sensuque
622 1213 714 1239 meo
747 1200 902 1250 penitus
936 1202 1063 1239 adfixa
1097 1210 1216 1252 atque
1250 1202 1365 1240 insita
1394 1210 1477 1250 est3

147 1278 248 1314 quae
271 1278 349 1304 non
371 1266 421 1304 ad
442 1265 639 1304 sociorum
660 1266 837 1313 salutem,
859 1267 929 1305 sed
949 1267 1000 1305 ad
1022 1267 1166 1305 civium
1190 1269 1474 1315 Romanorum,

147 1331 222 1368 hoc
253 1338 310 1368 est
340 1331 390 1369 ad
426 1329 540 1368 unius
571 1329 763 1381 cuiusque
797 1339 985 1378 nostrum,
1017 1331 1135 1370 vitam
1171 1340 1208 1370 et
1244 1332 1474 1383 sanguinem

146 1394 324 1445 pertinet.
396 1396 443 1432 In
473 1407 551 1444 qua
581 1396 703 1434 nolite
731 1409 753 1434 a
784 1409 856 1442 me,
888 1397 998 1446 quasi
1031 1396 1197 1435 dubium
1233 1397 1280 1435 sit
1314 1397 1474 1447 aliquid,

145 1467 385 1510 argumenta,
426 1459 587 1507 iudices,
627 1468 874 1511 exspectare:
924 1461 1058 1500 omnia
1101 1475 1203 1511 quae
1245 1461 1374 1501 dicam
1420 1462 1475 1501 sic

146 1533 258 1563 erunt
294 1515 474 1563 inlustria*
502 1533 543 1563 ut
577 1526 629 1565 ad
663 1539 708 1564 ea
743 1527 947 1575 probanda
979 1534 1101 1565 totam
1133 1526 1305 1566 Siciliam
1335 1535 1474 1567 testem

145 1590 333 1629 adhibere
356 1603 523 1640 possem.
584 1592 706 1629 Furor
727 1590 832 1629 enim
854 1591 1028 1642 quidam,
1054 1591 1208 1631 sceleris
1230 1600 1267 1631 et
1287 1592 1476 1631 audaciae

146 1668 291 1701 comes,
314 1654 422 1692 istius
452 1656 681 1693 effrenatum
712 1655 888 1694 animum
921 1657 1267 1708 importunamque
1297 1665 1474 1696 naturam

147 1727 253 1757 tanta
275 1719 467 1769 oppressit
487 1721 660 1759 amentia
689 1729 729 1759 ut
753 1735 969 1772 numquam
992 1722 1188 1762 dubitaret
1216 1722 1255 1760 in
1276 1730 1473 1761 conventu

146 1786 275 1833 palam
297 1784 498 1834 supplicia,
516 1798 616 1834 quae
638 1785 677 1823 in
699 1786 900 1826 convictos
923 1787 1090 1826 malefici
1111 1801 1241 1826 servos
1262 1787 1475 1826 constituta

147 1858 248 1896 sunt,
271 1863 315 1887 ea
344 1849 381 1887 in
403 1849 496 1888 civis
520 1852 722 1889 Romanos
745 1865 983 1902 expromere.
1042 1852 1169 1903 Virgis
1190 1865 1309 1902 quam
1332 1853 1475 1890 multos

147 1913 331 1952 ceciderit
370 1914 466 1964 quid
505 1928 578 1964 ego
617 1919 956 1955 commemorem?
1023 1918 1197 1955 Tantum
1237 1916 1474 1962 brevissime,

147 1979 307 2025 iudices,
330 1979 443 2018 dico:
475 1981 626 2018 nullum
655 1980 725 2019 fuit
747 1981 912 2021 omnino
940 1981 1104 2020 civitatis
1134 1981 1209 2021 isto
1236 1988 1412 2032 praetore
1436 1981 1475 2018 in

147 2044 222 2082 hoc
242 2058 384 2094 genere
405 2044 627 2083 discrimen.
676 2047 816 2096 Itaque
837 2045 914 2084 iam
935 2046 1222 2085 consuetudine
1242 2047 1292 2085 ad
1313 2058 1476 2096 corpora

147 2109 290 2146 civium
316 2111 587 2149 Romanorum
610 2110 727 2149 etiam
754 2110 839 2150 sine
866 2110 975 2150 istius
1003 2118 1101 2150 nutu
1121 2111 1315 2151 ferebatur
1336 2123 1474 2149 manus

149 2173 229 2222 ipsa
252 2173 406 2212 lictoris.

192 2286 211 2314 3
238 2281 283 2307 tot
302 2282 394 2308 tanta
407 2283 430 2317 p
519 2279 548 2312 6,
567 2279 587 2308 8
612 2279 838 2319 parentiump
860 2278 976 2318 (Prisc.
996 2278 1051 2310 Gr.
1072 2277 1149 2310 Lat.
1169 2279 1201 2317 ii,
1216 2283 1249 2318 p.
1267 2282 1343 2318 355³
1365 2282 1474 2310 contra

150 2318 229 2350 Rs&
359 2331 395 2360 13
421 2323 662 2353 necessitudini
683 2323 809 2353 iudices
823 2324 864 2364 ρδ
991 2332 1032 2353 22
1056 2333 1189 2363 possem
1208 2321 1299 2353 RSw
1317 2335 1323 2353 :
1349 2324 1474 2362 possim

143 2364 186 2402 ,ύδ
206 2365 261 2404 (ἐξ
281 2364 332 2402 84,
358 2365 431 2403 158)
568 2367 609 2396 28
633 2366 741 2397 dicam
759 2377 778 2406 q

1498 500 1515 532 5

1501 824 1539 845 10

1501 1153 1536 1185 15

1497 1477 1538 1498 20

1497 1800 1536 1831 25

1496 2124 1536 2155 30
