<?xml version="1.0" encoding="UTF-8"?>
<!DOCTYPE html PUBLIC "-//W3C//DTD XHTML 1.0 Transitional//EN"
    "http://www.w3.org/TR/xhtml1/DTD/xhtml1-transitional.dtd">
<html xmlns="http://www.w3.org/1999/xhtml" xml:lang="en" lang="en">
 <head>
  <title>
</title>
<meta http-equiv="Content-Type" content="text/html;charset=utf-8" />
  <meta name='ocr-system' content='tesseract 3.04.00' />
  <meta name='ocr-capabilities' content='ocr_page ocr_carea ocr_par ocr_line ocrx_word'/>
</head>
<body>
  <div class='ocr_page' id='page_1' title='image "./orationesrecogno02ciceuoft/orationesrecogno02ciceuoft_0400.png"; bbox 0 0 1600 2704; ppageno 0'>
   <div class='ocr_carea' id='block_1_1' title="bbox 105 89 1140 138">
    <p class='ocr_par' dir='ltr' id='par_1_1' title="bbox 105 89 1140 138">
     <span class='ocr_line' id='line_1_1' title="bbox 105 89 1140 138; baseline -0.001 -10"><span class='ocrx_word' id='word_1_1' title='bbox 105 101 156 138; x_wconf 90' lang='lat'>32</span> <span class='ocrx_word' id='word_1_2' title='bbox 178 102 214 137; x_wconf 80' lang='lat'>71</span> <span class='ocrx_word' id='word_1_3' title='bbox 544 90 600 128; x_wconf 91' lang='lat' dir='ltr'>M.</span> <span class='ocrx_word' id='word_1_4' title='bbox 632 90 801 128; x_wconf 93' lang='lat' dir='ltr'>TVLLI</span> <span class='ocrx_word' id='word_1_5' title='bbox 833 89 1140 130; x_wconf 91' lang='lat' dir='ltr'>CICERONIS</span> 
     </span>
    </p>
   </div>
   <div class='ocr_carea' id='block_1_2' title="bbox 93 198 1585 2254">
    <p class='ocr_par' dir='ltr' id='par_1_2' title="bbox 93 198 1585 2254">
     <span class='ocr_line' id='line_1_2' title="bbox 177 198 1501 250; baseline 0 -12"><span class='ocrx_word' id='word_1_6' title='bbox 177 212 279 250; x_wconf 88' lang='lat' dir='ltr'>quae</span> <span class='ocrx_word' id='word_1_7' title='bbox 317 200 547 238; x_wconf 83' lang='lat' dir='ltr'>domesticis</span> <span class='ocrx_word' id='word_1_8' title='bbox 586 198 728 249; x_wconf 89' lang='lat' dir='ltr'>stupris</span> <span class='ocrx_word' id='word_1_9' title='bbox 768 198 1001 249; x_wconf 88' lang='lat' dir='ltr'>flagitiisque</span> <span class='ocrx_word' id='word_1_10' title='bbox 1040 199 1291 249; x_wconf 87' lang='lat' dir='ltr'>flagrabunt?</span> <span class='ocrx_word' id='word_1_11' title='bbox 1330 198 1371 237; x_wconf 93' lang='lat' dir='ltr'>in</span> <span class='ocrx_word' id='word_1_12' title='bbox 1391 198 1501 238; x_wconf 90' lang='lat' dir='ltr'>istius</span> 
     </span>
     <span class='ocr_line' id='line_1_3' title="bbox 175 262 1502 315; baseline 0 -12"><span class='ocrx_word' id='word_1_13' title='bbox 175 264 329 303; x_wconf 89' lang='lat' dir='ltr'>lenonis</span> <span class='ocrx_word' id='word_1_14' title='bbox 350 263 566 315; x_wconf 86' lang='lat' dir='ltr'>turpissimi</span> <span class='ocrx_word' id='word_1_15' title='bbox 588 265 710 303; x_wconf 92' lang='lat' dir='ltr'>domo</span> <span class='ocrx_word' id='word_1_16' title='bbox 731 264 848 302; x_wconf 90' lang='lat' dir='ltr'>simul</span> <span class='ocrx_word' id='word_1_17' title='bbox 869 276 960 302; x_wconf 90' lang='lat' dir='ltr'>cum</span> <span class='ocrx_word' id='word_1_18' title='bbox 982 262 1120 302; x_wconf 89' lang='lat' dir='ltr'>ceteris</span> <span class='ocrx_word' id='word_1_19' title='bbox 1142 262 1374 303; x_wconf 91' lang='lat' dir='ltr'>Chelidonis</span> <span class='ocrx_word' id='word_1_20' title='bbox 1395 264 1502 303; x_wconf 85' lang='lat' dir='ltr'>here-</span> 
     </span>
     <span class='ocr_line' id='line_1_4' title="bbox 172 327 1502 378; baseline 0 -11"><span class='ocrx_word' id='word_1_21' title='bbox 172 328 321 368; x_wconf 86' lang='lat' dir='ltr'>ditariis</span> <span class='ocrx_word' id='word_1_22' title='bbox 354 327 596 367; x_wconf 83' lang='lat' dir='ltr'>ornamentis</span> <span class='ocrx_word' id='word_1_23' title='bbox 631 327 803 378; x_wconf 86' lang='lat' dir='ltr'>Capitoli</span> <span class='ocrx_word' id='word_1_24' title='bbox 843 335 1075 366; x_wconf 88' lang='lat' dir='ltr'>ornamenta</span> <span class='ocrx_word' id='word_1_25' title='bbox 1108 329 1336 377; x_wconf 89' lang='lat' dir='ltr'>ponentur?</span> <span class='ocrx_word' id='word_1_26' title='bbox 1392 327 1502 377; x_wconf 86' lang='lat' dir='ltr'>Quid</span> 
     </span>
     <span class='ocr_line' id='line_1_5' title="bbox 172 391 1502 443; baseline -0.002 -10"><span class='ocrx_word' id='word_1_27' title='bbox 172 393 265 433; x_wconf 91' lang='lat' dir='ltr'>huic</span> <span class='ocrx_word' id='word_1_28' title='bbox 298 392 395 432; x_wconf 90' lang='lat' dir='ltr'>sacri</span> <span class='ocrx_word' id='word_1_29' title='bbox 417 406 607 443; x_wconf 90' lang='lat' dir='ltr'>umquam</span> <span class='ocrx_word' id='word_1_30' title='bbox 629 393 711 431; x_wconf 92' lang='lat' dir='ltr'>fore</span> <span class='ocrx_word' id='word_1_31' title='bbox 732 399 799 431; x_wconf 86' lang='lat' dir='ltr'>aut</span> <span class='ocrx_word' id='word_1_32' title='bbox 820 391 917 442; x_wconf 88' lang='lat' dir='ltr'>quid</span> <span class='ocrx_word' id='word_1_33' title='bbox 937 391 1105 442; x_wconf 85' lang='lat' dir='ltr'>religiosi</span> <span class='ocrx_word' id='word_1_34' title='bbox 1130 391 1249 430; x_wconf 90' lang='lat' dir='ltr'>fuisse</span> <span class='ocrx_word' id='word_1_35' title='bbox 1269 391 1414 442; x_wconf 85' lang='lat' dir='ltr'>putatis</span> <span class='ocrx_word' id='word_1_36' title='bbox 1435 393 1502 442; x_wconf 90' lang='lat' dir='ltr'>qui</span> 
     </span>
     <span class='ocr_line' id='line_1_6' title="bbox 172 456 1585 507; baseline -0.001 -10"><span class='ocrx_word' id='word_1_37' title='bbox 172 471 278 497; x_wconf 91' lang='lat' dir='ltr'>nunc</span> <span class='ocrx_word' id='word_1_38' title='bbox 309 465 419 496; x_wconf 86' lang='lat' dir='ltr'>tanto</span> <span class='ocrx_word' id='word_1_39' title='bbox 454 459 599 496; x_wconf 89' lang='lat' dir='ltr'>scelere</span> <span class='ocrx_word' id='word_1_40' title='bbox 629 470 670 496; x_wconf 92' lang='lat' dir='ltr'>se</span> <span class='ocrx_word' id='word_1_41' title='bbox 700 456 932 496; x_wconf 87' lang='lat' dir='ltr'>obstrictum</span> <span class='ocrx_word' id='word_1_42' title='bbox 963 470 1049 496; x_wconf 91' lang='lat' dir='ltr'>esse</span> <span class='ocrx_word' id='word_1_43' title='bbox 1077 470 1158 496; x_wconf 89' lang='lat' dir='ltr'>non</span> <span class='ocrx_word' id='word_1_44' title='bbox 1189 458 1340 503; x_wconf 88' lang='lat' dir='ltr'>sentiat,</span> <span class='ocrx_word' id='word_1_45' title='bbox 1373 456 1441 507; x_wconf 91' lang='lat' dir='ltr'>qui</span> <span class='ocrx_word' id='word_1_46' title='bbox 1461 456 1500 495; x_wconf 91' lang='lat' dir='ltr'>in</span> <span class='ocrx_word' id='word_1_47' title='bbox 1522 473 1541 506; x_wconf 86' lang='lat'>5</span> <span class='ocrx_word' id='word_1_48' title='bbox 1584 456 1585 461; x_wconf 73' lang='grc'>’</span> 
     </span>
     <span class='ocr_line' id='line_1_7' title="bbox 172 520 1500 572; baseline -0.001 -12"><span class='ocrx_word' id='word_1_49' title='bbox 172 522 363 561; x_wconf 89' lang='lat' dir='ltr'>iudicium</span> <span class='ocrx_word' id='word_1_50' title='bbox 394 521 524 560; x_wconf 87' lang='lat' dir='ltr'>veniat</span> <span class='ocrx_word' id='word_1_51' title='bbox 555 520 624 560; x_wconf 90' lang='lat' dir='ltr'>ubi</span> <span class='ocrx_word' id='word_1_52' title='bbox 655 534 705 560; x_wconf 92' lang='lat' dir='ltr'>ne</span> <span class='ocrx_word' id='word_1_53' title='bbox 735 522 883 571; x_wconf 88' lang='lat' dir='ltr'>precari</span> <span class='ocrx_word' id='word_1_54' title='bbox 925 521 1087 571; x_wconf 89' lang='lat' dir='ltr'>quidem</span> <span class='ocrx_word' id='word_1_55' title='bbox 1123 522 1261 561; x_wconf 91' lang='lat' dir='ltr'>Iovem</span> <span class='ocrx_word' id='word_1_56' title='bbox 1293 521 1500 572; x_wconf 90' lang='lat' dir='ltr'>Optimum</span> 
     </span>
     <span class='ocr_line' id='line_1_8' title="bbox 173 585 1501 636; baseline -0.001 -10"><span class='ocrx_word' id='word_1_57' title='bbox 173 588 395 626; x_wconf 87' lang='lat' dir='ltr'>Maximum</span> <span class='ocrx_word' id='word_1_58' title='bbox 434 593 553 636; x_wconf 88' lang='lat' dir='ltr'>atque</span> <span class='ocrx_word' id='word_1_59' title='bbox 590 585 641 624; x_wconf 89' lang='lat' dir='ltr'>ab</span> <span class='ocrx_word' id='word_1_60' title='bbox 680 598 728 624; x_wconf 93' lang='lat' dir='ltr'>eo</span> <span class='ocrx_word' id='word_1_61' title='bbox 765 585 953 624; x_wconf 90' lang='lat' dir='ltr'>auxilium</span> <span class='ocrx_word' id='word_1_62' title='bbox 1002 594 1134 635; x_wconf 87' lang='lat' dir='ltr'>petere</span> <span class='ocrx_word' id='word_1_63' title='bbox 1172 599 1280 625; x_wconf 90' lang='lat' dir='ltr'>more</span> <span class='ocrx_word' id='word_1_64' title='bbox 1321 586 1501 625; x_wconf 90' lang='lat' dir='ltr'>omnium</span> 
     </span>
     <span class='ocr_line' id='line_1_9' title="bbox 171 649 1504 701; baseline -0.001 -11"><span class='ocrx_word' id='word_1_65' title='bbox 171 651 326 701; x_wconf 85' lang='lat' dir='ltr'>possit?</span> <span class='ocrx_word' id='word_1_66' title='bbox 365 664 389 689; x_wconf 88' lang='lat' dir='ltr'>a</span> <span class='ocrx_word' id='word_1_67' title='bbox 420 664 501 700; x_wconf 89' lang='lat' dir='ltr'>quo</span> <span class='ocrx_word' id='word_1_68' title='bbox 539 650 657 689; x_wconf 89' lang='lat' dir='ltr'>etiam</span> <span class='ocrx_word' id='word_1_69' title='bbox 697 649 738 689; x_wconf 92' lang='lat' dir='ltr'>di</span> <span class='ocrx_word' id='word_1_70' title='bbox 777 649 1017 689; x_wconf 89' lang='lat' dir='ltr'>immortales</span> <span class='ocrx_word' id='word_1_71' title='bbox 1051 664 1122 689; x_wconf 88' lang='lat' dir='ltr'>sua</span> <span class='ocrx_word' id='word_1_72' title='bbox 1159 658 1340 700; x_wconf 87' lang='lat' dir='ltr'>repetunt</span> <span class='ocrx_word' id='word_1_73' title='bbox 1379 650 1419 689; x_wconf 92' lang='lat' dir='ltr'>in</span> <span class='ocrx_word' id='word_1_74' title='bbox 1453 664 1504 689; x_wconf 90' lang='lat' dir='ltr'>eo</span> 
     </span>
     <span class='ocr_line' id='line_1_10' title="bbox 170 714 1502 765; baseline -0.001 -11"><span class='ocrx_word' id='word_1_75' title='bbox 170 715 318 754; x_wconf 88' lang='lat' dir='ltr'>iudicio</span> <span class='ocrx_word' id='word_1_76' title='bbox 348 716 457 765; x_wconf 88' lang='lat' dir='ltr'>quod</span> <span class='ocrx_word' id='word_1_77' title='bbox 492 714 722 753; x_wconf 89' lang='lat' dir='ltr'>hominibus</span> <span class='ocrx_word' id='word_1_78' title='bbox 751 715 802 753; x_wconf 91' lang='lat' dir='ltr'>ad</span> <span class='ocrx_word' id='word_1_79' title='bbox 834 728 924 753; x_wconf 90' lang='lat' dir='ltr'>suas</span> <span class='ocrx_word' id='word_1_80' title='bbox 958 728 1018 754; x_wconf 89' lang='lat' dir='ltr'>res</span> <span class='ocrx_word' id='word_1_81' title='bbox 1054 717 1286 765; x_wconf 88' lang='lat' dir='ltr'>repetendas</span> <span class='ocrx_word' id='word_1_82' title='bbox 1318 722 1377 754; x_wconf 90' lang='lat' dir='ltr'>est</span> <span class='ocrx_word' id='word_1_83' title='bbox 1410 728 1502 754; x_wconf 89' lang='lat' dir='ltr'>con—</span> 
     </span>
     <span class='ocr_line' id='line_1_11' title="bbox 170 778 1562 830; baseline -0.001 -12"><span class='ocrx_word' id='word_1_84' title='bbox 170 780 362 818; x_wconf 89' lang='lat' dir='ltr'>stitutum.</span> <span class='ocrx_word' id='word_1_85' title='bbox 424 779 616 818; x_wconf 81' lang='lat' dir='ltr'>Miramur</span> <span class='ocrx_word' id='word_1_86' title='bbox 650 778 819 818; x_wconf 83' lang='lat' dir='ltr'>Athenis</span> <span class='ocrx_word' id='word_1_87' title='bbox 859 779 1095 826; x_wconf 90' lang='lat' dir='ltr'>Minervam,</span> <span class='ocrx_word' id='word_1_88' title='bbox 1137 779 1227 818; x_wconf 85' lang='lat' dir='ltr'>Deli</span> <span class='ocrx_word' id='word_1_89' title='bbox 1259 779 1498 830; x_wconf 88' lang='lat' dir='ltr'>Apollinem,</span> <span class='ocrx_word' id='word_1_90' title='bbox 1523 794 1562 817; x_wconf 90' lang='lat'>10</span> 
     </span>
     <span class='ocr_line' id='line_1_12' title="bbox 172 843 1501 894; baseline 0.002 -12"><span class='ocrx_word' id='word_1_91' title='bbox 172 846 369 884; x_wconf 85' lang='lat' dir='ltr'>Iunonem</span> <span class='ocrx_word' id='word_1_92' title='bbox 400 844 520 892; x_wconf 89' lang='lat' dir='ltr'>Sami,</span> <span class='ocrx_word' id='word_1_93' title='bbox 551 846 698 894; x_wconf 85' lang='lat' dir='ltr'>Pergae</span> <span class='ocrx_word' id='word_1_94' title='bbox 728 843 911 890; x_wconf 87' lang='lat' dir='ltr'>Dianam,</span> <span class='ocrx_word' id='word_1_95' title='bbox 944 846 1089 883; x_wconf 91' lang='lat' dir='ltr'>multos</span> <span class='ocrx_word' id='word_1_96' title='bbox 1118 852 1317 894; x_wconf 87' lang='lat' dir='ltr'>praeterea</span> <span class='ocrx_word' id='word_1_97' title='bbox 1345 845 1396 883; x_wconf 88' lang='lat' dir='ltr'>ab</span> <span class='ocrx_word' id='word_1_98' title='bbox 1425 844 1501 884; x_wconf 87' lang='lat' dir='ltr'>isto</span> 
     </span>
     <span class='ocr_line' id='line_1_13' title="bbox 169 907 1500 959; baseline -0.001 -12"><span class='ocrx_word' id='word_1_99' title='bbox 169 910 266 948; x_wconf 89' lang='lat' dir='ltr'>deos</span> <span class='ocrx_word' id='word_1_100' title='bbox 296 916 379 947; x_wconf 88' lang='lat' dir='ltr'>tota</span> <span class='ocrx_word' id='word_1_101' title='bbox 408 908 504 947; x_wconf 90' lang='lat' dir='ltr'>Asia</span> <span class='ocrx_word' id='word_1_102' title='bbox 524 908 770 959; x_wconf 86' lang='lat' dir='ltr'>Graeciaque</span> <span class='ocrx_word' id='word_1_103' title='bbox 791 907 967 955; x_wconf 91' lang='lat' dir='ltr'>violatos,</span> <span class='ocrx_word' id='word_1_104' title='bbox 998 908 1066 958; x_wconf 91' lang='lat' dir='ltr'>qui</span> <span class='ocrx_word' id='word_1_105' title='bbox 1094 921 1117 947; x_wconf 91' lang='lat' dir='ltr'>a</span> <span class='ocrx_word' id='word_1_106' title='bbox 1141 907 1339 958; x_wconf 86' lang='lat' dir='ltr'>Capitolio</span> <span class='ocrx_word' id='word_1_107' title='bbox 1360 921 1500 946; x_wconf 88' lang='lat' dir='ltr'>manus</span> 
     </span>
     <span class='ocr_line' id='line_1_14' title="bbox 168 972 1499 1024; baseline -0.001 -12"><span class='ocrx_word' id='word_1_108' title='bbox 168 974 365 1013; x_wconf 86' lang='lat' dir='ltr'>abstinere</span> <span class='ocrx_word' id='word_1_109' title='bbox 403 988 484 1013; x_wconf 89' lang='lat' dir='ltr'>non</span> <span class='ocrx_word' id='word_1_110' title='bbox 519 973 721 1024; x_wconf 90' lang='lat' dir='ltr'>potuerit?</span> <span class='ocrx_word' id='word_1_111' title='bbox 778 974 900 1022; x_wconf 88' lang='lat' dir='ltr'>Quod</span> <span class='ocrx_word' id='word_1_112' title='bbox 938 972 1077 1024; x_wconf 87' lang='lat' dir='ltr'>privati</span> <span class='ocrx_word' id='word_1_113' title='bbox 1115 973 1296 1012; x_wconf 91' lang='lat' dir='ltr'>homines</span> <span class='ocrx_word' id='word_1_114' title='bbox 1335 973 1385 1012; x_wconf 94' lang='lat' dir='ltr'>de</span> <span class='ocrx_word' id='word_1_115' title='bbox 1420 972 1499 1011; x_wconf 90' lang='lat' dir='ltr'>suis</span> 
     </span>
     <span class='ocr_line' id='line_1_15' title="bbox 169 1037 1498 1089; baseline -0.001 -12"><span class='ocrx_word' id='word_1_116' title='bbox 169 1038 346 1088; x_wconf 88' lang='lat' dir='ltr'>pecuniis</span> <span class='ocrx_word' id='word_1_117' title='bbox 376 1046 516 1077; x_wconf 87' lang='lat' dir='ltr'>ornant</span> <span class='ocrx_word' id='word_1_118' title='bbox 546 1037 801 1089; x_wconf 87' lang='lat' dir='ltr'>ornaturique</span> <span class='ocrx_word' id='word_1_119' title='bbox 831 1046 932 1086; x_wconf 91' lang='lat' dir='ltr'>sunt,</span> <span class='ocrx_word' id='word_1_120' title='bbox 961 1038 1002 1078; x_wconf 87' lang='lat' dir='ltr'>id</span> <span class='ocrx_word' id='word_1_121' title='bbox 1025 1039 1069 1079; x_wconf 91' lang='lat' dir='ltr'>C.</span> <span class='ocrx_word' id='word_1_122' title='bbox 1093 1037 1233 1077; x_wconf 88' lang='lat' dir='ltr'>Verres</span> <span class='ocrx_word' id='word_1_123' title='bbox 1262 1038 1314 1076; x_wconf 88' lang='lat' dir='ltr'>ab</span> <span class='ocrx_word' id='word_1_124' title='bbox 1343 1037 1498 1088; x_wconf 88' lang='lat' dir='ltr'>regibus</span> 
     </span>
     <span class='ocr_line' id='line_1_16' title="bbox 170 1103 1557 1154; baseline -0.001 -13"><span class='ocrx_word' id='word_1_125' title='bbox 170 1103 297 1141; x_wconf 90' lang='lat' dir='ltr'>ornari</span> <span class='ocrx_word' id='word_1_126' title='bbox 318 1117 398 1142; x_wconf 93' lang='lat' dir='ltr'>non</span> <span class='ocrx_word' id='word_1_127' title='bbox 420 1116 557 1154; x_wconf 88' lang='lat' dir='ltr'>passus</span> <span class='ocrx_word' id='word_1_128' title='bbox 578 1111 646 1142; x_wconf 87' lang='lat' dir='ltr'>est.</span> <span class='ocrx_word' id='word_1_129' title='bbox 1521 1117 1557 1150; x_wconf 87' lang='lat'>15</span> 
     </span>
     <span class='ocr_line' id='line_1_17' title="bbox 109 1166 1497 1219; baseline -0.001 -13"><span class='ocrx_word' id='word_1_130' title='bbox 109 1173 145 1206; x_wconf 86' lang='lat'>7²</span> <span class='ocrx_word' id='word_1_131' title='bbox 224 1170 364 1218; x_wconf 87' lang='lat' dir='ltr'>Itaque</span> <span class='ocrx_word' id='word_1_132' title='bbox 394 1170 471 1207; x_wconf 92' lang='lat' dir='ltr'>hoc</span> <span class='ocrx_word' id='word_1_133' title='bbox 500 1167 650 1207; x_wconf 88' lang='lat' dir='ltr'>nefario</span> <span class='ocrx_word' id='word_1_134' title='bbox 680 1169 826 1208; x_wconf 90' lang='lat' dir='ltr'>scelere</span> <span class='ocrx_word' id='word_1_135' title='bbox 855 1176 1051 1219; x_wconf 84' lang='lat' dir='ltr'>concepto</span> <span class='ocrx_word' id='word_1_136' title='bbox 1081 1167 1178 1207; x_wconf 90' lang='lat' dir='ltr'>nihil</span> <span class='ocrx_word' id='word_1_137' title='bbox 1198 1175 1336 1219; x_wconf 86' lang='lat' dir='ltr'>postea</span> <span class='ocrx_word' id='word_1_138' title='bbox 1356 1174 1438 1207; x_wconf 87' lang='lat' dir='ltr'>tota</span> <span class='ocrx_word' id='word_1_139' title='bbox 1458 1166 1497 1206; x_wconf 89' lang='lat' dir='ltr'>in</span> 
     </span>
     <span class='ocr_line' id='line_1_18' title="bbox 168 1232 1497 1284; baseline -0.001 -13"><span class='ocrx_word' id='word_1_140' title='bbox 168 1233 300 1272; x_wconf 88' lang='lat' dir='ltr'>Sicilia</span> <span class='ocrx_word' id='word_1_141' title='bbox 331 1246 462 1284; x_wconf 89' lang='lat' dir='ltr'>neque</span> <span class='ocrx_word' id='word_1_142' title='bbox 497 1233 595 1273; x_wconf 83' lang='lat' dir='ltr'>sacri</span> <span class='ocrx_word' id='word_1_143' title='bbox 625 1246 755 1283; x_wconf 91' lang='lat' dir='ltr'>neque</span> <span class='ocrx_word' id='word_1_144' title='bbox 780 1233 948 1284; x_wconf 84' lang='lat' dir='ltr'>religiosi</span> <span class='ocrx_word' id='word_1_145' title='bbox 976 1233 1086 1272; x_wconf 87' lang='lat' dir='ltr'>duxit</span> <span class='ocrx_word' id='word_1_146' title='bbox 1115 1246 1227 1281; x_wconf 77' lang='lat' dir='ltr'>esse3</span> <span class='ocrx_word' id='word_1_147' title='bbox 1260 1233 1313 1272; x_wconf 88' lang='lat' dir='ltr'>ita</span> <span class='ocrx_word' id='word_1_148' title='bbox 1342 1246 1428 1272; x_wconf 87' lang='lat' dir='ltr'>sese</span> <span class='ocrx_word' id='word_1_149' title='bbox 1457 1232 1497 1270; x_wconf 92' lang='lat' dir='ltr'>in</span> 
     </span>
     <span class='ocr_line' id='line_1_19' title="bbox 168 1297 1497 1348; baseline -0.001 -12"><span class='ocrx_word' id='word_1_150' title='bbox 168 1311 214 1336; x_wconf 91' lang='lat' dir='ltr'>ea</span> <span class='ocrx_word' id='word_1_151' title='bbox 247 1297 449 1348; x_wconf 89' lang='lat' dir='ltr'>provincia</span> <span class='ocrx_word' id='word_1_152' title='bbox 480 1311 549 1348; x_wconf 90' lang='lat' dir='ltr'>per</span> <span class='ocrx_word' id='word_1_153' title='bbox 588 1297 799 1336; x_wconf 86' lang='lat' dir='ltr'>triennium</span> <span class='ocrx_word' id='word_1_154' title='bbox 832 1299 950 1348; x_wconf 85' lang='lat' dir='ltr'>gessit</span> <span class='ocrx_word' id='word_1_155' title='bbox 980 1306 1022 1336; x_wconf 86' lang='lat' dir='ltr'>ut</span> <span class='ocrx_word' id='word_1_156' title='bbox 1060 1298 1110 1337; x_wconf 93' lang='lat' dir='ltr'>ab</span> <span class='ocrx_word' id='word_1_157' title='bbox 1145 1297 1221 1336; x_wconf 91' lang='lat' dir='ltr'>isto</span> <span class='ocrx_word' id='word_1_158' title='bbox 1255 1311 1336 1336; x_wconf 91' lang='lat' dir='ltr'>non</span> <span class='ocrx_word' id='word_1_159' title='bbox 1368 1298 1497 1336; x_wconf 88' lang='lat' dir='ltr'>solum</span> 
     </span>
     <span class='ocr_line' id='line_1_20' title="bbox 166 1361 1495 1401; baseline 0.001 -2"><span class='ocrx_word' id='word_1_160' title='bbox 166 1361 395 1401; x_wconf 89' lang='lat' dir='ltr'>hominibus</span> <span class='ocrx_word' id='word_1_161' title='bbox 417 1375 553 1401; x_wconf 92' lang='lat' dir='ltr'>verum</span> <span class='ocrx_word' id='word_1_162' title='bbox 578 1361 696 1401; x_wconf 88' lang='lat' dir='ltr'>etiarn</span> <span class='ocrx_word' id='word_1_163' title='bbox 717 1362 778 1401; x_wconf 93' lang='lat' dir='ltr'>dis</span> <span class='ocrx_word' id='word_1_164' title='bbox 814 1362 1101 1401; x_wconf 90' lang='lat' dir='ltr'>immortalibus</span> <span class='ocrx_word' id='word_1_165' title='bbox 1133 1363 1281 1401; x_wconf 90' lang='lat' dir='ltr'>bellum</span> <span class='ocrx_word' id='word_1_166' title='bbox 1302 1361 1495 1401; x_wconf 90' lang='lat' dir='ltr'>indictum</span> 
     </span>
     <span class='ocr_line' id='line_1_21' title="bbox 93 1425 1558 1478; baseline 0.001 -13"><span class='ocrx_word' id='word_1_167' title='bbox 93 1434 145 1473; x_wconf 89' lang='lat'>33</span> <span class='ocrx_word' id='word_1_168' title='bbox 167 1434 379 1478; x_wconf 88' lang='lat' dir='ltr'>putaretur.</span> <span class='ocrx_word' id='word_1_169' title='bbox 438 1428 600 1478; x_wconf 89' lang='lat' dir='ltr'>Segesta</span> <span class='ocrx_word' id='word_1_170' title='bbox 619 1434 678 1466; x_wconf 89' lang='lat' dir='ltr'>est</span> <span class='ocrx_word' id='word_1_171' title='bbox 699 1426 893 1478; x_wconf 89' lang='lat' dir='ltr'>oppidum</span> <span class='ocrx_word' id='word_1_172' title='bbox 914 1434 1096 1477; x_wconf 89' lang='lat' dir='ltr'>pervetus</span> <span class='ocrx_word' id='word_1_173' title='bbox 1112 1426 1152 1465; x_wconf 91' lang='lat' dir='ltr'>in</span> <span class='ocrx_word' id='word_1_174' title='bbox 1169 1426 1312 1474; x_wconf 89' lang='lat' dir='ltr'>Sicilia,</span> <span class='ocrx_word' id='word_1_175' title='bbox 1329 1425 1492 1473; x_wconf 82' lang='lat' dir='ltr'>iudices,</span> <span class='ocrx_word' id='word_1_176' title='bbox 1517 1444 1558 1467; x_wconf 91' lang='lat'>20</span> 
     </span>
     <span class='ocr_line' id='line_1_22' title="bbox 166 1490 1496 1542; baseline 0 -12"><span class='ocrx_word' id='word_1_177' title='bbox 166 1493 275 1542; x_wconf 92' lang='lat' dir='ltr'>quod</span> <span class='ocrx_word' id='word_1_178' title='bbox 296 1492 347 1530; x_wconf 91' lang='lat' dir='ltr'>ab</span> <span class='ocrx_word' id='word_1_179' title='bbox 368 1493 505 1531; x_wconf 89' lang='lat' dir='ltr'>Aenea</span> <span class='ocrx_word' id='word_1_180' title='bbox 525 1491 700 1542; x_wconf 87' lang='lat' dir='ltr'>fugiente</span> <span class='ocrx_word' id='word_1_181' title='bbox 721 1504 744 1530; x_wconf 90' lang='lat' dir='ltr'>a</span> <span class='ocrx_word' id='word_1_182' title='bbox 763 1491 883 1530; x_wconf 87' lang='lat' dir='ltr'>Troia</span> <span class='ocrx_word' id='word_1_183' title='bbox 898 1498 1018 1542; x_wconf 89' lang='lat' dir='ltr'>atque</span> <span class='ocrx_word' id='word_1_184' title='bbox 1039 1491 1078 1530; x_wconf 89' lang='lat' dir='ltr'>in</span> <span class='ocrx_word' id='word_1_185' title='bbox 1099 1493 1197 1530; x_wconf 90' lang='lat' dir='ltr'>haec</span> <span class='ocrx_word' id='word_1_186' title='bbox 1210 1492 1298 1530; x_wconf 92' lang='lat' dir='ltr'>loca</span> <span class='ocrx_word' id='word_1_187' title='bbox 1313 1490 1496 1530; x_wconf 88' lang='lat' dir='ltr'>veniente</span> 
     </span>
     <span class='ocr_line' id='line_1_23' title="bbox 166 1556 1496 1607; baseline -0.001 -12"><span class='ocrx_word' id='word_1_188' title='bbox 166 1556 374 1596; x_wconf 88' lang='lat' dir='ltr'>conditum</span> <span class='ocrx_word' id='word_1_189' title='bbox 404 1570 490 1596; x_wconf 89' lang='lat' dir='ltr'>esse</span> <span class='ocrx_word' id='word_1_190' title='bbox 519 1558 805 1596; x_wconf 88' lang='lat' dir='ltr'>demonstrant.</span> <span class='ocrx_word' id='word_1_191' title='bbox 866 1557 1007 1607; x_wconf 90' lang='lat' dir='ltr'>Itaque</span> <span class='ocrx_word' id='word_1_192' title='bbox 1037 1556 1239 1607; x_wconf 85' lang='lat' dir='ltr'>Segestani</span> <span class='ocrx_word' id='word_1_193' title='bbox 1265 1569 1344 1596; x_wconf 92' lang='lat' dir='ltr'>non</span> <span class='ocrx_word' id='word_1_194' title='bbox 1367 1557 1496 1595; x_wconf 90' lang='lat' dir='ltr'>solum</span> 
     </span>
     <span class='ocr_line' id='line_1_24' title="bbox 166 1620 1496 1672; baseline -0.002 -11"><span class='ocrx_word' id='word_1_195' title='bbox 166 1630 356 1672; x_wconf 86' lang='lat' dir='ltr'>perpetua</span> <span class='ocrx_word' id='word_1_196' title='bbox 385 1621 574 1661; x_wconf 87' lang='lat' dir='ltr'>societate</span> <span class='ocrx_word' id='word_1_197' title='bbox 602 1629 722 1672; x_wconf 90' lang='lat' dir='ltr'>atque</span> <span class='ocrx_word' id='word_1_198' title='bbox 750 1620 938 1669; x_wconf 86' lang='lat' dir='ltr'>amicitia,</span> <span class='ocrx_word' id='word_1_199' title='bbox 957 1634 1092 1660; x_wconf 89' lang='lat' dir='ltr'>verum</span> <span class='ocrx_word' id='word_1_200' title='bbox 1117 1620 1235 1660; x_wconf 87' lang='lat' dir='ltr'>etiarn</span> <span class='ocrx_word' id='word_1_201' title='bbox 1259 1620 1496 1671; x_wconf 87' lang='lat' dir='ltr'>cognatione</span> 
     </span>
     <span class='ocr_line' id='line_1_25' title="bbox 164 1685 1495 1737; baseline -0.002 -12"><span class='ocrx_word' id='word_1_202' title='bbox 164 1700 206 1725; x_wconf 88' lang='lat' dir='ltr'>se</span> <span class='ocrx_word' id='word_1_203' title='bbox 226 1700 316 1725; x_wconf 89' lang='lat' dir='ltr'>curn</span> <span class='ocrx_word' id='word_1_204' title='bbox 338 1688 488 1737; x_wconf 91' lang='lat' dir='ltr'>populo</span> <span class='ocrx_word' id='word_1_205' title='bbox 511 1688 696 1725; x_wconf 89' lang='lat' dir='ltr'>Romano</span> <span class='ocrx_word' id='word_1_206' title='bbox 723 1685 958 1725; x_wconf 88' lang='lat' dir='ltr'>coniunctos</span> <span class='ocrx_word' id='word_1_207' title='bbox 986 1698 1071 1723; x_wconf 91' lang='lat' dir='ltr'>esse</span> <span class='ocrx_word' id='word_1_208' title='bbox 1095 1685 1341 1724; x_wconf 81' lang='lat' dir='ltr'>arbitrantur.</span> <span class='ocrx_word' id='word_1_209' title='bbox 1401 1687 1495 1724; x_wconf 92' lang='lat' dir='ltr'>Hoc</span> 
     </span>
     <span class='ocr_line' id='line_1_26' title="bbox 163 1750 1555 1801; baseline 0.001 -12"><span class='ocrx_word' id='word_1_210' title='bbox 163 1752 367 1800; x_wconf 89' lang='lat' dir='ltr'>quondam</span> <span class='ocrx_word' id='word_1_211' title='bbox 389 1750 595 1801; x_wconf 89' lang='lat' dir='ltr'>oppidum,</span> <span class='ocrx_word' id='word_1_212' title='bbox 615 1764 706 1790; x_wconf 91' lang='lat' dir='ltr'>curn</span> <span class='ocrx_word' id='word_1_213' title='bbox 727 1751 792 1789; x_wconf 88' lang='lat' dir='ltr'>illa</span> <span class='ocrx_word' id='word_1_214' title='bbox 811 1750 947 1789; x_wconf 86' lang='lat' dir='ltr'>civitas</span> <span class='ocrx_word' id='word_1_215' title='bbox 968 1763 1058 1788; x_wconf 89' lang='lat' dir='ltr'>curn</span> <span class='ocrx_word' id='word_1_216' title='bbox 1081 1750 1223 1790; x_wconf 83' lang='lat' dir='ltr'>Poenis</span> <span class='ocrx_word' id='word_1_217' title='bbox 1245 1764 1316 1789; x_wconf 91' lang='lat' dir='ltr'>suo</span> <span class='ocrx_word' id='word_1_218' title='bbox 1332 1751 1495 1790; x_wconf 91' lang='lat' dir='ltr'>nomine</span> <span class='ocrx_word' id='word_1_219' title='bbox 1517 1767 1555 1801; x_wconf 81' lang='lat'>25</span> 
     </span>
     <span class='ocr_line' id='line_1_27' title="bbox 162 1814 1495 1866; baseline 0 -12"><span class='ocrx_word' id='word_1_220' title='bbox 162 1829 208 1855; x_wconf 81' lang='lat' dir='ltr'>ac</span> <span class='ocrx_word' id='word_1_221' title='bbox 230 1829 300 1854; x_wconf 84' lang='lat' dir='ltr'>sua</span> <span class='ocrx_word' id='word_1_222' title='bbox 320 1823 461 1866; x_wconf 91' lang='lat' dir='ltr'>sponte</span> <span class='ocrx_word' id='word_1_223' title='bbox 483 1816 654 1862; x_wconf 83' lang='lat' dir='ltr'>bellaret,</span> <span class='ocrx_word' id='word_1_224' title='bbox 676 1829 700 1854; x_wconf 88' lang='lat' dir='ltr'>a</span> <span class='ocrx_word' id='word_1_225' title='bbox 721 1814 1112 1865; x_wconf 89' lang='lat' dir='ltr'>Carthaginiensibus</span> <span class='ocrx_word' id='word_1_226' title='bbox 1132 1815 1168 1854; x_wconf 91' lang='lat' dir='ltr'>vi</span> <span class='ocrx_word' id='word_1_227' title='bbox 1196 1822 1355 1866; x_wconf 89' lang='lat' dir='ltr'>captum</span> <span class='ocrx_word' id='word_1_228' title='bbox 1375 1823 1495 1866; x_wconf 89' lang='lat' dir='ltr'>atque</span> 
     </span>
     <span class='ocr_line' id='line_1_28' title="bbox 162 1880 1495 1932; baseline 0.001 -13"><span class='ocrx_word' id='word_1_229' title='bbox 162 1881 339 1919; x_wconf 86' lang='lat' dir='ltr'>deletum</span> <span class='ocrx_word' id='word_1_230' title='bbox 370 1888 439 1928; x_wconf 88' lang='lat' dir='ltr'>est,</span> <span class='ocrx_word' id='word_1_231' title='bbox 472 1880 686 1931; x_wconf 87' lang='lat' dir='ltr'>omniaque</span> <span class='ocrx_word' id='word_1_232' title='bbox 716 1893 818 1931; x_wconf 87' lang='lat' dir='ltr'>quae</span> <span class='ocrx_word' id='word_1_233' title='bbox 848 1887 1082 1920; x_wconf 87' lang='lat' dir='ltr'>ornamento</span> <span class='ocrx_word' id='word_1_234' title='bbox 1111 1880 1198 1920; x_wconf 92' lang='lat' dir='ltr'>urbi</span> <span class='ocrx_word' id='word_1_235' title='bbox 1228 1894 1313 1920; x_wconf 89' lang='lat' dir='ltr'>esse</span> <span class='ocrx_word' id='word_1_236' title='bbox 1333 1889 1495 1932; x_wconf 86' lang='lat' dir='ltr'>possent</span> 
     </span>
     <span class='ocr_line' id='line_1_29' title="bbox 163 1943 1495 1996; baseline 0 -12"><span class='ocrx_word' id='word_1_237' title='bbox 163 1943 443 1995; x_wconf 85' lang='lat' dir='ltr'>Carthaginem</span> <span class='ocrx_word' id='word_1_238' title='bbox 478 1952 569 1983; x_wconf 91' lang='lat' dir='ltr'>sunt</span> <span class='ocrx_word' id='word_1_239' title='bbox 600 1958 646 1983; x_wconf 87' lang='lat' dir='ltr'>ex</span> <span class='ocrx_word' id='word_1_240' title='bbox 677 1944 745 1984; x_wconf 92' lang='lat' dir='ltr'>illo</span> <span class='ocrx_word' id='word_1_241' title='bbox 778 1946 868 1984; x_wconf 90' lang='lat' dir='ltr'>loco</span> <span class='ocrx_word' id='word_1_242' title='bbox 902 1946 1118 1995; x_wconf 89' lang='lat' dir='ltr'>deportata.</span> <span class='ocrx_word' id='word_1_243' title='bbox 1178 1945 1266 1984; x_wconf 87' lang='lat' dir='ltr'>Fuit</span> <span class='ocrx_word' id='word_1_244' title='bbox 1290 1947 1397 1996; x_wconf 92' lang='lat' dir='ltr'>apud</span> <span class='ocrx_word' id='word_1_245' title='bbox 1432 1945 1495 1984; x_wconf 92' lang='lat' dir='ltr'>Se-</span> 
     </span>
     <span class='ocr_line' id='line_1_30' title="bbox 161 2008 1573 2060; baseline 0.002 -14"><span class='ocrx_word' id='word_1_246' title='bbox 161 2016 345 2058; x_wconf 84' lang='lat' dir='ltr'>gestanos</span> <span class='ocrx_word' id='word_1_247' title='bbox 377 2021 424 2047; x_wconf 89' lang='lat' dir='ltr'>ex</span> <span class='ocrx_word' id='word_1_248' title='bbox 454 2021 543 2048; x_wconf 86' lang='lat' dir='ltr'>aere</span> <span class='ocrx_word' id='word_1_249' title='bbox 579 2008 732 2047; x_wconf 89' lang='lat' dir='ltr'>Dianae</span> <span class='ocrx_word' id='word_1_250' title='bbox 763 2008 1026 2056; x_wconf 89' lang='lat' dir='ltr'>simulacrum,</span> <span class='ocrx_word' id='word_1_251' title='bbox 1053 2022 1143 2048; x_wconf 90' lang='lat' dir='ltr'>curn</span> <span class='ocrx_word' id='word_1_252' title='bbox 1183 2023 1337 2048; x_wconf 90' lang='lat' dir='ltr'>summa</span> <span class='ocrx_word' id='word_1_253' title='bbox 1374 2018 1494 2060; x_wconf 86' lang='lat' dir='ltr'>atque</span> <span class='ocrx_word' id='word_1_254' title='bbox 1568 2050 1573 2060; x_wconf 21' lang='grc' dir='ltr'>Ἢ</span> 
     </span>
     <span class='ocr_line' id='line_1_31' title="bbox 163 2065 1574 2125; baseline 0.004 -15"><span class='ocrx_word' id='word_1_255' title='bbox 163 2072 438 2123; x_wconf 81' lang='lat' dir='ltr'>antiquissima</span> <span class='ocrx_word' id='word_1_256' title='bbox 468 2073 690 2124; x_wconf 90' lang='lat' dir='ltr'>praeditum</span> <span class='ocrx_word' id='word_1_257' title='bbox 721 2073 908 2124; x_wconf 90' lang='lat' dir='ltr'>religione</span> <span class='ocrx_word' id='word_1_258' title='bbox 940 2081 1023 2112; x_wconf 91' lang='lat' dir='ltr'>tum</span> <span class='ocrx_word' id='word_1_259' title='bbox 1055 2073 1238 2124; x_wconf 90' lang='lat' dir='ltr'>singulari</span> <span class='ocrx_word' id='word_1_260' title='bbox 1268 2088 1386 2124; x_wconf 92' lang='lat' dir='ltr'>opere</span> <span class='ocrx_word' id='word_1_261' title='bbox 1407 2074 1492 2113; x_wconf 86' lang='lat' dir='ltr'>arti·</span> <span class='ocrx_word' id='word_1_262' title='bbox 1511 2065 1574 2125; x_wconf 59' lang='lat'>30}</span> 
     </span>
     <span class='ocr_line' id='line_1_32' title="bbox 164 2137 1493 2189; baseline 0.002 -14"><span class='ocrx_word' id='word_1_263' title='bbox 164 2137 334 2187; x_wconf 89' lang='lat' dir='ltr'>ficioque</span> <span class='ocrx_word' id='word_1_264' title='bbox 374 2140 602 2189; x_wconf 88' lang='lat' dir='ltr'>perfectum.</span> <span class='ocrx_word' id='word_1_265' title='bbox 662 2140 756 2177; x_wconf 91' lang='lat' dir='ltr'>Hoc</span> <span class='ocrx_word' id='word_1_266' title='bbox 785 2140 1015 2177; x_wconf 89' lang='lat' dir='ltr'>translatum</span> <span class='ocrx_word' id='word_1_267' title='bbox 1051 2138 1329 2188; x_wconf 87' lang='lat' dir='ltr'>Carthaginem</span> <span class='ocrx_word' id='word_1_268' title='bbox 1360 2140 1493 2177; x_wconf 91' lang='lat' dir='ltr'>locum</span> 
     </span>
     <span class='ocr_line' id='line_1_33' title="bbox 166 2203 1493 2254; baseline 0.001 -14"><span class='ocrx_word' id='word_1_269' title='bbox 166 2210 317 2240; x_wconf 88' lang='lat' dir='ltr'>tantum</span> <span class='ocrx_word' id='word_1_270' title='bbox 349 2204 610 2253; x_wconf 90' lang='lat' dir='ltr'>hominesque</span> <span class='ocrx_word' id='word_1_271' title='bbox 639 2211 816 2250; x_wconf 80' lang='lat' dir='ltr'>mutarat,</span> <span class='ocrx_word' id='word_1_272' title='bbox 849 2203 1077 2253; x_wconf 87' lang='lat' dir='ltr'>religionem</span> <span class='ocrx_word' id='word_1_273' title='bbox 1107 2203 1269 2254; x_wconf 90' lang='lat' dir='ltr'>quidem</span> <span class='ocrx_word' id='word_1_274' title='bbox 1290 2203 1493 2254; x_wconf 90' lang='lat' dir='ltr'>pristinam</span> 
     </span>
    </p>
   </div>
   <div class='ocr_carea' id='block_1_3' title="bbox 1556 0 1600 2704">
    <p class='ocr_par' dir='ltr' id='par_1_3' title="bbox 1556 0 1600 2704">
     <span class='ocr_line' id='line_1_34' title="bbox 1568 0 1600 856; baseline 0 -104"><span class='ocrx_word' id='word_1_275' title='bbox 1568 0 1600 856; x_wconf 95' lang='lat' dir='ltr'>  </span> 
     </span>
     <span class='ocr_line' id='line_1_35' title="bbox 1556 856 1600 2704; baseline 0 0"><span class='ocrx_word' id='word_1_276' title='bbox 1556 856 1600 2704; x_wconf 95' lang='lat' dir='ltr'>   </span> <span class='ocrx_word' id='word_1_277' title='bbox 1576 1739 1600 2152; x_wconf 95' lang='lat' dir='ltr'> </span> 
     </span>
    </p>
   </div>
   <div class='ocr_carea' id='block_1_4' title="bbox 1569 1842 1576 2049">
    <p class='ocr_par' dir='ltr' id='par_1_4' title="bbox 1569 1842 1576 2049">
     <span class='ocr_line' id='line_1_36' title="bbox 1570 1842 1576 1915; baseline 0 0"><span class='ocrx_word' id='word_1_278' title='bbox 1570 1842 1576 1915; x_wconf 67' lang='lat' dir='ltr'>l</span> 
     </span>
     <span class='ocr_line' id='line_1_37' title="bbox 1570 1935 1575 1966; baseline 0 -4"><span class='ocrx_word' id='word_1_279' title='bbox 1570 1935 1575 1966; x_wconf 64' lang='lat' dir='ltr'>i</span> 
     </span>
     <span class='ocr_line' id='line_1_38' title="bbox 1569 1967 1574 2049; baseline 0 0"><span class='ocrx_word' id='word_1_280' title='bbox 1569 1967 1574 2049; x_wconf 73' lang='grc' dir='ltr'>Ξ</span> 
     </span>
    </p>
   </div>
   <div class='ocr_carea' id='block_1_5' title="bbox 169 2304 1493 2389">
    <p class='ocr_par' dir='ltr' id='par_1_5' title="bbox 169 2304 1493 2389">
     <span class='ocr_line' id='line_1_39' title="bbox 215 2304 1493 2347; baseline 0.002 -13"><span class='ocrx_word' id='word_1_281' title='bbox 215 2315 251 2343; x_wconf 79' lang='lat'>13</span> <span class='ocrx_word' id='word_1_282' title='bbox 277 2304 374 2343; x_wconf 86' lang='lat' dir='ltr'>Quod</span> <span class='ocrx_word' id='word_1_283' title='bbox 393 2328 399 2335; x_wconf 93' lang='lat'>.</span> <span class='ocrx_word' id='word_1_284' title='bbox 418 2329 425 2336; x_wconf 92' lang='lat'>.</span> <span class='ocrx_word' id='word_1_285' title='bbox 449 2330 455 2337; x_wconf 96' lang='lat'>.</span> <span class='ocrx_word' id='word_1_286' title='bbox 477 2316 514 2345; x_wconf 85' lang='lat'>15</span> <span class='ocrx_word' id='word_1_287' title='bbox 540 2317 657 2346; x_wconf 84' lang='lat' dir='ltr'>passus</span> <span class='ocrx_word' id='word_1_288' title='bbox 673 2312 725 2339; x_wconf 92' lang='lat' dir='ltr'>est</span> <span class='ocrx_word' id='word_1_289' title='bbox 741 2306 808 2338; x_wconf 86' lang='lat' dir='ltr'>secl.</span> <span class='ocrx_word' id='word_1_290' title='bbox 828 2306 944 2338; x_wconf 79' lang='lat' dir='ltr'>Eberle.</span> <span class='ocrx_word' id='word_1_291' title='bbox 965 2306 1105 2347; x_wconf 73' lang='lat' dir='ltr'>Richter,</span> <span class='ocrx_word' id='word_1_292' title='bbox 1125 2306 1183 2339; x_wconf 80' lang='lat' dir='ltr'>del.</span> <span class='ocrx_word' id='word_1_293' title='bbox 1203 2306 1292 2338; x_wconf 77' lang='lat' dir='ltr'>Nolzl</span> <span class='ocrx_word' id='word_1_294' title='bbox 1452 2316 1493 2346; x_wconf 86' lang='lat'>25</span> 
     </span>
     <span class='ocr_line' id='line_1_40' title="bbox 169 2348 560 2389; baseline 0.005 -12"><span class='ocrx_word' id='word_1_295' title='bbox 169 2359 240 2377; x_wconf 84' lang='lat' dir='ltr'>cum</span> <span class='ocrx_word' id='word_1_296' title='bbox 264 2352 350 2386; x_wconf 44' lang='lat' dir='ltr'>{ante</span> <span class='ocrx_word' id='word_1_297' title='bbox 366 2348 438 2389; x_wconf 82' lang='lat' dir='ltr'>illa)</span> <span class='ocrx_word' id='word_1_298' title='bbox 456 2360 520 2379; x_wconf 81' lang='lat' dir='ltr'>om.</span> <span class='ocrx_word' id='word_1_299' title='bbox 535 2355 560 2389; x_wconf 87' lang='lat' dir='ltr'>p</span> 
     </span>
    </p>
   </div>
  </div>
 </body>
</html>
