1600 2704
149 137 418 176 ACTIONIS
448 137 509 174 IN
541 136 586 175 C.
608 136 852 173 VERREM
881 136 1182 175 SECVNDAE
1213 137 1316 173 LIB.
1339 138 1376 172 V
1418 140 1472 184 67
1497 151 1555 190 171

1493 224 1549 271 67

201 246 241 284 Si
267 248 364 285 haec
394 260 475 285 non
504 247 555 284 ad
585 245 679 283 civis
709 246 926 292 Romanos,
955 258 1037 283 non
1066 247 1118 284 ad
1146 246 1299 296 aliquos
1324 247 1473 285 amicos
1496 290 1554 324 171

146 318 302 349 nostrae
335 310 512 358 civitatis,
546 323 628 348 non
661 310 713 347 ad
746 322 813 347 eos
851 309 919 358 qui
952 309 1089 359 populi
1123 310 1297 348 Romani
1325 324 1473 350 nomen

143 375 357 423 audissent,
392 375 565 425 denique
596 374 627 412 si
661 387 743 411 non
776 375 827 412 ad
858 373 1040 412 homines
1069 388 1203 413 verum
1235 377 1286 414 ad
1316 376 1471 424 bestias,

142 447 210 478 aut
237 440 366 488 etiam,
398 447 441 478 ut
469 438 624 489 longius
657 438 893 488 progrediar,
924 438 955 476 si
979 438 1018 475 in
1048 438 1179 488 aliqua
1208 441 1472 479 desertissima

103 520 121 551 5
143 504 356 543 solitudine
375 505 426 542 ad
452 517 544 542 saxa
573 511 611 542 et
637 505 688 542 ad
715 504 899 553 scopulos
926 504 1024 541 haec
1054 504 1243 554 conqueri
1272 518 1318 542 ac
1338 507 1472 555 deplo-

142 581 224 607 rare
256 569 409 616 vellem,
444 576 577 606 tamen
616 567 750 606 omnia
791 575 897 605 muta
931 575 1049 617 atque
1084 568 1258 607 inanima
1291 577 1399 608 tanta
1433 579 1471 609 et

140 640 219 671 tam
246 633 409 684 indigna
434 647 563 672 rerum
589 632 802 671 acerbitate
826 641 1178 671 commoverentur.
1240 635 1358 673 Nunc
1379 649 1470 674 vero

139 711 230 735 cum
250 699 389 748 loquar
414 699 521 748 apud
551 704 750 736 senatores
777 696 914 746 populi
944 697 1129 745 Romani,
1151 699 1281 748 legum
1309 707 1346 737 et
1371 699 1470 739 iudi-

137 761 288 800 ciorum
321 770 359 801 et
389 761 482 800 iuris
512 769 703 809 auctores,
736 760 873 799 timere
907 774 989 799 non
1019 763 1149 801 debeo
1178 776 1228 801 ne
1258 777 1340 802 non
1366 778 1468 803 unus

80 839 118 861 10
136 826 210 865 iste
239 826 334 865 civis
362 828 569 866 Romanus
601 826 666 864 illa
696 839 812 864 cruce
845 825 999 876 dignus,
1030 827 1149 866 ceteri
1178 841 1316 868 omnes
1352 830 1468 868 simili

136 891 311 942 periculo
358 891 620 942 indignissimi
678 891 914 930 iudicentur.
983 893 1107 930 Paulo
1153 901 1256 941 ante,
1304 893 1466 942 iudices,
1491 904 1550 938 172

135 956 315 994 lacrimas
338 956 379 994 in
405 963 531 995 morte
557 956 699 995 misera
726 963 845 1007 atque
874 955 1037 1006 indigna
1065 959 1353 996 nauarchorum
1386 973 1466 998 non

135 1022 381 1069 tenebamus,
430 1028 469 1060 et
516 1028 620 1060 recte
667 1034 713 1059 ac
760 1020 900 1060 merito
948 1021 1145 1060 sociorum
1193 1022 1466 1062 innocentium

134 1085 289 1124 miseria
327 1086 704 1125 commovebamur:
752 1085 849 1136 quid
886 1099 994 1124 nunc
1032 1085 1073 1123 in
1107 1094 1242 1125 nostro
1276 1089 1465 1138 sanguine

76 1163 112 1195 15
133 1152 294 1189 tandem
350 1152 477 1190 facere
533 1151 758 1189 debemus?
830 1151 934 1188 Nam
992 1150 1137 1188 civium
1188 1152 1462 1191 Romanorum

131 1215 311 1252 omnium
341 1215 498 1265 sanguis
528 1215 764 1253 coniunctus
791 1214 1075 1253 existimandus
1105 1223 1174 1263 est,
1206 1216 1394 1266 quoniam
1425 1227 1464 1256 et

131 1278 265 1317 salutis
285 1279 464 1318 omnium
485 1279 583 1318 ratio
612 1287 651 1318 et
673 1279 816 1318 veritas
845 1280 1027 1328 postulat.
1089 1280 1240 1318 Omnes
1271 1282 1347 1319 hoc
1374 1283 1462 1321 loco

130 1342 234 1382 cives
267 1343 451 1391 Romani,
481 1352 520 1382 et
552 1343 617 1392 qui
647 1344 793 1382 adsunt
819 1351 857 1381 et
888 1343 954 1392 qui
985 1343 1133 1392 ubique
1163 1352 1264 1391 sunt,
1293 1354 1460 1384 vestram

129 1409 375 1447 severitatem
407 1408 643 1455 desiderant,
678 1416 846 1447 vestram
879 1409 998 1446 fidem
1034 1408 1256 1457 implorant,
1288 1398 1479 1449 vestrunr

67 1490 109 1512 20
127 1473 315 1512 auxilium
354 1472 582 1523 requirunt,
629 1473 764 1511 onmia
808 1486 878 1511 sua
921 1473 1003 1510 iura
1048 1476 1261 1512 commoda
1304 1476 1458 1524 auxilia,

127 1546 250 1576 totam
275 1537 449 1587 denique
474 1537 694 1575 libertatem
722 1537 763 1575 in
792 1537 928 1575 vestris
958 1538 1161 1576 sententiis
1190 1540 1331 1578 versari
1361 1541 1461 1579 arbi-

125 1609 283 1641 trantur.
344 1604 381 1640 A
412 1615 476 1640 me
510 1602 666 1640 tametsi
697 1601 790 1640 satis
829 1603 989 1649 habent,
1021 1610 1166 1650 tamen,
1194 1604 1225 1642 si
1259 1618 1319 1643 res
1349 1605 1459 1644 aliter
1482 1622 1542 1657 173

123 1666 321 1714 acciderit,
343 1668 431 1717 plus
451 1666 657 1705 habebunt
681 1667 845 1704 fortasse
871 1680 991 1716 quam
1021 1669 1232 1717 postulant.
1293 1670 1398 1708 Nam
1425 1671 1456 1709 si

123 1744 202 1781 qua
221 1730 278 1769 vis
299 1730 417 1769 istum
444 1732 496 1769 de
515 1737 644 1769 vestra
668 1730 873 1769 severitate
899 1730 1094 1781 eripuerit,
1116 1731 1157 1770 id
1187 1735 1295 1782 quod
1326 1748 1455 1784 neque

64 1809 104 1842 25
124 1804 270 1844 metuo,
291 1795 454 1844 iudices,
479 1810 610 1846 neque
636 1797 719 1835 ullo
748 1797 872 1835 modo
900 1796 983 1835 fieri
1010 1810 1126 1847 posse
1146 1797 1401 1845 vide0,—sed
1422 1801 1453 1839 si

122 1860 162 1898 in
189 1862 266 1898 hoc
292 1873 357 1898 me
385 1860 484 1899 ratio
512 1860 701 1908 fefellerit,
723 1860 844 1899 Siculi
873 1874 1032 1899 causam
1061 1875 1171 1900 suam
1196 1863 1342 1912 perisse
1363 1877 1453 1914 que-

120 1933 254 1964 rentur
285 1932 322 1963 et
357 1938 514 1963 mecum
547 1925 691 1976 pariter
723 1927 889 1964 moleste
921 1927 1057 1973 ferent,
1088 1929 1258 1976 populus
1291 1928 1451 1978 quidem

122 1991 328 2028 Romanus
353 1989 471 2037 brevi,
497 1989 686 2040 quoniam
716 1988 813 2027 mihi
842 1997 1079 2040 potestatem
1105 1992 1212 2041 apud
1239 2005 1280 2030 se
1309 1994 1451 2043 agendi

119 2054 241 2102 dedit,
274 2053 333 2092 ius
373 2067 489 2092 suum
529 2067 592 2093 me
623 2061 766 2104 agente
801 2053 880 2093 suis
910 2055 1099 2105 suffragiis
1128 2063 1221 2094 ante
1246 2058 1449 2096 Kalendas

61 2133 101 2165 30
120 2118 350 2157 Februarias
374 2118 630 2169 recuperabit.
691 2121 752 2157 Ac
772 2118 803 2157 si
824 2120 876 2157 de
903 2133 991 2158 mea
1018 2120 1141 2169 gloria
1168 2129 1288 2170 atque
1314 2122 1451 2172 ampli-

117 2183 256 2221 tudine
287 2182 482 2232 quaeritis,
512 2183 674 2230 iudices,
704 2196 785 2222 non
816 2190 874 2222 est
902 2184 1075 2222 alienum
1105 2185 1202 2223 meis
1231 2186 1448 2225 rationibus

160 2288 182 2318 6
204 2286 349 2318 inanima
365 2286 576 2326 Naugerius:
613 2287 794 2317 inanimata
811 2285 905 2318 RSW
924 2298 930 2316 :
964 2287 1158 2318 inanimalia
1168 2289 1214 2327 pk
1369 2291 1389 2320 8
1414 2295 1446 2320 et

115 2331 180 2362 o'm.
202 2331 218 2360 δ
350 2340 372 2369 9
394 2334 428 2361 et
446 2330 530 2361 iuris
546 2328 626 2361 RS:
653 2335 686 2360 et
704 2340 768 2361 om.
791 2330 833 2359 rrk
981 2331 1018 2360 18
1042 2336 1187 2361 vestram
1207 2341 1314 2363 sever.
1336 2333 1439 2364 desid.

116 2374 179 2404 uk:
203 2384 268 2404 om.
287 2372 382 2405 st
