1600 2704
84 128 154 157 112

79 501 122 528 12

82 631 119 661 29

161 124 178 153 8
505 114 560 150 M.
594 110 762 150 TVLLI
794 105 1100 148 CICERONIS

137 228 310 268 lambere
324 242 334 275 3
369 239 460 264 nam
488 225 538 264 de
566 229 765 262 conventu
793 220 943 258 nullum
975 227 1164 265 umquam
1191 212 1363 251 iudicem
1391 224 1464 250 nec

138 299 451 343 recuperatorem
473 288 582 328 dedit
599 302 609 335 ;
638 286 794 335 iniquos
819 280 1050 323 decumanis
1074 278 1204 317 aiebat
1230 276 1360 317 omnis
1381 288 1466 314 esse

139 357 205 407 qui
228 358 346 395 ullam
368 354 447 405 agri
467 353 621 403 glebam
644 349 901 401 possiderent.
950 346 988 381 V
990 343 1205 383 eniendum
1226 348 1307 380 erat
1327 341 1378 378 ad
1399 352 1467 378 eos

140 429 277 460 contra
297 419 517 470 Apronium
539 416 605 467 qui
637 415 815 454 nondum
837 408 1055 461 Aproniani
1082 406 1237 446 convivi
1267 405 1467 455 crapulam

141 487 398 525 exhalassent.
458 483 494 521 O
516 481 755 532 praeclarum
777 484 814 516 et
836 473 1230 514 commemorandum
1252 468 1443 509 iudicium
1461 471 1467 506 Ξ

141 565 165 589 o
186 563 363 589 severum
385 547 583 587 edictum!
614 558 638 582 o
659 550 787 581 tutum
808 538 1028 591 perfugium
1049 544 1245 575 aratorum
1263 538 1270 573 1

194 617 327 663 Atque
348 620 388 651 ut
410 609 642 659 intellegatis
664 607 774 646 cuius
797 604 905 644 modi
926 604 999 642 ista
1023 601 1167 640 iudicia
1188 600 1227 638 in
1250 600 1466 648 octuplum,

139 681 250 718 cuius
278 677 385 716 modi
417 676 526 714 istius
554 676 604 712 de
631 674 793 712 cohorte
823 674 1113 718 recuperatores
1142 663 1351 704 existimati
1378 662 1465 708 sint,

140 744 194 782 sic
223 741 426 781 attendite.
488 740 666 788 Ecquem
702 734 847 786 putatis
878 734 1156 777 decumanum,
1199 730 1272 767 hac
1311 726 1469 765 licentia

140 807 327 859 permissa
366 813 407 844 ut
442 811 595 843 tantum
626 803 678 840 ab
716 807 866 838 aratore
899 804 1091 847 quantum
1126 792 1372 845 poposcisset
1405 804 1469 829 au-

140 875 266 920 ferret,
287 872 374 922 plus
395 882 514 919 quam
536 867 746 906 deberetur
772 861 1032 914 poposcisse?
1090 857 1349 899 Considerate
1377 868 1468 894 cum

139 936 273 976 vestris
301 934 441 974 animis
463 939 615 971 vosmet
642 930 716 981 ipsi
743 941 909 978 ecquem
938 924 1094 976 putetis,
1118 920 1345 973 praesertim
1375 916 1466 958 cum

139 1003 178 1041 id
209 1014 289 1040 non
320 1001 447 1038 solum
477 995 635 1035 avaritia
663 995 732 1033 sed
758 993 875 1032 etiam
903 988 1167 1041 imprudentia
1194 986 1373 1025 accidere
1400 997 1467 1034 po-

138 1066 264 1105 tuerit.
327 1064 476 1102 Multos
507 1073 667 1100 necesse
697 1067 765 1098 est.
825 1059 877 1095 At
908 1069 981 1105 ego
1010 1053 1139 1092 omnis
1169 1051 1260 1091 dico
1292 1052 1389 1100 plus,
1422 1062 1468 1089 ac

141 1132 265 1169 multo
295 1130 392 1178 plus,
417 1139 535 1176 quam
563 1126 772 1164 decumam
803 1119 1020 1160 abstulisse.
1082 1118 1195 1157 Cedo
1223 1114 1319 1153 mihi
1344 1127 1466 1152 unum

140 1210 185 1235 ex
233 1192 402 1232 triennio
450 1197 652 1241 praeturae
700 1196 790 1226 tuae
837 1185 904 1236 qui
952 1182 1100 1233 octupli
1148 1182 1358 1220 damnatus
1407 1175 1466 1221 sit}

142 1258 392 1298 Damnatus?
435 1255 559 1293 immo
587 1267 679 1292 vero
712 1252 753 1290 in
782 1264 901 1301 quem
930 1248 1119 1288 iudicium
1152 1259 1199 1285 ex
1233 1244 1366 1284 edicto
1400 1250 1469 1281 tuo

140 1324 381 1375 postulatum
404 1321 461 1358 sit.
524 1321 656 1357 Nemo
676 1324 756 1356 erat
777 1315 958 1354 videlicet
980 1319 1175 1351 aratorum
1199 1309 1265 1360 qui
1288 1306 1469 1346 iniuriam

141 1388 214 1427 sibi
248 1389 391 1425 factam
426 1383 533 1435 queri
569 1389 712 1433 posset,
748 1392 868 1419 nemo
899 1380 1210 1417 decumanorum
1246 1373 1314 1424 qui
1347 1384 1469 1422 grano

140 1452 307 1503 amplius
329 1450 403 1489 sibi
424 1461 543 1499 quam
565 1447 773 1486 deberetur
793 1443 928 1484 deberi
950 1443 1146 1493 professus
1169 1446 1281 1478 esset.
1337 1439 1469 1475 Immo

141 1531 233 1556 vero
275 1523 412 1554 contra
459 1512 634 1563 rapiebat
678 1519 715 1549 et
752 1508 978 1559 asportabat
1018 1512 1210 1556 quantum
1248 1517 1271 1541 a
1310 1514 1469 1552 quoque

141 1581 297 1620 volebat
318 1578 529 1629 Apronius,
552 1576 738 1616 omnibus
764 1581 896 1612 autem
924 1571 1020 1611 locis
1047 1578 1217 1609 aratores
1245 1565 1399 1617 spoliati
1423 1578 1470 1604 ac

142 1645 267 1685 vexati
284 1644 548 1695 querebantur
562 1657 571 1691 3
598 1653 727 1690 neque
744 1647 874 1677 tamen
892 1638 1015 1676 ullum
1038 1633 1228 1674 iudicium
1245 1631 1466 1681 reperietur.

88 1726 99 1737 ⁵
144 1711 252 1760 Quid
279 1717 337 1748 est
364 1710 469 1747 hoc?
525 1708 603 1745 Tot
624 1704 692 1743 viri
723 1706 840 1742 fortes
870 1700 1026 1741 honesti
1056 1697 1226 1750 gratiosi,
1247 1704 1304 1735 tot
1335 1694 1465 1741 Siculi,

142 1783 199 1814 tot
229 1774 379 1824 equites
412 1771 593 1818 Romani,
622 1770 672 1808 ab
702 1767 863 1807 homine
894 1765 1136 1815 nequissimo
1166 1775 1212 1800 ac
1242 1759 1468 1810 turpissimo

141 1839 235 1878 laesi
262 1850 432 1889 poenam
459 1834 608 1885 octupli
636 1834 719 1871 sine
746 1834 824 1871 ulla
845 1830 1091 1870 dubitatione
1112 1826 1365 1866 commissam
1387 1836 1468 1861 non

141 1903 505 1956 persequebantur?
567 1901 680 1948 Quae
714 1910 842 1943 causa,
877 1910 977 1947 quae
1012 1894 1109 1933 ratio
1144 1894 1235 1931 est?
1278 1903 1356 1929 una
1391 1889 1469 1939 illa,

142 1969 305 2016 iudices,
325 1980 444 2017 quam
466 1964 620 2011 videtis,
641 1964 748 2014 quod
775 1963 876 2000 ultro
897 1960 1013 1999 etiam
1036 1959 1183 1996 inlusos
1209 1970 1250 1995 se
1271 1962 1309 1994 et
1329 1953 1469 1992 inrisos

187 2082 205 2102 2
230 2071 339 2102 aiebat
364 2068 473 2100 omnis
498 2076 574 2098 csse
595 2067 645 2097 V:
686 2075 761 2096 esse
785 2064 896 2096 aiebat
919 2071 1036 2094 omnes
1060 2071 1137 2091 esse
1157 2059 1211 2091 O:
1255 2067 1333 2089 esse
1357 2056 1468 2087 aiebat

143 2124 259 2145 omnes
275 2114 311 2144 ck
329 2114 410 2151 (nou
427 2114 462 2152 p)
484 2122 492 2142 ε
516 2120 632 2141 omnes
650 2108 782 2140 dicebat
799 2118 876 2139 esse
892 2118 913 2136 π
997 2117 1015 2143 4
1040 2105 1188 2135 nondum
1210 2100 1288 2132 VO:
1319 2101 1466 2131 nondum

143 2158 243 2188 etiam
257 2162 280 2197 j>
300 2156 364 2187 rell.
479 2165 499 2194 9
525 2155 746 2184 decumanum
765 2151 891 2191 putatis
911 2150 941 2180 O
1054 2156 1093 2185 13
1116 2145 1252 2177 avaritia
1273 2143 1370 2174 VcO:
1393 2143 1467 2174 sine

144 2200 283 2231 avaritia
296 2205 320 2239 p
337 2199 403 2229 rell.
566 2207 603 2235 14
628 2207 666 2227 ac
684 2195 786 2227 multo
804 2194 877 2233 plus
900 2193 973 2223 Vct)
989 2203 996 2223 ι
1018 2202 1085 2222 om.
1106 2189 1172 2220 rell.
1195 2188 1340 2226 (laabetp
1357 2185 1466 2217 omnis

144 2244 218 2283 plus
236 2252 335 2281 quam
354 2243 425 2272 dec.
446 2241 527 2271 abst.
551 2239 667 2270 mediis
684 2239 828 2277 omissis]
939 2244 976 2274 15
1001 2235 1173 2265 decumam
1195 2230 1274 2261 VO:
1292 2239 1343 2259 -as
1355 2234 1380 2269 p
1398 2227 1462 2259 rell.

144 2297 186 2316 20
208 2286 271 2316 sibi
289 2295 388 2324 quam
411 2285 457 2324 Vp
474 2284 559 2314 sela:
584 2293 681 2321 quam
700 2282 761 2313 sibi
782 2280 812 2311 O
973 2287 1013 2316 24
1038 2282 1089 2308 tot
1114 2277 1195 2315 sture
1210 2273 1287 2303 viri*¹
1305 2272 1354 2303 cO
1370 2284 1376 2302 :
1398 2281 1463 2301 om.

145 2329 211 2359 rell.
340 2329 381 2358 28
406 2328 520 2357 irrisos
538 2326 604 2356 cOk
620 2338 625 2355 :
651 2325 760 2356 irritos
774 2330 797 2364 j>
815 2323 879 2354 rell.

1491 805 1528 827 10

1490 1110 1600 1161 15!

1490 1448 1531 1472 20

1489 1773 1529 1805 25

1591 1985 1600 1998 ⁸2

1590 2000 1600 2027 ll
