1600 2704
157 134 428 175 ACTIONIS
459 133 521 172 IN
552 133 597 172 C.
620 132 862 170 VERREM
894 132 1195 171 SECVNDAE
1226 132 1331 170 LIB.
1354 133 1391 168 V
1441 140 1490 179 72
1513 136 1574 177 185

156 250 197 282 et
215 243 255 281 in
276 242 480 293 gymnasio
495 240 855 291 Tyndaritanorum
877 240 1090 279 iuventutis
1106 240 1262 280 illorum
1279 242 1487 280 custodem

155 320 201 346 ac
239 307 461 358 praesidem
508 305 631 345 voluit
679 317 792 352 esse3
839 313 969 354 teque,
1012 307 1217 352 Hercules,
1258 318 1378 356 quem
1416 305 1489 345 iste
1513 311 1574 343 186

155 371 359 422 Agrigenti
394 378 512 410 nocte
543 370 780 420 intempesta
804 382 1004 408 servorum
1037 369 1226 408 instructa
1260 378 1298 408 et
1333 383 1489 420 compa-

155 443 238 475 rata
267 449 389 474 manu
427 435 648 474 convellere
680 432 759 471 suis
794 432 954 471 sedibus
988 440 1108 483 atque
1138 433 1289 472 auferre
1323 440 1488 472 conatus

116 514 133 546 5
155 508 213 539 est
228 514 240 548 3
267 508 397 550 teque,
422 497 670 537 sanctissima
697 504 820 536 mater
846 497 978 544 Idaea,
1001 510 1120 547 quam
1147 498 1256 547 apud
1284 497 1488 547 Enguinos

153 562 432 614 augustissimo
456 570 495 601 et
521 560 816 612 religiosissimo
839 560 879 599 in
908 562 1057 611 templo
1084 561 1140 600 sic
1167 560 1375 611 spoliatam
1406 561 1488 599 reli-

153 628 238 679 quit
272 635 316 667 ut
346 640 454 666 nunc
493 640 641 665 nomen
680 627 802 665 modo
840 626 1015 664 Africani
1043 633 1081 665 et
1119 626 1283 676 vestigia
1320 626 1488 665 violatae

153 692 351 743 religionis
372 699 568 739 maneant,
591 698 850 730 monumenta
870 690 1055 730 victoriae
1075 690 1235 741 sanique
1255 698 1488 730 ornamenta

152 771 234 797 non
255 764 408 796 exstent
425 771 436 804 3
460 769 622 806 vosque,
638 755 818 794 omnium
838 769 966 794 rerum
988 755 1216 803 sorensium,
1231 755 1485 795 consiliorum

95 835 134 858 10
153 821 426 870 maximorum,
447 823 579 872 legum
599 820 916 871 iudiciorumque
942 821 1075 859 arbitri
1106 829 1145 859 et
1171 828 1290 859 testes
1318 821 1486 860 celeber-

151 886 252 925 rimo
278 886 318 924 in
345 888 436 925 loco
459 885 596 937 populi
627 885 800 924 Romani
830 885 958 933 locati,
987 886 1127 925 Castor
1154 894 1192 924 et
1223 887 1372 933 Pollux,
1391 898 1485 936 quo-

151 965 237 989 rum
258 964 280 989 e
300 953 451 1001 templo
466 958 674 1001 quaestum
695 950 767 989 iste
788 950 862 989 sibi
884 958 922 989 et
942 952 1128 1001 praedam
1150 950 1483 1001 improbissimam

151 1015 393 1066 comparavit
411 1030 422 1063 3
450 1028 670 1066 omnesque
690 1015 731 1054 di
752 1014 819 1065 qui
844 1014 1033 1053 vehiculis
1060 1024 1259 1053 tensarum
1281 1015 1483 1054 sollemnis

151 1086 288 1118 coetus
308 1081 493 1119 ludorum
508 1079 684 1127 invisitis,
699 1092 867 1129 quorum
882 1079 953 1118 iter
969 1080 1041 1119 iste
1056 1080 1107 1118 ad
1124 1093 1238 1119 suum
1260 1087 1480 1130 quaestum,

92 1160 129 1191 ¹5
151 1157 232 1184 non
263 1146 315 1184 ad
354 1144 587 1196 religionum
625 1144 856 1195 dignitatem
896 1145 1125 1184 faciundum
1164 1145 1482 1195 exigendumque

149 1209 325 1258 curavit3
354 1218 485 1261 teque,
507 1211 627 1250 Ceres
654 1217 692 1248 et
727 1209 880 1257 Libera,
915 1222 1082 1259 quarum
1117 1222 1235 1256 sacra,
1272 1209 1372 1248 sicut
1403 1210 1483 1260 opi-
1506 1217 1566 1258 187

148 1274 288 1314 niones
314 1274 523 1313 hominum
549 1288 596 1313 ac
620 1274 827 1324 religiones
848 1275 987 1321 ferunt,
1017 1276 1133 1324 longe
1158 1274 1337 1313 maximis
1363 1282 1482 1325 atque

148 1337 425 1377 occultissimis
455 1338 703 1377 caerimoniis
730 1338 995 1386 continentur,
1019 1352 1042 1377 a
1066 1338 1211 1388 quibus
1241 1339 1351 1377 initia
1379 1340 1481 1379 vitae

147 1410 267 1454 atque
296 1403 433 1451 victus,
470 1417 637 1451 morum,
678 1405 823 1454 legum,
862 1403 1189 1450 mansuetudinis,
1226 1403 1481 1442 humanitatis

88 1484 130 1506 20
147 1468 377 1507 hominibus
411 1476 450 1506 et
482 1467 706 1506 civitatibus
740 1468 833 1506 data
857 1480 903 1506 ac
938 1467 1141 1517 dispertita
1171 1480 1256 1506 esse
1283 1467 1479 1515 dicuntur,

147 1545 314 1582 quarum
345 1546 454 1571 sacra
484 1534 655 1584 populus
696 1534 902 1571 Romanus
933 1545 955 1570 a
984 1532 1145 1571 Graecis
1170 1532 1321 1571 adscita
1352 1540 1391 1572 et
1421 1546 1481 1572 ac-

147 1605 262 1648 cepta
284 1605 394 1637 tanta
420 1597 608 1648 religione
634 1605 673 1636 et
700 1597 859 1648 publice
886 1605 925 1636 et
951 1597 1132 1648 privatim
1160 1605 1301 1645 tuetur,
1329 1611 1410 1637 non
1438 1606 1480 1637 ut

146 1662 197 1700 ab
217 1661 291 1700 illis
312 1664 390 1701 huc
409 1664 552 1709 adlata,
570 1663 641 1701 sed
662 1669 704 1700 ut
720 1662 858 1700 ceteris
880 1662 972 1700 hinc
994 1662 1135 1701 tradita
1155 1676 1240 1701 esse
1260 1661 1480 1711 videantur,

145 1739 248 1777 quae
267 1727 318 1766 ab
338 1726 415 1766 isto
434 1740 516 1765 uno
535 1726 591 1765 sic
617 1728 768 1777 polluta
794 1740 840 1765 ac
866 1726 1010 1765 violata
1037 1735 1127 1765 sunt
1157 1734 1199 1764 ut
1226 1726 1478 1765 simulacrum

86 1806 126 1838 25
147 1791 301 1831 Cereris
327 1804 464 1839 unum,
492 1793 602 1842 quod
630 1805 654 1830 a
679 1791 762 1829 viro
786 1804 866 1829 non
896 1793 1019 1830 modo
1046 1791 1152 1841 tangi
1183 1793 1253 1830 sed
1281 1805 1331 1830 ne
1357 1792 1479 1842 aspici

145 1854 310 1906 quidem
339 1857 398 1895 fas
427 1855 512 1903 fuit,
540 1870 562 1894 e
588 1856 757 1895 sacrario
787 1856 929 1896 Catina
965 1858 1272 1895 convellendum
1304 1858 1479 1896 auferen-

145 1921 322 1971 dumque
360 1920 514 1968 curarit,
548 1922 714 1960 alterum
753 1928 884 1959 autem
927 1923 1075 1959 Henna
1113 1934 1160 1960 ex
1200 1934 1268 1959 sua
1307 1923 1401 1960 sede
1432 1935 1478 1960 ac

144 1986 267 2024 domo
292 1985 500 2032 sustulerit,
530 1986 639 2035 quod
669 1993 750 2024 erat
777 1987 854 2024 tale
878 1994 920 2023 ut
950 1986 1255 2033 homines‚-cum
1286 1986 1475 2033 viderent,

143 2056 210 2088 aut
248 2049 373 2100 ipsam
412 2049 545 2089 videre
584 2063 626 2089 se
665 2051 849 2090 Cererem
889 2059 956 2088 aut
995 2050 1163 2100 effigiem
1204 2050 1356 2090 Cereris
1395 2064 1477 2090 non

188 2163 207 2190 4
230 2151 426 2184 convellere
449 2154 519 2184 suis
541 2151 658 2184 RSW:
684 2162 782 2185 conv.
806 2162 849 2183 ex
872 2153 942 2183 suis
957 2154 1000 2192 ρδ
1019 2152 1053 2190 (e
1071 2153 1141 2184 suis
1158 2151 1321 2193 Zumpt):
1348 2164 1391 2185 ex
1409 2155 1476 2185 tuis

144 2194 259 2226 Madv.
416 2197 438 2227 6
461 2196 556 2236 inp:
581 2206 647 2227 om.
668 2194 760 2226 RSw
922 2207 961 2226 10
984 2196 1096 2234 legum
1109 2197 1173 2236 pb:
1200 2196 1366 2236 reliquum
1382 2196 1477 2228 RSW

146 2248 185 2268 12
208 2239 270 2269 sibi
294 2239 358 2270 iste
377 2245 402 2280 p
492 2238 776 2279 improbissimam
802 2238 920 2270 SDW:
946 2240 1260 2279 improvisissimam
1285 2239 1341 2270 R:
1370 2240 1474 2271 maxi-

143 2291 231 2312 mam
250 2282 499 2322 improbissime
509 2283 553 2323 p&
572 2283 669 2322 (sort,
688 2282 940 2322 improbissime
957 2283 1153 2324 maximam)
1268 2293 1306 2322 14
1331 2284 1475 2315 invisitis

137 2325 205 2364 pk:
232 2325 361 2356 inutilis
378 2325 411 2356 R
428 2337 434 2356 :
460 2326 551 2356 initis
569 2325 663 2357 SDw
741 2336 779 2365 15
805 2336 873 2356 non
890 2323 938 2356 S:
964 2337 1032 2357 om.
1049 2325 1082 2356 R
1165 2337 1205 2364 24
1231 2327 1297 2357 isto
1315 2336 1382 2357 uno
1399 2327 1473 2367 Rp:

144 2378 210 2398 uno
228 2369 293 2399 isto
310 2367 405 2400 SDw
524 2370 566 2400 26
589 2369 730 2400 Catinae
747 2370 764 2398 δ
869 2379 909 2407 27
935 2370 1058 2400 curarit
1075 2370 1189 2410 scnpsi
1204 2371 1235 2410 (ξ
1258 2371 1318 2408 178
1334 2372 1450 2412 supra)
1467 2382 1474 2401 ε

144 2412 271 2442 curauit
288 2411 382 2443 RSw
398 2424 404 2443 :
431 2413 598 2444 curaverit
615 2412 683 2444 edd.
