1600 2704
65 158 115 195 32
136 154 173 194 58
503 133 560 170 M.
591 125 760 167 TVLLI
791 114 1097 162 CICERONIS

136 263 285 309 quanto
320 250 440 291 etiam
472 239 698 284 sceleratius
736 236 786 274 ab
821 230 1012 280 utroque!
1072 222 1212 262 Fidem
1251 229 1342 256 cum
1380 226 1466 264 pro-

135 319 333 372 posuisses
364 312 545 352 venalem
575 306 614 345 in
646 298 857 353 provincia,
880 292 999 333 valuit
1028 287 1136 339 apud
1165 293 1203 323 te
1228 283 1314 333 plus
1339 279 1371 317 is
1398 275 1466 326 qui

138 383 347 438 pecuniam
377 376 568 417 maiorem
597 367 719 410 dedit.
779 360 1001 404 Conced03
1042 351 1204 392 forsitan
1233 344 1374 395 aliquis
1404 340 1468 380 ali<

140 449 303 501 quando
333 444 417 484 eius
448 437 558 479 modi
588 431 793 485 quidpiam
824 423 969 465 fecerit.
1030 420 1135 459 Cum
1164 426 1256 452 vero
1283 410 1404 448 fidem
1424 419 1469 443 ac

142 513 371 564 religionem
419 515 528 545 tuam
576 500 653 538 iam
700 493 810 534 alteri
857 488 1057 529 addictam
1105 477 1273 532 pecunia
1311 478 1473 521 accepta
1495 479 1512 513 5

145 576 340 622 habueris,
376 579 513 624 postea
546 565 714 605 eandem
748 552 971 598 adversario
1000 544 1205 589 tradideris
1235 539 1382 580 maiore
1413 549 1474 586 pe<

147 642 274 688 cunia,
309 646 522 684 utrumque
560 630 680 673 falles,
721 632 759 663 et
798 621 926 660 trades
965 615 1029 654 cui
1059 613 1178 656 voles,
1216 614 1254 645 et
1288 603 1323 642 ei
1357 612 1477 651 quem

91 721 131 754 79
149 704 330 747 fefelleris
368 714 419 740 ne
458 695 666 749 pecuniam
705 687 868 739 quidem
902 678 1072 720 reddes?
1130 675 1262 722 Quem
1302 666 1399 706 mihi
1437 672 1479 702 tu

152 772 339 815 Bulbum,
372 777 492 816 quem
527 756 762 799 Staienum?
800 749 910 801 quod
944 753 1135 793 umquam
1168 736 1332 775 huiusce
1372 728 1481 769 modi

154 842 374 876 monstrum
400 836 468 868 aut
495 822 719 877 prodigium
747 813 971 856 audivimus
997 814 1065 847 aut
1091 802 1272 846 vidimus,
1296 796 1365 847 qui
1389 806 1482 832 cum
1505 802 1545 824 10

154 915 221 941 reo
268 896 465 946 transigat,
514 896 603 941 post
655 897 745 923 cum
793 883 1023 918 accusatore
1070 867 1240 912 decidat,
1294 864 1484 901 honestos

156 965 348 1009 homines,
372 959 440 1010 qui
468 966 628 995 causam
654 947 800 992 norint,
819 944 973 991 ableget
993 951 1017 976 a
1036 932 1282 980 consilioque
1300 924 1484 967 dimittat,

159 1033 242 1082 ipse
281 1029 387 1066 solus
426 1035 536 1061 reum
574 1016 813 1056 absolutum,
853 1021 876 1046 a
915 1017 995 1054 quo
1034 996 1243 1052 pecuniam
1281 986 1486 1038 acceperit,

160 1095 402 1135 condemnet
429 1083 718 1137 pecuniamque
749 1088 830 1114 non
857 1068 1025 1109 reddat?
1082 1064 1205 1101 Hunc
1224 1053 1428 1096 hominem
1450 1050 1492 1088 in

161 1159 339 1199 iudicum
370 1163 535 1192 numero
564 1140 831 1185 habebimus?
869 1134 932 1174 hic
961 1134 1124 1171 alteram
1152 1120 1355 1164 decuriam
1383 1128 1492 1155 sena-
1512 1124 1551 1156 15

164 1223 303 1264 toriam
343 1219 461 1258 iudex
500 1207 725 1253 obtinebit?
764 1203 829 1241 hic
868 1201 919 1239 de
957 1195 1085 1246 capite
1116 1191 1241 1230 libero
1274 1180 1494 1224 iudicabit?
1598 1165 1600 1183 ³

166 1289 259 1327 huic
286 1281 479 1324 iudicialis
507 1276 651 1316 tabella
679 1264 976 1310 committetur?
1032 1270 1152 1310 quarn
1179 1254 1252 1292 iste
1271 1263 1353 1289 non
1373 1245 1496 1286 modo

170 1366 270 1399 cera,
292 1361 427 1388 verum
447 1344 567 1384 etiam
589 1336 789 1388 sanguine,
812 1332 843 1370 si
863 1330 990 1368 visum
1012 1324 1093 1370 erit,
1116 1317 1280 1360 notabit.

102 1409 155 1490 ἒξ
228 1415 338 1465 Quid
358 1411 464 1451 enim
485 1410 626 1446 horum
648 1416 689 1440 se
710 1405 826 1448 negat
846 1393 1014 1433 fecisse?
1042 1387 1139 1427 illud
1159 1380 1341 1422 videlicet
1361 1388 1496 1420 unum,

173 1482 282 1533 quod
312 1489 473 1517 necesse
500 1480 570 1518 est,
592 1465 802 1520 pecuniam
822 1457 1031 1508 accepisse.
1091 1447 1243 1500 Quidni
1263 1447 1335 1484 iste
1354 1441 1500 1491 neget?
1522 1450 1563 1470 20
1598 1477 1600 1480 ¹

172 1551 225 1587 At
254 1556 375 1594 eques
407 1543 627 1580 Romanus,
660 1530 726 1581 qui
758 1531 969 1576 Sopatrum
998 1514 1186 1561 defendit,
1218 1510 1287 1562 qui
1315 1506 1501 1547 omnibus

173 1613 256 1652 eius
281 1605 455 1648 consiliis
484 1602 681 1648 rebusque
710 1590 895 1635 interfuit,
920 1588 969 1635 Q.
996 1580 1210 1625 Minucius,
1233 1576 1379 1614 iuratus
1408 1568 1503 1609 dicit

174 1674 383 1729 pecuniam
404 1671 550 1713 datam,
573 1664 719 1702 iuratus
734 1656 830 1697 dicit
843 1648 1139 1692 Timarchidem
1155 1641 1299 1682 dixisse
1315 1636 1504 1676 maiorem

176 1738 386 1793 pecuniam
416 1734 467 1772 ab
497 1724 792 1770 accusatoribus
823 1717 931 1763 dari:
973 1713 1107 1752 dicent
1135 1710 1212 1746 hoc
1241 1702 1353 1743 multi
1373 1698 1504 1743 Siculi,

178 1807 311 1846 dicent
336 1812 475 1841 omnes
503 1793 775 1841 Halicyenses,
800 1784 904 1824 dicet
931 1779 1049 1819 etiam
1071 1776 1332 1826 praetextatus
1354 1762 1507 1815 Sopatri
1531 1772 1568 1802 25

182 1871 294 1917 filius,
317 1866 385 1917 qui
405 1865 455 1903 ab
477 1862 551 1900 isto
573 1856 734 1897 homine
756 1846 1029 1890 crudelissimo
1051 1848 1159 1893 patre
1184 1829 1510 1874 innocentissimo

122 1949 158 1979 81
184 1933 431 1987 pecuniaque
470 1924 593 1977 patria
632 1920 803 1971 privatus
848 1920 917 1952 est.
976 1910 1125 1945 Verum
1174 1901 1205 1940 si
1252 1901 1302 1938 de
1345 1893 1512 1946 pecunia

184 2000 349 2040 testibus
377 1997 540 2046 planum
566 1991 693 2027 facere
718 1995 799 2022 non
820 1988 988 2030 possem,
1012 1971 1109 2010 illud
1130 1978 1271 2017 negare
1291 1973 1426 2013 posses
1447 1966 1512 1996 aut

186 2077 291 2104 nunc
313 2058 488 2111 negabis,
508 2064 547 2094 te
567 2050 733 2092 consilio
764 2055 832 2085 tuo
859 2040 1034 2084 dimisso,
1064 2033 1153 2074 viris
1174 2026 1365 2082 primariis
1386 2023 1453 2074 qui
1474 2022 1513 2060 in

234 2179 251 2207 5
276 2168 339 2197 iam
357 2163 405 2195 cO
421 2175 427 2194 :
454 2172 519 2192 om.
534 2165 558 2199 p
576 2156 641 2188 rell.
734 2154 874 2189 accepta
892 2143 1035 2186 pecunia
1054 2139 1084 2170 O
1193 2137 1214 2166 6
1238 2137 1357 2173 postea
1375 2127 1516 2159 eandem

191 2211 328 2242 Muell.:
364 2212 481 2247 postea
505 2203 640 2234 tandem
669 2197 721 2228 O:
758 2198 834 2235 post
861 2189 1004 2221 eandem
1027 2184 1070 2226 pb
1083 2182 1126 2214 al.
1225 2173 1417 2208 adversario
1446 2169 1518 2200 cO:

192 2255 282 2293 —iisp
301 2251 366 2282 rell.
503 2258 518 2285 7
546 2251 578 2276 et
596 2243 708 2274 trades
725 2238 778 2270 cui
797 2236 890 2267 voles
905 2243 971 2264 om.
993 2229 1022 2260 Ο
1138 2234 1159 2262 9
1183 2222 1323 2252 huiusce
1342 2216 1394 2247 O:
1420 2213 1519 2243 huius

195 2297 262 2328 wll.
436 2302 473 2321 12
497 2301 515 2319 a
535 2288 612 2320 cOl:
640 2295 705 2316 orn.
725 2281 790 2313 rell.
987 2274 1026 2303 18
1051 2271 1141 2300 visus
1162 2265 1214 2296 O:
1239 2264 1346 2293 iussus
1374 2255 1516 2294 Hirschf.

196 2340 298 2381 (prob.
319 2336 394 2368 Ziel.
418 2341 452 2374 p.
476 2333 543 2371 194*
643 2339 683 2365 24
709 2323 887 2366 pecuniam
912 2319 954 2350 ab
977 2325 1085 2348 accus.
1105 2311 1135 2342 O
1150 2308 1251 2351 (prob.
1272 2304 1348 2335 Zz'el.
1365 2308 1396 2343 p.
1422 2311 1479 2338 194
1514 2310 1520 2327 :

196 2385 236 2414 ab
254 2392 362 2414 accus
384 2389 455 2418 pec.
477 2376 540 2406 mll.
