1600 2704
85 95 355 163 Achole
376 122 438 161 IN
459 122 504 162 c.
527 123 770 161 VERREM
792 123 1092 163 SECVNDAE
1114 124 1218 163 ΜΒ.
1243 125 1309 163 111
1359 132 1411 171 97
1436 94 1499 161 523

84 231 215 271 Sicilia
241 230 273 269 si
300 230 381 280 agri
402 231 617 269 cultionem
641 229 842 268 sustuleris
863 238 901 269 et
922 230 953 268 si
979 237 1175 270 aratorum
1204 245 1412 271 numerum

82 310 128 335 ac
158 309 306 334 nomen
329 294 590 334 exstinxeris?
646 294 756 344 Quid
787 302 921 333 autem
942 302 1072 344 potest
1093 308 1179 333 esse
1199 295 1238 332 in
1261 297 1415 334 calami-

82 368 161 399 tate
181 359 327 399 residui
346 360 456 410 quod
485 372 567 398 non
595 359 647 397 ad
668 357 830 397 miseros
857 366 1029 397 aratores
1049 358 1125 397 isto
1147 367 1326 409 praetore
1347 374 1414 410 per

80 438 278 464 summam
298 423 479 462 iniuriam
507 422 846 473 ignominiamque
866 422 1114 473 pervenerit?
1145 423 1300 472 quibus,
1324 438 1414 463 cum

45 505 63 536 5
81 492 269 530 decumas
297 490 392 528 dare
420 488 622 535 deberent,
655 487 716 525 vix
746 487 839 538 ipsis
876 488 1068 526 decumae
1105 488 1262 527 relictae
1301 498 1390 528 sunt
1406 505 1415 537 3

80 568 171 593 cum
202 553 371 604 pecunia
390 553 613 600 deberetur,
633 554 761 591 soluta
781 565 861 590 non
883 561 942 591 est
959 566 970 600 3
999 566 1090 591 cum
1123 552 1274 604 optima
1304 554 1415 593 aesti-

80 619 254 658 matione
285 626 445 657 senatus
473 618 714 656 frumentum
744 631 812 656 eos
841 617 880 655 in
911 619 1051 656 cellam
1093 619 1187 657 dare
1214 618 1411 666 voluisset,

78 683 196 723 etiam
218 683 479 722 instrumenta
498 695 679 732 agrorum
700 683 871 721 vendere
897 682 1024 721 coacti
1053 691 1153 721 sunt.
1217 683 1306 722 Dixi
1335 684 1411 722 iam
1436 717 1497 749 227

77 755 207 795 antea,
227 747 389 794 iudices,
419 754 461 785 ut
490 748 560 785 has
589 746 719 784 omnis
749 746 908 785 iniurias
939 746 1094 794 tollatis,
1124 755 1255 786 tamen
1287 748 1411 798 ipsam

22 826 61 849 ιο
78 812 269 851 rationem
307 811 445 850 arandi
476 824 545 861 spe
576 811 699 860 magis
739 819 777 849 et
810 811 1054 850 iucunditate
1085 813 1257 862 quadam
1293 826 1411 862 quam

76 878 204 915 fructu
242 884 363 926 atque
400 877 672 914 emolumento
711 875 845 914 teneri.
914 876 1073 915 Etenim
1120 878 1172 916 ad
1219 876 1410 916 incertum

77 955 211 980 casum
232 949 271 980 et
291 948 478 980 eventum
500 949 628 979 certus
653 941 866 991 quotannis
893 942 1004 979 labor
1024 949 1062 980 et
1083 949 1211 980 certus
1232 950 1412 992 sumptus

76 1007 328 1057 impenditur.
379 1009 553 1045 Annona
573 1020 689 1056 porro
710 1006 877 1056 pretium
900 1006 973 1044 nisi
995 1006 1035 1044 in
1056 1006 1278 1045 calamitate
1299 1009 1413 1046 fruct·

76 1085 171 1110 uum
196 1085 277 1110 non
298 1071 446 1118 habet;
475 1070 507 1108 si
530 1078 663 1108 autem
692 1071 849 1108 ubertas
874 1070 913 1108 in
934 1071 1198 1120 percipiendis
1220 1072 1410 1111 fructibus

18 1153 56 1184 15
74 1136 158 1183 fuit,
181 1135 436 1186 consequitur
464 1134 591 1173 vilitas
622 1134 661 1173 in
692 1135 925 1183 vendendis,
953 1143 995 1173 ut
1022 1143 1089 1174 aut
1114 1138 1216 1175 male
1241 1138 1412 1175 venden-

74 1202 170 1240 dum
191 1201 404 1251 intellegas,
420 1199 452 1238 si
473 1200 575 1239 bene
596 1199 795 1250 processit,
814 1208 882 1239 aut
903 1202 1004 1238 male
1020 1210 1228 1251 perceptos
1251 1203 1412 1248 fructus,

74 1265 106 1304 si
126 1273 230 1304 recte
251 1265 340 1304 licet
360 1266 542 1304 vendere.
616 1266 743 1303 Totae
763 1272 896 1304 autem
917 1279 977 1304 res
998 1265 1164 1304 rusticae
1192 1266 1275 1304 eius
1302 1266 1410 1306 modi

73 1339 164 1369 sunt
194 1339 235 1369 ut
265 1344 330 1370 eas
360 1344 442 1369 non
472 1330 570 1369 ratio
600 1344 730 1380 neque
761 1330 881 1377 labor,
917 1331 988 1369 sed
1024 1344 1084 1369 res
1115 1331 1406 1377 incertissimae,

73 1395 178 1434 venti
211 1403 556 1445 tempestatesque,
592 1396 855 1434 moderentur.
933 1395 1042 1433 Hinc
1081 1409 1172 1434 cum
1204 1408 1307 1435 unae
1345 1398 1409 1435 de-

15 1476 56 1499 20
73 1473 212 1499 cumae
256 1462 342 1510 lege
387 1468 426 1499 et
469 1460 759 1499 consuetudine
797 1461 1064 1507 detrahantur,
1103 1462 1247 1499 alterae
1295 1461 1408 1500 novis

73 1524 258 1563 institutis
298 1533 457 1575 propter
493 1539 676 1564 annonae
723 1524 915 1563 rationem
964 1525 1214 1575 imperentur,
1256 1534 1408 1565 ematur

71 1598 271 1640 praeterea
298 1591 539 1628 frumentum
566 1590 780 1639 quotannis
808 1589 978 1640 publice,
1000 1598 1200 1640 postremo
1227 1590 1345 1629 etiam
1367 1591 1407 1629 in

70 1656 210 1693 cellam
230 1654 520 1705 magistratibus
542 1663 580 1694 et
601 1655 737 1705 legatis
759 1654 981 1705 imperetur,
1006 1655 1101 1705 quid
1122 1663 1189 1694 aut
1213 1664 1406 1706 quantum

71 1727 272 1768 praeterea
300 1727 360 1758 est
386 1721 496 1770 quod
526 1727 593 1758 aut
625 1719 792 1758 liberum
820 1720 944 1770 possit
966 1720 1111 1758 habere
1132 1720 1196 1759 ille
1215 1729 1343 1760 arator
1362 1735 1408 1759 ac

13 1796 53 1830 ²5
71 1783 258 1822 dominus
278 1783 319 1822 in
340 1791 534 1834 potestate
555 1797 716 1823 suorum
738 1786 936 1823 fructuum
958 1792 1026 1823 aut
1042 1784 1082 1822 in
1103 1784 1197 1835 ipsis
1218 1785 1408 1824 fructibus

71 1849 277 1887 solutum?
334 1849 490 1898 Quodsi
511 1850 610 1888 haec
631 1851 759 1888 ferunt
781 1850 925 1897 omnia,
949 1850 980 1888 si
1002 1850 1133 1900 potius
1156 1850 1267 1888 vobis
1287 1864 1332 1888 ac
1353 1850 1407 1888 rei
1431 1857 1491 1887 228

70 1912 252 1962 publicae
272 1926 392 1963 quam
420 1913 495 1952 sibi
523 1921 561 1952 et
589 1913 668 1952 suis
696 1914 919 1953 commodis
944 1928 1063 1964 opera
1091 1922 1251 1963 sumptu
1273 1915 1406 1953 labore

70 1977 304 2025 deserviunt,
325 1977 497 2017 etiamne
516 1979 614 2016 haec
630 1992 733 2017 nova
748 1979 897 2018 debent
918 1980 1048 2018 edicta
1068 1987 1106 2017 et
1122 1978 1284 2028 imperia
1300 1992 1406 2028 prae-

70 2050 198 2080 torum
236 2050 275 2081 et
306 2042 459 2092 Aproni
492 2043 806 2083 dominationem
837 2052 875 2083 et
908 2043 1168 2082 Veneriorum
1204 2056 1403 2082 servorum

13 2122 53 2155 30
70 2108 171 2146 furta
206 2106 442 2157 rapinasque
481 2108 608 2146 ferre?
654 2108 826 2148 etiamne
873 2110 1114 2147 frumentum
1158 2121 1230 2159 pro
1269 2116 1403 2158 empto

113 2221 132 2249 3
157 2210 275 2249 reliqui
296 2210 326 2240 Ο
343 2208 402 2240 sol.
538 2221 559 2249 9
583 2216 662 2241 ante
682 2211 712 2242 O
732 2212 791 2247 (iii,
816 2217 852 2248 §S
874 2223 924 2252 12,
943 2215 997 2253 245
1114 2223 1152 2252 19
1175 2217 1297 2243 ventus
1320 2218 1402 2243 tem-

71 2258 254 2292 pestasque
273 2253 303 2283 O
321 2253 379 2284 sol.
473 2264 516 2284 20
541 2256 790 2287 consuetudine
803 2256 851 2287 cO
870 2269 876 2287 :
902 2258 1130 2296 conditiones>
1145 2256 1211 2287 rell.
1290 2266 1341 2294 20,
1362 2266 1400 2287 21

71 2296 303 2336 detrahuntur,
325 2297 536 2336 imperantur
555 2297 585 2327 O
720 2301 763 2329 26
786 2300 900 2331 ferunt
920 2300 950 2331 O
971 2303 1052 2337 (om.
1074 2300 1202 2339 omnia)
1220 2311 1226 2330 :
1251 2299 1403 2330 serentur

65 2344 90 2378 p
106 2338 170 2371 rell.
264 2340 361 2370 nobis
380 2339 410 2370 O
429 2339 520 2381 (Div.
541 2342 556 2377 ἐ
573 2342 627 2380 73)
743 2352 787 2381 30
810 2343 899 2374 serre
919 2344 949 2374 O
967 2344 1037 2376 edd.
1055 2355 1061 2374 z
1087 2344 1237 2384 perferre
1250 2348 1275 2383 p
1292 2343 1358 2375 rell.

1254 2399 1316 2429 20*
