1600 2704
109 114 378 155 ACTIONIS
401 115 462 153 IN
484 114 528 154 C.
547 114 789 152 VERREM
812 115 1113 154 SECVNDAE
1135 117 1237 154 LIB.
1263 117 1329 154 ΙΙΙ
1394 127 1435 153 12

105 230 156 268 ab
185 228 334 267 iudicio
362 228 603 267 discessuros
628 227 826 266 videbant.
887 226 1046 265 Etenim
1067 229 1176 277 quod
1206 236 1309 266 esset
1339 228 1436 267 iudi-

104 293 220 340 cium,
240 306 331 331 cum
359 307 406 332 ex
426 291 557 331 Verris
584 291 810 342 turpissimo
838 291 1223 341 flagitiosissimoque
1243 292 1432 330 comitatu

104 366 179 397 tres
219 364 536 408 recuperatorum
575 356 737 395 nomine
774 356 1023 395 adsedissent
1060 357 1270 395 adseculae
1309 356 1432 403 istius,

103 436 185 462 non
223 437 246 461 a
283 430 391 473 patre
429 422 465 460 ei
503 421 633 461 traditi
677 422 747 460 sed
785 434 808 460 a
846 421 1093 460 meretricula
1131 421 1433 460 commendati?

65 487 247 537 5Ageret
286 485 469 525 videlicet
507 499 667 525 causam
705 493 859 533 arator3
906 485 1004 524 nihil
1044 485 1119 524 sibi
1157 486 1342 524 frumenti
1381 487 1432 524 ab
1453 497 1469 525 3

102 551 282 602 Apronio
320 551 509 598 relictum,
548 552 652 590 bona
691 564 761 590 sua
795 550 913 589 etiam
952 550 1115 601 direpta,
1153 565 1194 590 se
1233 553 1428 601 pulsatum

100 616 428 667 verberatumque
466 615 641 664 diceret3
687 617 909 654 conferrent
947 615 1016 653 viri
1063 615 1156 654 boni
1201 615 1339 666 capita,
1381 618 1431 655 de

101 680 380 720 comissatione
407 682 661 730 loquerentur
681 680 781 718 inter
801 693 843 718 se
863 694 909 719 ac
929 680 980 719 de
1008 680 1258 724 mulierculis,
1282 680 1312 718 si
1333 694 1431 730 quas

98 759 122 783 a
137 753 314 795 praetore
329 745 511 784 abeuntis
531 753 694 795 possent
710 746 1009 796 deprehendere
1025 760 1035 792 ,·
1065 759 1123 784 res
1144 745 1205 795 agi
1221 745 1426 784 videretur.

46 825 83 847 ιο
100 809 333 849 Surrexisset
355 809 566 860 Apronius,
589 824 692 848 nova
712 809 881 860 dignitas
909 809 1122 860 publicani,
1147 823 1226 848 non
1252 818 1294 848 ut
1315 811 1429 848 decu-

98 888 239 913 manus
270 875 462 924 squaloris
490 876 629 925 plenus
656 889 702 913 ac
729 875 910 925 pulveris,
933 876 1003 914 sed
1031 875 1241 925 unguentis
1270 875 1429 922 oblitus,

97 939 190 977 vino
220 938 438 988 vigiliisque
469 938 701 989 languidus,
741 939 876 977 omnia
909 939 1037 989 primo
1072 948 1182 978 motu
1214 953 1259 978 ac
1292 940 1428 989 spiritu

97 1017 170 1042 suo
208 1003 286 1041 vini
326 1003 515 1054 unguenti
554 1003 728 1053 corporis
767 1004 889 1042 odore
932 1005 1179 1053 complesset.
1257 1004 1427 1043 Dixisset

97 1070 195 1108 haec
226 1083 328 1120 quae
359 1071 474 1119 volgo
509 1069 639 1108 dicere
671 1070 833 1116 solebat,
866 1083 948 1108 non
980 1083 1021 1107 se
1053 1071 1241 1108 decumas
1271 1070 1424 1118 emisse,

37 1138 75 1180 ‘15
96 1135 166 1173 sed
196 1134 303 1173 bona
332 1136 586 1184 fortunasque
620 1141 829 1181 aratorum,
860 1147 942 1173 non
973 1147 1014 1173 se
1043 1135 1310 1173 decumanum
1341 1150 1425 1174 esse

95 1199 328 1250 Apronium,
352 1200 421 1238 sed
442 1201 604 1237 Verrem
625 1200 791 1237 alterum
812 1199 1019 1237 dominum
1049 1199 1204 1238 illorum
1228 1213 1274 1238 ac
1302 1209 1425 1250 tyran<

94 1277 201 1302 num.
261 1265 376 1312 Quae
401 1277 491 1302 cum
513 1262 684 1310 dixisset,
708 1262 762 1301 illi
782 1262 853 1301 viri
880 1263 1019 1314 optimi
1047 1265 1097 1302 de
1124 1265 1287 1302 cohorte
1314 1264 1424 1303 istius

93 1336 384 1378 recuperatores
406 1342 486 1366 non
512 1329 563 1367 de
590 1328 836 1366 absolvendo
855 1328 1036 1377 Apronio
1057 1327 1329 1375 deliberarent,
1354 1331 1422 1368 sed

91 1401 322 1444 quaererent
361 1406 489 1443 ecquo
534 1394 655 1431 modo
698 1392 905 1443 petitorem
945 1392 1073 1443 ipsum
1114 1392 1293 1442 Apronio
1332 1408 1422 1432 con-

31 1461 72 1495 ἑο
90 1459 277 1498 demnare
307 1466 479 1509 possent.

144 1526 262 1563 Hanc
297 1531 338 1562 tu
373 1522 572 1562 licentiam
603 1522 914 1572 diripiendorum
948 1530 1145 1561 aratorum
1180 1537 1271 1562 cum
1304 1526 1420 1562 decu-

88 1588 224 1636 manis,
248 1591 324 1627 hoc
349 1597 407 1628 est
431 1603 521 1627 curn
544 1588 722 1639 Apronio
750 1588 1001 1637 permisisses,
1026 1596 1067 1626 ut
1089 1597 1281 1638 quantum
1303 1591 1419 1628 vellet

86 1662 278 1704 posceret,
299 1662 490 1705 quantum
519 1653 764 1704 poposcisset
784 1654 963 1699 auferret,
986 1654 1062 1691 hoc
1084 1653 1153 1692 tibi
1176 1654 1416 1692 defensionis

84 1720 135 1757 ad
164 1719 354 1758 iudicium
385 1726 497 1757 tuum
527 1718 796 1767 comparabaS,
824 1717 1010 1756 habuisse
1039 1725 1077 1756 te
1106 1718 1281 1756 edictum
1312 1732 1416 1757 recu-

27 1798 65 1830 ²5
84 1792 281 1834 peratores
315 1785 499 1823 daturum
532 1783 572 1821 in
604 1784 838 1833 octuplum?
895 1782 934 1821 Si
970 1784 1194 1822 mehercule
1228 1799 1274 1822 ex
1306 1785 1413 1823 omni

83 1848 198 1898 copia
227 1855 445 1887 conventus
476 1846 718 1898 Syracusani,
749 1847 1158 1896 splendidissimorum
1191 1848 1415 1886 honestissi-

84 1926 317 1963 morumque
338 1914 558 1960 hominum,
582 1914 728 1951 faceres
758 1920 994 1962 potestatem
1021 1913 1162 1951 aratori
1189 1926 1270 1950 non
1292 1914 1414 1951 modo

82 1977 269 2017 reiciendi
310 1979 379 2016 sed
425 1977 542 2016 etiam
590 1976 774 2015 sumendi
820 1984 1122 2026 recuperatores,
1164 1984 1297 2015 tamen
1336 1978 1413 2016 hoc

81 2056 229 2081 novum
267 2055 392 2092 genus
431 2041 594 2080 iniuriae
631 2042 728 2079 ferre
767 2053 887 2078 nemo
925 2048 1069 2090 posset,
1107 2049 1154 2088 te,
1197 2055 1288 2079 cum
1323 2049 1411 2079 tuos

21 2123 63 2155 50
80 2107 209 2146 omnis
248 2108 395 2145 fructus
430 2105 645 2157 publicano
680 2104 905 2143 tradidisses
945 2113 982 2143 et
1022 2119 1104 2145 rem
1137 2107 1188 2144 de
1229 2106 1410 2145 manibus

125 2222 161 2250 17
187 2210 249 2242 viri
274 2210 410 2251 optimi]
437 2210 555 2250 optiliu
583 2208 632 2239 O:
665 2208 725 2238 viri
749 2212 832 2239 auct.
858 2207 977 2240 Halm.
1003 2209 1074 2241 secl.
1100 2208 1200 2249 Kays.
1374 2222 1410 2249 ¹9

79 2255 304 2286 condemnare
323 2258 462 2295 possent
482 2254 551 2293 ch
569 2265 574 2283 :
599 2253 865 2284 condemnarent
875 2253 921 2292 pk
1119 2264 1161 2293 25
1186 2254 1218 2284 in
1238 2254 1408 2294 octuplum

79 2300 231 2330 daturum
252 2299 282 2330 O
370 2299 585 2330 mehercules
604 2296 634 2327 O
653 2297 685 2336 (ξ
706 2297 747 2334 46
765 2295 869 2335 infra)
975 2298 1019 2326 26
1043 2297 1122 2329 hon.
1144 2297 1318 2329 hominum
1337 2298 1384 2329 cO
1402 2310 1407 2328 :

78 2343 166 2376 hom.
187 2344 264 2374 hon.
281 2348 307 2384 p
323 2343 390 2375 rell.
527 2343 570 2373 28
593 2346 707 2372 tamen
727 2338 815 2371 codd.
832 2342 965 2381 praeter
980 2339 1010 2371 O
1026 2340 1125 2383 (iam)

1457 130 1495 160 30

1440 1509 1482 1546 13
