1600 2704
73 130 128 170 59
152 133 211 167 14⁵
515 113 572 149 M.
603 106 771 146 TVLLI
802 96 1107 143 CICERONIS

148 230 287 268 darent
311 224 494 264 homines
520 228 717 260 aratorum
746 212 918 258 nomine,
945 209 1162 251 dederunt3
1196 209 1239 241 ut
1267 201 1373 239 idem
1404 210 1473 247 pro

150 301 258 344 parte
278 292 318 329 in
338 300 550 328 commune
571 282 724 323 Siciliae
751 279 984 321 conferrent,
1007 271 1125 311 etiam
1145 268 1187 307 id
1210 266 1472 305 contulerunt.

150 360 241 396 Vna
268 355 405 394 civitas
432 365 524 390 cum
550 356 607 388 tot
629 343 857 385 nominibus
884 337 1094 390 pecuniam
1121 329 1332 372 contulerit
1356 327 1477 366 idem-

152 436 230 472 que
267 422 345 458 hoc
385 416 559 456 civitates
598 419 750 451 ceterae
791 404 963 450 fecerint,
1009 412 1142 439 nonne
1181 408 1240 434 res
1287 394 1372 443 ipsa
1409 403 1478 428 vos

153 489 342 526 admonet
363 490 405 522 ut
421 479 564 532 putetis
586 477 750 515 modum
770 471 941 520 aliquem
957 466 1049 504 huic
1070 458 1275 512 cupiditati
1296 453 1481 496 constitui
1501 464 1519 496 5

155 550 364 602 oportere?
421 544 559 594 Quid?
588 541 620 579 si
639 541 717 577 hoc
736 538 937 574 voluntate
958 544 1027 569 sua
1048 529 1154 566 nulla
1174 523 1309 564 civitas
1330 519 1432 566 fecit,
1451 517 1482 556 si

158 627 295 654 omnes
334 609 510 661 imperio,
552 612 669 650 metu,
710 602 758 647 vi,
796 600 901 637 malo
933 596 1130 634 adductae
1164 588 1235 628 tibi
1273 584 1482 637 pecuniam

159 688 374 720 statuarum
405 672 568 713 nomine
600 668 863 710 contulerunt,
894 674 963 712 per
992 660 1089 697 deos
1116 650 1358 697 immortalis,
1388 660 1483 686 num

159 745 222 784 cui
261 741 428 782 dubium
467 750 551 776 esse
586 732 728 784 poterit
766 729 873 779 quin,
910 722 1062 764 etiamsi
1096 717 1271 759 statuerit
1309 713 1485 762 accipere

159 812 211 849 ad
242 814 388 847 statuas
425 803 552 847 licere,
589 799 695 837 idem
734 805 867 833 tamen
905 795 1048 828 statuat
1085 784 1233 834 eripere
1271 786 1375 819 certe
1406 789 1487 815 non
1512 785 1548 809 10

84 884 143 925 146
161 875 306 914 licere?
363 868 538 908 Primum
568 863 683 914 igitur
706 860 746 898 in
767 860 871 896 hane
890 867 972 894 rem
1002 858 1143 891 testem
1164 854 1288 886 totam
1316 841 1488 882 Siciliam

163 939 305 984 citabo,
342 947 443 985 quae
483 928 579 969 mihi
612 939 691 966 una
724 935 822 962 voce
862 926 1076 958 statuarum
1108 910 1270 952 nomine
1307 917 1490 957 magnam

165 1002 374 1056 pecuniam
409 1011 478 1049 per
506 995 585 1033 vim
616 997 795 1031 coactam
826 998 911 1025 esse
940 984 1194 1022 demonstrat.
1255 975 1359 1012 Nam
1394 972 1494 1020 lega-

165 1069 292 1107 tiones
322 1063 501 1104 omnium
531 1057 733 1097 civitatum
762 1053 803 1090 in
834 1046 1040 1101 postulatis
1069 1038 1360 1083 communibus,
1393 1047 1494 1085 quae

167 1135 246 1171 fere
276 1128 410 1170 omnia
430 1140 476 1164 ex
506 1123 581 1162 tuis
606 1118 755 1159 iniuriis
783 1124 875 1154 nata
903 1119 1005 1157 sunt,
1028 1109 1145 1147 etiam
1172 1107 1249 1143 hoc
1273 1101 1493 1144 ediderunt,
1517 1109 1554 1141 15

168 1199 232 1234 VT
253 1203 428 1233 STATVAS
449 1201 505 1228 NE
526 1199 605 1233 cvr,
624 1196 707 1223 lel
729 1193 814 1220 CVM
837 1191 871 1217 is
892 1189 948 1215 DE
970 1183 1196 1213 PRolecrA
1217 1174 1494 1208 DECEssffisET,

87 1263 147 1300 60
173 1266 529 1300 POLLICERENTVR.
589 1253 669 1289 Tot
698 1254 896 1298 praetores
926 1242 967 1279 in
997 1237 1129 1278 Sicilia
1156 1236 1324 1278 fuerunt,
1354 1228 1498 1267 totiens

172 1326 277 1375 apud
305 1321 472 1361 maiores
502 1323 656 1355 nostros
686 1309 807 1351 Siculi
834 1314 1013 1346 senatum
1041 1301 1232 1344 adierunt,
1255 1294 1399 1334 totiens
1425 1293 1500 1329 hac

174 1387 385 1428 memoria:
417 1393 549 1423 tamen
570 1379 735 1418 huiusce
756 1373 847 1413 novi
874 1367 1060 1422 postulati
1080 1376 1204 1416 genus
1224 1369 1343 1410 atque
1363 1355 1501 1408 princi-

95 1464 154 1501 147
174 1456 284 1506 pium
319 1461 387 1490 tua
419 1456 599 1500 praetura
632 1441 771 1482 attulit.
832 1436 942 1486 Quid
975 1432 1081 1472 enim
1115 1438 1196 1468 tam
1234 1436 1383 1464 novum
1422 1433 1501 1458 non
1524 1433 1563 1455 20

176 1522 304 1559 solum
339 1530 389 1562 re,
426 1513 496 1552 sed
530 1522 672 1561 genere
703 1506 790 1556 ipso
822 1496 1078 1553 postulandi?
1116 1505 1209 1531 nam
1241 1496 1370 1529 cetera
1403 1498 1504 1535 quae

177 1591 268 1624 sunt
305 1582 346 1620 in
384 1580 511 1618 isdem
549 1571 755 1626 postulatis
786 1570 837 1608 de
875 1563 1024 1604 iniuriis
1055 1559 1131 1599 tuis
1164 1563 1255 1596 sunt
1286 1565 1402 1599 nova,
1436 1549 1505 1588 sed

179 1658 311 1688 tamen
331 1659 413 1685 non
433 1655 538 1682 novo
558 1640 680 1678 modo
700 1635 957 1687 postulantur.
1018 1628 1176 1675 Rogant
1196 1629 1235 1660 et
1255 1625 1367 1658 orant
1388 1613 1507 1655 Siculi

180 1722 308 1764 patres
339 1707 583 1756 conscriptos
613 1710 655 1741 ut
689 1698 811 1739 nostri
845 1693 1091 1744 magistratus
1124 1687 1290 1739 posthac
1320 1684 1508 1722 decumas

182 1781 266 1828 lege
305 1772 523 1814 Hieronica
560 1768 743 1807 vendant.
803 1763 866 1800 Tu
905 1758 1052 1810 primus
1092 1760 1229 1793 contra
1262 1747 1505 1787 vendideras.
1532 1754 1570 1786 25

185 1841 327 1881 Audio.
387 1839 450 1877 Ne
483 1836 524 1874 in
562 1834 702 1872 cellam
741 1828 851 1879 quod
889 1826 1100 1874 imperatur
1138 1815 1356 1856 aestiment.
1418 1812 1511 1848 Hoc

186 1918 345 1957 quoque
372 1908 530 1954 propter
559 1906 647 1937 tuos
677 1904 809 1934 ternos
839 1887 1020 1929 denarios
1049 1896 1156 1923 nunc
1185 1880 1355 1932 primum
1383 1881 1513 1926 postu-

187 1975 296 2017 latur,
334 1969 404 2007 sed
443 1977 565 2016 genus
599 1963 729 2012 ipsum
768 1952 994 2008 postulandi
1028 1963 1109 1988 non
1144 1953 1203 1986 est
1233 1955 1393 1982 novum.
1452 1939 1514 1976 Ne

189 2033 361 2074 absentis
394 2043 540 2069 nomen
579 2024 796 2075 recipiatur.
858 2022 917 2058 Ex
955 2013 1092 2055 Stheni
1126 2008 1347 2050 calamitate
1378 2011 1416 2043 et
1450 2010 1515 2040 tua

191 2107 327 2137 natum
366 2103 424 2134 est
462 2092 610 2132 iniuria.
683 2089 824 2128 Cetera
861 2096 942 2121 non
981 2078 1173 2127 colligam.
1242 2074 1341 2111 Sunt
1383 2065 1516 2106 omnia
1537 2076 1577 2107 30

195 2164 414 2202 Siculorum
441 2158 637 2209 postulata
661 2153 744 2193 eius
768 2148 878 2189 modi
898 2154 941 2185 ut
961 2143 1123 2184 crimina
1147 2140 1313 2179 collecta
1332 2134 1372 2172 in
1393 2143 1517 2170 unum

241 2279 257 2306 4
285 2275 399 2296 nonne
419 2262 448 2292 O
466 2275 472 2293 ε
498 2272 566 2292 non
586 2259 649 2290 rell.
787 2265 806 2293 5
831 2258 865 2283 ut
883 2249 1006 2291 putetis
1023 2257 1088 2277 om.
1111 2244 1140 2275 Ο
1284 2249 1301 2277 7
1326 2236 1384 2268 tibi
1402 2246 1468 2266 om.
1491 2232 1521 2263 Ο

202 2322 239 2342 12
265 2318 418 2348 magnam
438 2316 502 2336 om.
526 2304 555 2334 O
728 2310 765 2337 13
790 2297 1001 2328 demonstret
1021 2290 1049 2321 O
1241 2292 1281 2320 23
1307 2291 1375 2312 non
1393 2289 1458 2309 om.
1480 2275 1521 2305 nb

200 2364 286 2385 novo
303 2362 367 2382 om.
389 2349 419 2379 O
