1600 2704
66 81 334 121 ACTIONIS
365 83 426 120 IN
457 83 503 122 C.
525 83 767 120 VERREM
798 80 1097 121 SECVNDAE
1130 82 1235 120 LIB.
1257 83 1294 119 V
1348 91 1399 130 32
1417 88 1459 129 84

66 193 106 231 in
128 194 263 232 Insula
283 201 341 232 est
362 192 645 244 Syracusanum
667 195 868 234 neminem
889 195 1035 243 voluit3
1065 195 1195 242 hodie,
1219 196 1395 246 inquam,

65 259 352 307 Syracusanum
372 258 412 296 in
433 272 479 297 ea
498 267 606 309 parte
627 259 803 298 habitare
823 273 903 297 non
925 259 1015 297 licet
1030 273 1040 305 ,-
1069 267 1127 297 est
1155 259 1260 297 enirn
1288 262 1398 298 locus

65 335 184 372 quem
205 325 266 361 vel
286 323 402 373 pauci
422 331 583 374 possent
603 325 827 363 defendere.
887 323 1146 363 Committere
1166 323 1281 373 igitur
1307 337 1398 362 eum

65 399 146 425 non
176 387 413 426 fidelissimis
434 387 661 426 hominibus
682 388 819 435 noluit,
849 387 965 426 simul
986 389 1094 437 quod
1115 388 1165 426 ab
1201 387 1266 425 illa
1290 395 1398 437 parte

27 465 44 495 5
63 451 170 489 urbis
201 452 365 490 navibus
391 452 520 491 aditus
551 466 597 491 ex
624 454 704 491 alto
724 460 781 491 est
801 468 811 500 3
839 465 957 502 quam
979 453 1032 490 ob
1053 465 1133 490 rem
1156 451 1222 501 qui
1244 459 1397 490 nostros

63 515 253 554 exercitus
288 530 405 567 saepe
439 519 694 565 excluserant,
727 517 772 556 iis
806 518 975 555 claustra
1005 516 1081 555 loci
1112 516 1398 555 committenda

63 593 143 618 non
178 580 420 620 existimavit.
480 581 583 621 Vide
618 582 714 632 quid
744 582 894 621 intersit
929 582 1028 620 inter
1055 589 1162 619 tuam
1190 580 1395 620 libidinem
1418 583 1456 622 85

63 643 335 695 maiorumque
363 646 648 694 auctoritatem,
679 646 778 685 inter
805 660 978 685 amorem
1007 648 1257 696 furoremque
1284 654 1396 685 tuum

62 716 101 747 et
132 708 285 747 illorum
314 710 523 748 consilium
553 719 671 761 atque
697 711 957 761 prudentiam.
1020 710 1082 748 Illi
1102 710 1252 749 aditum
1275 711 1396 750 litoris

5 788 44 811 10
62 774 312 823 Syracusanis
331 776 573 822 ademerunt,
593 783 635 814 tu
655 776 863 826 imperium
885 775 1123 814 maritimum
1141 776 1369 815 concessisti
1386 791 1396 824 3

62 837 116 875 illi
150 838 325 878 habitare
359 839 399 878 in
434 853 482 878 eo
512 842 600 879 loco
629 842 927 890 Syracusanum,
952 854 1029 890 qua
1059 854 1178 878 naves
1207 842 1396 880 accedere

61 910 232 951 possent,
256 905 476 952 noluerunt,
504 912 546 943 tu
574 905 687 943 classi
717 913 755 943 et
783 905 948 943 navibus
976 906 1260 954 Syracusanum
1290 919 1396 955 prae-

60 979 146 1005 esse
177 968 332 1006 voluisti
348 984 359 1016 3
387 969 530 1018 quibus
561 968 615 1007 illi
646 969 751 1008 urbis
783 983 876 1008 suae
906 976 1055 1019 partem
1083 970 1328 1018 ademerunt,
1349 970 1394 1008 iis

60 1038 102 1069 tu
128 1033 249 1071 nostri
278 1033 415 1084 imperi
440 1042 589 1084 partem
621 1034 775 1080 dedisti,
799 1041 836 1072 et
862 1046 1029 1083 quorum
1058 1033 1254 1072 sociorum
1275 1047 1394 1083 opera

3 1115 40 1148 15
61 1097 293 1146 Syracusani
314 1098 428 1136 nobis
449 1098 556 1136 dicto
576 1097 781 1136 audientes
798 1105 898 1145 sunt,
922 1110 990 1135 eos
1011 1099 1255 1146 Syracusano
1285 1099 1393 1137 dicto

59 1161 256 1200 audientis
277 1176 363 1201 esse
384 1162 540 1201 iussisti.

115 1226 323 1276 Egreditur
342 1227 382 1265 in
404 1227 661 1277 Centuripina
688 1227 925 1278 quadriremi
947 1228 1183 1266 Cleomenes
1208 1240 1229 1265 e
1254 1235 1368 1277 portu
1384 1242 1395 1275 3
1413 1211 1464 1295 ἐξ

60 1291 236 1341 sequitur
267 1293 479 1342 Segestana
510 1292 630 1339 navis,
664 1292 942 1342 Tyndaritana,
978 1291 1239 1338 Herbitensis,
1271 1294 1395 1330 Hera-

60 1356 229 1404 cliensis,
277 1356 583 1407 ApolloniensiS‚
636 1356 867 1403 Haluntina‚
918 1358 1114 1406 praeclara
1171 1356 1305 1394 classis
1354 1356 1392 1394 in

1 1436 42 1458 20
60 1421 243 1472 speciem,
285 1423 355 1460 sed
390 1422 504 1472 inops
543 1430 581 1460 et
619 1421 773 1459 infirma
810 1429 968 1471 propter
1006 1420 1278 1459 dimissionem
1310 1434 1393 1471 pro-

60 1494 321 1536 pugnatorum
369 1494 487 1535 atque
526 1486 727 1535 remigum.
801 1487 902 1523 Tam
937 1486 1004 1524 diu
1044 1485 1082 1523 in
1122 1485 1287 1534 imperio
1321 1498 1393 1523 suo

59 1552 225 1588 classem
245 1550 317 1588 iste
338 1559 491 1600 praetor
507 1550 672 1600 diligens
693 1550 790 1589 vidit
811 1563 929 1600 quam
961 1550 1029 1588 diu
1060 1549 1283 1588 convivium
1309 1549 1392 1588 eius

60 1614 405 1664 flagitiosissimum
439 1622 704 1664 praetervecta
743 1622 828 1662 est3
877 1614 959 1664 ipse
998 1622 1142 1661 autem,
1183 1614 1251 1663 qui
1289 1614 1392 1652 visus

60 1679 191 1717 multis
229 1679 370 1718 diebus
408 1693 489 1718 non
528 1688 641 1727 esset,
683 1687 766 1717 tum
806 1693 847 1718 se
882 1688 1014 1717 tamen
1049 1679 1087 1716 in
1134 1687 1392 1729 conspectum

0 1756 40 1787 ²5
59 1743 188 1781 nautis
222 1743 418 1794 paulisper
446 1746 565 1783 dedit.
625 1744 739 1783 Stetit
772 1746 943 1782 soleatus
968 1751 1121 1793 praetor
1151 1744 1287 1793 populi
1316 1746 1394 1782 Ro-

60 1808 165 1845 mani
193 1821 284 1846 cum
304 1808 423 1857 pallio
444 1822 639 1859 purpureo
660 1809 872 1858 tunicaque
894 1808 1003 1847 talari
1024 1808 1252 1847 muliercula
1281 1809 1392 1847 nixus

59 1873 98 1911 in
132 1872 254 1911 litore.
316 1874 401 1911 Iam
433 1874 508 1912 hoc
539 1873 655 1912 istum
687 1874 828 1912 vestitu
860 1873 979 1912 Siculi
1007 1873 1190 1922 civesque
1219 1873 1392 1911 Romani

58 1938 241 1988 permulti
280 1951 397 1987 saepe
440 1938 627 1977 viderant.
699 1941 963 1988 Posteaquam
1002 1939 1163 1988 paulum
1207 1945 1392 1986 provecta
1411 1946 1451 1986 87

58 2003 191 2041 classis
213 2010 270 2041 est
290 2010 328 2042 et
350 2005 578 2053 Pachynum
600 2003 739 2053 quinto
760 2003 824 2042 die
849 2003 1021 2052 denique
1050 2003 1226 2052 adpulsa,
1248 2010 1390 2040 nautae

0 2083 41 2113 30
59 2067 185 2106 coacti
214 2069 317 2106 fame
346 2067 495 2106 radices
525 2070 742 2118 palmarum
780 2067 1002 2117 agrestium,
1035 2080 1200 2116 quarum
1236 2074 1315 2104 erat
1349 2066 1389 2104 in

106 2181 118 2200 1
147 2171 178 2200 in
199 2170 308 2201 insula
328 2170 376 2211 Vp
393 2171 434 2201 al.
455 2182 460 2201 :
486 2171 595 2201 insula
611 2171 675 2201 RS
694 2173 726 2207 (5
744 2171 787 2201 80
803 2170 922 2211 supra)
1008 2170 1257 2209 Syracusanum
1279 2169 1388 2209 Vpk-6:

61 2223 214 2244 -anorum
230 2213 325 2244 st
499 2223 519 2252 3
545 2219 683 2253 possent
706 2213 797 2244 VRS
814 2225 820 2243 ε
845 2218 985 2252 possunt
997 2219 1042 2253 p:
1068 2214 1199 2252 possint
1215 2213 1297 2243 Ern.
1315 2212 1384 2243 edd.

62 2258 94 2294 (ξ
125 2267 185 2295 139
209 2256 311 2296 infra)
450 2267 488 2296 19
514 2257 547 2287 in
572 2257 720 2296 speciem
745 2258 803 2287 ks:
839 2257 872 2287 in
897 2257 1011 2296 specie
1037 2255 1177 2296 RSDp:
1203 2256 1318 2295 specie
1341 2256 1385 2287 al.

62 2299 166 2337 (fort.
183 2300 224 2329 ad
242 2301 390 2338 speciem
409 2312 415 2330 :
442 2301 473 2336 ii,
492 2299 512 2340 i,
533 2304 547 2337 ξ
569 2301 626 2339 58)
771 2311 811 2338 27
837 2300 899 2330 hoc
918 2301 992 2339 ipso
1009 2301 1026 2329 δ
1167 2300 1209 2329 28
1233 2300 1388 2330 viderant

59 2341 218 2380 Benedict,
235 2342 304 2374 edd.
325 2354 397 2375 recc.
414 2354 420 2374 :
445 2344 601 2374 viderunt
618 2342 708 2377 codd.
728 2343 911 2383 (Zielinski,
924 2348 979 2384 pp.
1004 2342 1123 2383 197-8)

1238 2386 1299 2416 27*
