1600 2704
105 76 376 117 ACTIONIS
407 79 468 117 IN
498 79 543 119 c.
566 81 808 120 VERREM
839 83 1139 124 SECVNDAE
1171 88 1276 126 ΜΒ.
1299 89 1318 128 1
1357 90 1414 138 46
1437 63 1525 129 121³*

86 198 259 236 nequam
273 187 502 238 reliquisset.
553 190 668 238 Quae
680 204 753 241 ego
767 205 847 230 non
861 205 1412 249 commemorarem‚—neque

85 249 191 288 enim
212 252 407 301 perfacete
433 252 539 292 dicta
559 267 688 304 neque
713 268 830 305 porro
851 257 924 296 hac
945 259 1149 298 severitate
1169 261 1288 311 digna
1308 272 1410 311 sunt,

85 314 212 354 —nisi
232 329 302 355 vos
322 316 420 356 illud
440 320 582 357 vellem
609 321 813 369 recordari,
837 321 946 361 istius
965 324 1180 374 nequitiam
1206 333 1244 364 et
1274 327 1412 378 iniqui-

82 386 203 418 tatem
224 387 308 419 tum
330 381 370 420 in
385 395 453 421 ore
468 383 570 433 vulgi
590 391 710 434 atque
730 384 769 423 in
790 388 1070 427 communibus
1091 390 1306 440 proverbiis
1327 405 1412 431 esse

42 459 59 490 5
80 452 285 484 versatam.

136 511 183 548 In
210 511 370 560 plebem
399 526 491 552 vero
521 515 746 554 Romanam
776 525 905 557 utrum
936 520 1159 570 superbiam
1180 521 1286 572 prius
1307 535 1411 561 com—
1431 506 1494 589 ³32

79 586 294 614 memorem
315 590 366 614 an
395 578 698 619 crudelitatem?
753 581 846 621 Sine
875 584 999 623 dubio
1029 585 1239 624 crudelitas
1259 600 1411 636 gravior

76 645 135 676 est
150 647 269 689 atque
287 641 466 681 atrocior.
527 643 737 684 Oblitosne
764 646 879 696 igitur
907 649 980 688 hos
1007 650 1152 699 putatis
1182 664 1267 689 esse
1288 665 1406 701 quem

73 704 125 741 ad
147 706 311 743 modum
342 706 390 744 sit
421 707 493 747 iste
523 709 660 748 solitus
689 710 803 761 virgis
833 713 990 762 plebem
1022 716 1248 753 Romanam
1278 717 1407 755 conci-

17 785 54 807 10
74 768 198 809 dere?
255 770 388 821 Quam
410 783 492 810 rem
521 772 638 812 etiam
662 773 840 814 tribunus
870 777 996 827 plebis
1027 777 1067 816 in
1097 778 1284 818 contione
1314 781 1403 831 egit,

72 845 163 871 cum
185 846 276 873 eum
297 848 416 886 quem
440 835 512 876 iste
542 837 656 889 virgis
687 838 881 879 ceciderat
912 842 951 880 in
980 850 1239 894 conspectum
1267 845 1402 895 populi

72 897 246 936 Romani
276 900 489 948 produxit;
532 902 642 941 cuius
670 904 724 942 rei
754 908 1098 955 recognoscendae
1125 908 1265 946 faciam
1290 909 1402 948 vobis

69 974 142 1000 suo
172 969 351 1012 tempore
384 973 630 1015 potestatem.
701 970 892 1019 Superbia
920 984 1012 1009 vero
1042 986 1144 1022 quae
1171 973 1284 1011 fuerit
1313 974 1401 1024 quis
1427 986 1487 1017 123

67 1024 249 1075 ignorat?
277 1041 397 1077 quem
423 1031 475 1068 ad
496 1032 659 1070 modum
681 1031 753 1071 iste
787 1034 1061 1073 tenuissimum
1090 1050 1289 1087 quemque
1310 1052 1401 1077 con-

9 1105 46 1138 15
66 1091 278 1140 tempserit,
308 1094 539 1143 despexerit,
569 1095 735 1134 liberum
757 1110 842 1136 esse
870 1112 1088 1149 numquam
1114 1102 1297 1140 duxerit?
1356 1105 1395 1142 P.

65 1155 288 1195 Trebonius
318 1156 420 1196 viros
444 1159 572 1197 bonos
593 1167 630 1198 et
652 1161 846 1201 honestos
861 1164 1073 1213 compluris
1095 1166 1186 1204 fecit
1203 1168 1368 1206 heredes
1386 1183 1396 1216 ;

63 1217 103 1256 in
124 1218 170 1258 iis
185 1220 276 1258 fecit
292 1233 407 1259 suum
429 1222 622 1262 libertum.
684 1226 723 1263 Is
740 1228 786 1264 A.
806 1228 1051 1267 Trebonium
1073 1230 1228 1268 fratrem
1250 1232 1396 1271 habue-

61 1291 118 1322 rat
138 1285 410 1336 proscriptum.
471 1287 519 1326 Ei
549 1302 639 1327 cum
661 1299 820 1329 cautum
842 1294 968 1339 vellet,
992 1294 1144 1344 scripsit
1165 1303 1207 1333 ut
1229 1297 1394 1337 heredes

59 1346 229 1388 iurarent
267 1363 308 1389 se
342 1359 543 1391 curaturos
573 1362 614 1392 ut
644 1368 691 1393 ex
720 1368 790 1394 sua
823 1357 1014 1407 cuiusque
1040 1366 1149 1408 parte
1181 1373 1230 1398 ne
1261 1361 1392 1401 minus

0 1427 39 1448 20
58 1412 268 1452 dimidium
297 1416 348 1454 ad
374 1418 421 1454 A.
454 1418 698 1458 Trebonium
725 1420 834 1459 illum
869 1422 1128 1473 proscriptum
1159 1426 1388 1474 perveniret.

59 1476 240 1517 Libertus
261 1478 359 1518 iurat
377 1495 387 1528 ,·
407 1482 525 1520 ceteri
539 1483 704 1523 heredes
720 1486 869 1524 adeunt
882 1488 933 1525 ad
950 1488 1127 1536 Verrem,
1144 1490 1291 1528 docent
1308 1505 1389 1530 non

56 1549 237 1591 oportere
257 1556 298 1582 se
318 1543 359 1583 id
380 1544 504 1585 iurare
525 1547 695 1587 facturos
726 1562 811 1588 esse
840 1551 949 1600 quod
974 1559 1111 1590 contra
1135 1554 1264 1603 legem
1295 1555 1390 1595 Cor-

54 1606 200 1645 neliam
220 1616 333 1656 esset,
356 1623 457 1660 quae
485 1613 747 1664 proscriptum
768 1614 889 1653 iuvari
911 1623 1056 1654 vetaret
1074 1631 1083 1663 3
1114 1616 1324 1667 impetrant
1345 1628 1387 1659 ut

54 1684 104 1709 ne
124 1670 251 1710 iurent
265 1687 276 1720 3
305 1673 372 1712 dat
393 1674 452 1713 his
473 1677 774 1726 possessionem.
836 1680 885 1718 Id
906 1693 979 1729 ego
1009 1693 1090 1718 non
1111 1683 1358 1732 reprehendo
1375 1699 1387 1732 5

0 1747 32 1779 25
53 1736 199 1775 etenim
229 1745 310 1776 erat
336 1738 516 1790 iniquum
543 1742 694 1781 homini
719 1743 937 1794 proscripto
969 1745 1099 1795 egenti
1126 1747 1177 1784 de
1207 1748 1385 1786 fraternis

52 1799 166 1839 bonis
198 1802 411 1853 quicquam
441 1806 534 1844 dari.
596 1807 788 1855 Libertus,
812 1809 887 1847 nisi
908 1823 955 1848 ex
976 1816 1212 1850 testamento
1228 1813 1382 1862 patroni

49 1864 224 1913 iurasset,
252 1870 378 1907 scelus
406 1883 447 1908 se
483 1871 678 1910 facturum
706 1873 989 1921 arbitrabatur,·
1021 1874 1154 1925 itaque
1181 1876 1216 1914 ei
1241 1879 1381 1916 Verres
1407 1889 1466 1920 124

92 1978 112 1998 2
137 1969 307 2008 perfacete
328 1971 357 2001 V
370 1971 432 2012 Lg.
452 1983 514 2010 42:
539 1974 700 2012 perfacile
714 1981 737 2015 p
750 1976 814 2007 rell.
988 1988 1007 2016 3
1033 1983 1067 2009 et
1085 1979 1292 2018 iniquitatem
1311 1986 1381 2011 tum

41 2015 67 2051 p
83 2011 147 2042 rell.
168 2023 174 2042 ε
199 2024 266 2044 om.
289 2013 321 2043 V
436 2026 455 2053 4
480 2015 572 2055 volgi
592 2016 625 2046 V
743 2029 781 2050 10
805 2024 846 2050 tr.
866 2020 910 2059 pl.
933 2021 1094 2059 Quintius
1114 2022 1145 2051 V
1254 2033 1290 2054 11
1318 2024 1381 2055 iste

45 2055 150 2094 virgis
172 2056 232 2086 Vn·
249 2069 254 2087 :
279 2058 383 2097 virgis
400 2058 465 2089 iste
481 2059 519 2089 ὂδ
601 2069 638 2090 12
664 2062 882 2100 produxisset
898 2064 1159 2104 V(Zz'el1'nskip.
1182 2066 1256 2106 193)
1343 2077 1380 2106 14

45 2097 109 2129 iste
130 2098 271 2131 VPrisc.
289 2112 295 2131 z
320 2101 349 2132 is
360 2103 403 2141 p&
495 2103 534 2133 16
558 2104 735 2142 conplures
752 2104 837 2136 Vbr:
864 2107 980 2146 plures
992 2113 1039 2148 pq
1134 2118 1170 2146 17
1195 2109 1236 2140 iis
1255 2109 1302 2140 V:
1328 2111 1380 2142 his

38 2145 64 2181 p
81 2141 145 2173 rell.
254 2144 286 2175 Is
301 2143 425 2175 Aulum
438 2150 463 2185 p
573 2155 616 2177 20
640 2146 683 2177 A.
697 2148 761 2187 prb
778 2159 786 2179 ε
812 2160 879 2180 om.
903 2150 950 2190 Vq
1053 2152 1192 2182 fratrem
1209 2152 1302 2183 illum
1317 2154 1357 2183 nb
1372 2166 1378 2184 :

43 2184 136 2215 illurn
157 2185 267 2217 Vedd.
407 2198 448 2218 22
472 2189 505 2220 id
522 2189 670 2230 iurarep
688 2191 741 2232 (ut
757 2193 836 2223 coni.
853 2193 968 2233 Klotz)
986 2205 992 2224 :
1017 2195 1172 2225 adiurare
1193 2194 1241 2225 V:
1266 2197 1379 2228 iurare

43 2227 76 2259 id
93 2239 150 2268 qr:
175 2230 288 2260 iurare
306 2230 369 2261 rell.
475 2238 609 2263 acturos
631 2232 663 2263 V
804 2246 846 2275 23
871 2241 1002 2268 vetaret
1022 2236 1104 2268 Vut
1114 2237 1260 2269 videtur:
1285 2245 1377 2270 vetat

36 2276 61 2310 p
79 2272 142 2304 rell.
257 2283 298 2312 25
322 2275 446 2305 inicum
467 2275 498 2304 V
598 2278 639 2307 26
666 2276 819 2310 Libertus
841 2278 872 2309 V
885 2279 955 2311 edd.
975 2292 981 2311 :
1006 2285 1040 2312 at
1058 2281 1113 2311 ille
1132 2281 1275 2313 libertus
1292 2294 1310 2312 ν
1326 2284 1380 2324 (ut

41 2316 120 2345 com'.
140 2315 262 2356 Ern.):
288 2322 321 2348 et
339 2317 394 2349 ille
412 2319 467 2349 lib.
485 2324 508 2359 p
522 2319 587 2350 rell.

85 2368 149 2389 cic.
168 2369 248 2391 vnn.
1270 2370 1287 2402 7
