1600 2704
591 115 914 154 PRAEFATIO

91 226 294 268 Fabricius
328 232 395 264 aut
425 224 662 265 Gulielmius
692 238 859 275 usquam
889 223 1286 264 commemoraverit?
1343 226 1421 264 Sed

92 295 189 332 haec
219 293 422 330 hactenus.
481 290 611 340 Digna
643 298 700 329 est
735 289 914 340 quaestio
941 302 1042 340 quae
1075 288 1115 327 in
1146 288 1231 327 aliis
1261 301 1422 339 quoque

88 356 210 396 Tullii
230 354 474 395 orationibus
495 361 743 394 exerceatur:
778 354 819 392 in
846 354 1094 401 Cluentiana‚
1129 367 1224 404 e.g.‚
1260 361 1420 392 centum

89 423 169 462 fere
199 422 308 461 locos
343 419 529 459 denotavi
568 419 607 458 in
646 419 791 470 quibus
825 420 984 458 codices
1024 418 1146 457 nostri
1178 418 1277 457 inter
1308 431 1350 457 se
1380 418 1420 456 in

87 486 295 526 verborum
329 483 606 524 conlocatione
644 484 892 524 dissentiunt.
971 486 1127 523 Praeter
1166 496 1419 522 numerorum

86 550 290 598 rationem,
319 551 501 590 videntur
531 550 675 589 librarii
705 550 903 589 interdum
935 549 1008 600 ipsi
1043 549 1117 588 sibi
1152 548 1345 599 placuisse
1380 548 1419 586 in

86 616 229 656 talibus
249 616 378 656 verbis
408 615 605 666 ponendis
635 615 767 666 qualia
795 622 886 653 sunt
916 615 1006 661 iam,
1038 615 1148 661 enim,
1182 615 1259 660 iste,
1291 614 1417 660 etiam,

78 683 220 731 potius,
243 695 387 731 quoque
406 679 461 731 (ii,
484 680 503 730 ξ
529 682 600 718 166
619 695 626 719 :
661 679 712 727 iii,
735 680 754 729 ξ
779 693 851 729 199
870 694 876 716 :
907 693 941 726 v,
963 679 981 729 ξ
1007 692 1078 728 123
1098 693 1105 717 ;
1138 680 1257 717 Rosc.
1281 679 1298 728 ξ
1320 679 1398 725 82).

140 747 262 795 Quod
296 745 469 796 denique
503 747 555 784 ad
585 744 704 784 libros
735 745 823 783 iv-v
856 744 1106 783 Verrinarum
1136 744 1285 791 attinet,
1323 743 1420 783 illud

85 817 145 849 est
188 811 587 850 animadvertendum
626 823 717 848 cum
748 817 780 859 p
817 817 854 845 et
896 808 1156 846 deterioribus
1204 821 1420 859 congruere

87 875 319 926 plerumque
351 876 438 914 eod.
470 875 504 911 V
530 874 662 920 potius
692 883 810 920 quam
842 884 933 909 cum
966 871 1092 922 Regio
1124 872 1300 912 Parisino
1331 874 1418 925 (R),

85 947 124 979 et
151 939 190 978 in
218 940 348 974 dubiis
379 934 615 974 lectionibus
643 942 681 974 et
710 934 750 973 in
777 936 987 974 verborum
1019 937 1307 977 conlocatione.
1369 941 1419 978 Et

85 1000 244 1038 hercule
265 999 304 1037 in
325 1012 443 1049 prava
469 998 746 1037 conlocatione
767 999 1040 1049 similibusque
1070 1001 1203 1040 erratis
1225 1016 1421 1042 nonnum-

85 1076 205 1113 quam
244 1064 452 1102 manifesto
491 1063 822 1113 deprehenditur:
881 1078 911 1104 e.
928 1078 960 1115 g.
996 1080 1028 1113 v,
1063 1067 1080 1116 §
1117 1079 1186 1117 115
1224 1082 1419 1119 omnesque

85 1129 247 1165 multum
282 1127 316 1164 V
335 1129 404 1166 sol.
437 1141 507 1178 pro
537 1141 663 1166 omnes
692 1131 937 1179 multumque,
969 1138 1007 1169 et
1037 1132 1055 1180 ξ
1082 1145 1151 1181 ¹32
1182 1135 1419 1173 calamitates

81 1194 231 1242 quidem
252 1206 323 1244 pro
343 1195 493 1243 quidem
519 1195 776 1234 calamitatis:
806 1197 853 1234 cf.
875 1198 964 1235 Am.
979 1199 1022 1248 s.
1046 1198 1121 1236 Ple.
1146 1199 1242 1246 xxvi,
1267 1213 1304 1250 p.
1326 1215 1414 1251 434.

136 1257 215 1296 Sed
246 1257 428 1296 nonnihil
461 1258 652 1298 momenti
686 1260 738 1298 ad
768 1261 870 1299 hanc
905 1261 1234 1312 disceptationem
1264 1265 1418 1304 videtur

81 1321 179 1360 illud
200 1322 352 1362 adferre
373 1323 482 1373 quod
504 1323 777 1363 recensionem
795 1338 914 1375 quam
935 1327 1096 1377 praebet
1124 1328 1257 1368 Vante
1279 1331 1415 1369 oculos

81 1386 220 1425 habuit
248 1386 541 1436 Quintilianus:
586 1403 619 1435 v,
649 1389 668 1438 ξ
699 1402 770 1438 117
802 1397 895 1428 sunt
921 1393 1012 1429 llaec
1039 1393 1108 1443 Vp
1135 1395 1181 1431 al.
1207 1403 1244 1432 et
1277 1396 1413 1444 Quint.

78 1450 156 1489 viii.
183 1465 221 1500 4,
248 1466 303 1502 19,
337 1453 427 1491 haec
451 1459 545 1492 sunt
570 1455 702 1493 Rler:
747 1455 842 1495 ibid.
874 1458 1059 1495 usitatum
1092 1464 1148 1496 est
1185 1460 1218 1495 V
1231 1467 1262 1510 p
1293 1462 1340 1499 al.
1378 1470 1415 1500 et

81 1515 231 1564 Quint„
263 1523 318 1555 est
344 1530 421 1556 om.
454 1519 585 1558 RSqt:
620 1519 638 1569 ξ
664 1521 736 1558 118
764 1522 1030 1559 Romanorum
1062 1523 1096 1560 1⁷
1111 1524 1246 1572 Quint.
1269 1525 1344 1563 viii.
1377 1541 1412 1574 4,

81 1592 141 1628 27,
165 1593 242 1620 om.
267 1582 374 1620 rell.:
409 1583 456 1621 cf.
483 1583 570 1621 Div.
592 1584 610 1633 ξ
631 1597 655 1631 4
676 1585 812 1623 habere
830 1599 888 1624 eos
909 1587 963 1636 p&
990 1595 1027 1626 et
1054 1588 1190 1637 Quint.
1221 1589 1266 1629 ix.
1294 1605 1327 1638 2,
1351 1603 1411 1641 59,

77 1658 135 1684 eos
154 1647 291 1684 habere
310 1648 402 1686 ΒΨ.

134 1710 280 1749 Merito
320 1711 434 1763 igitur
473 1713 696 1754 laudandus
735 1722 793 1754 est
833 1717 922 1755 cod.
957 1717 1172 1757 Vaticanus
1206 1728 1247 1758 ut
1281 1729 1412 1761 sectae

77 1775 244 1825 vulgaris
291 1777 403 1826 quasi
452 1778 612 1817 ultimus
652 1787 690 1818 et
729 1793 842 1819 verus
890 1795 1043 1832 parens.
1120 1786 1254 1835 Atque
1293 1786 1411 1825 etiam

76 1840 255 1879 recensio
283 1854 402 1892 quam
433 1844 595 1893 praebet
626 1843 803 1894 Vpotest
831 1847 949 1886 fuisse
973 1848 1172 1899 antiquior
1197 1863 1315 1900 quam
1348 1851 1411 1890 illa

77 1917 178 1954 quae
209 1905 250 1943 in
280 1907 494 1958 archetypo
522 1908 800 1949 continebatur
829 1925 850 1950 e
880 1925 960 1962 quo
988 1914 1174 1964 descripti
1204 1924 1295 1954 sunt
1325 1918 1408 1963 RS,

77 1970 184 2004 unde
214 1971 404 2018 excerpsit
438 1971 579 2022 aliquis
617 1973 737 2013 libros
778 1974 873 2013 ii—iii
909 1984 950 2014 ut
983 1977 1022 2015 in
1043 1980 1131 2017 cod.
1156 1979 1409 2020 Cluniacensi

75 2029 170 2067 olim
210 2032 450 2081 legebantur.
511 2038 590 2075 Sed
629 2045 714 2076 utra
759 2039 949 2089 scriptura
987 2041 1060 2092 ipsi
1099 2043 1283 2083 Ciceroni
1322 2048 1408 2096 plus

77 2094 233 2143 debeat,
257 2095 297 2135 id
318 2110 412 2136 sane
433 2099 540 2138 haud
561 2100 674 2140 facile
695 2110 776 2141 erat
797 2105 1103 2146 decernendum.

117 2214 306 2247 Scribebam
323 2216 436 2249 Monte
450 2219 553 2260 Regio
572 2220 821 2254 Canadensz'um

247 2276 356 2308 Mense
371 2277 391 2308 I
391 2279 456 2310 ulio
473 2290 668 2312 ntoccccvn.

127 2420 188 2442 εις.
209 2420 290 2443 VER.
705 2419 779 2457 xvii
1269 2427 1293 2463 1)
