1600 2704
556 91 879 129 PRAEFATIO

55 207 208 245 videtur
236 203 392 241 obstare
421 201 634 251 quominus
651 198 899 237 'Vaticanum
928 211 1148 247 sequamur.
1211 199 1258 235 In
1287 199 1382 236 duo-

55 267 185 307 decim
215 268 294 305 fere
323 266 419 305 locis
448 267 499 305 ad
529 267 651 303 finem
679 264 766 302 libri
796 263 910 314 primi
941 262 1047 311 (Am.
1070 263 1114 313 s.
1147 263 1223 300 Plz.
1255 262 1381 307 xxviii,

54 345 118 382 pp.
153 333 300 381 128-9)
333 330 488 369 videtur
518 329 614 367 mihi
647 328 764 366 huius
803 327 952 367 codicis
990 326 1213 365 auctoritati
1247 334 1382 364 contra

43 404 78 446 p
118 404 352 446 ceterosque
389 394 559 433 familiae
597 394 639 431 1⁷
671 392 830 432 codices
872 392 1230 441 obtemperandum
1269 404 1382 429 esse:

54 460 194 499 deficit
228 460 269 498 in
307 459 367 498 his
396 459 572 510 partibus
608 459 658 496 .Y.
738 459 842 506 Ergo
880 457 967 495 cod.
1011 456 1044 493 V
1075 455 1381 505 disceptatorem

53 524 256 563 adhibebo
280 537 371 562 cum
397 537 510 574 agam
538 524 588 562 de
617 522 765 562 difficili
795 520 1037 571 quaestione,
1061 533 1156 558 num
1187 520 1232 559 C.
1256 521 1297 557 F.
1321 521 1380 556 W.

56 590 272 627 Muellerus
296 595 400 627 recte
427 587 563 626 fecerit
592 586 660 636 qui
690 599 829 624 omnes
856 585 895 622 in
911 586 980 633 Lg.
1004 598 1053 632 42
1078 584 1148 635 (O)
1173 584 1380 622 verborum

57 652 381 702 transpositiones
402 665 471 702 per
490 651 609 690 libros
631 650 728 688 ii—iii
748 650 787 687 in
809 657 958 687 textum
980 648 1199 698 receperit?
1215 648 1227 669 ¹

107 719 162 755 Vt
182 716 221 754 in
242 716 435 766 prioribus
463 715 581 762 libris,
604 715 657 753 ita
683 714 723 752 in
750 714 857 752 libris
879 713 973 751 ii-iii
1001 713 1163 763 quidam
1188 720 1278 750 sunt
1306 712 1381 750 loci

53 782 94 820 in
123 781 267 831 quibus
296 795 427 820 veram
458 781 688 830 scripturam
718 778 961 818 conservavit
990 780 1076 816 cod.
1111 778 1147 825 V,
1179 785 1245 815 aut
1275 778 1381 815 solus

56 854 123 885 aut
146 847 237 886 CcO
257 846 558 896 suffragantibus
579 861 585 883 z

107 910 158 948 iii.
190 912 208 960 ξ
241 923 288 959 70
318 917 430 960 atque
460 912 551 948 adeo
582 920 664 943 mm
697 908 906 944 damnatus
936 908 1018 944 eris.
1081 907 1128 943 In
1163 907 1272 944 nullo
1303 906 1381 944 alio

52 988 172 1020 quam
215 975 249 1007 V
272 975 411 1009 codice
445 972 626 1020 leguntur
665 971 762 1007 haec
793 970 921 1015 verba,
959 982 1061 1018 quae
1092 968 1132 1006 in
1165 971 1380 1020 archetypo

51 1043 270 1074 ceterorum
292 1034 470 1073 omnium
492 1033 674 1072 videntur
700 1048 746 1071 ex
774 1034 1096 1072 homoeoteleuto
1117 1033 1262 1072 omissa
1283 1048 1378 1073 esse.

54 1100 206 1138 Eadem
236 1112 295 1137 res
325 1098 455 1136 evenit
486 1097 574 1135 Div.
598 1098 616 1146 ξ
644 1099 666 1134 8
695 1099 922 1135 z'mz'z'ciormn
946 1097 1049 1146 (vim
1074 1091 1381 1148 gravz'lalemquc

50 1164 257 1211 requirunt
281 1162 547 1210 iudiciorum),
572 1161 639 1199 ubi
669 1163 767 1199 haec
791 1162 909 1199 verba
937 1162 990 1199 ob
1020 1163 1187 1199 eandem
1218 1176 1376 1201 causam

49 1235 88 1265 et
108 1226 148 1264 in
169 1227 212 1264 X
231 1235 270 1265 et
290 1227 330 1264 in
362 1226 556 1264 Yomissa
576 1234 676 1264 sunt.

102 1291 141 1328 ii.
163 1291 181 1340 ξ
201 1293 247 1328 61
281 1293 450 1340 amplam
478 1297 610 1328 nactus
643 1291 712 1330 VO
734 1298 871 1329 contra
898 1292 978 1329 rell.
1011 1293 1198 1341 (amplam
1228 1294 1377 1330 occ-asm-

48 1368 130 1393 nem
152 1361 294 1402 mzctus,
317 1368 345 1393 s.
368 1357 538 1405 amplam
559 1356 779 1393 occasionem
799 1356 1014 1393 calumniae
1036 1355 1195 1405 nactus).

102 1419 139 1458 ii.
170 1420 259 1468 §84
297 1420 509 1469 angebatur
545 1421 672 1457 animi
716 1421 918 1458 necessario
957 1419 1070 1469 (ΠΟ
1121 1427 1255 1457 contra
1295 1422 1374 1459 rell.

46 1482 277 1533 (angebatur
294 1490 420 1522 tamen
441 1486 568 1522 am'mz'
582 1486 708 1522 dolore
729 1483 959 1536 necessario).

101 1548 150 1586 iii.
183 1549 298 1597 §220
327 1552 433 1587 denis
464 1563 536 1588 non
569 1551 674 1588 licere
715 1551 824 1588 r'cO:
864 1563 941 1588 om.
975 1564 1019 1588 ex
1052 1552 1376 1589 homoeoteleuto

47 1613 164 1650 ceteri
185 1614 303 1651 codd.

99 1675 150 1714 iii.
175 1677 194 1725 ξ
218 1691 290 1727 199
311 1691 404 1726 quos
424 1692 498 1716 που
518 1684 661 1716 exarat
689 1679 783 1723 VcO,
807 1692 873 1716 om
894 1681 977 1717 rell.

98 1740 148 1779 iii.
175 1755 245 1779 221
284 1742 352 1780 ubi
391 1744 592 1781 tanti...
621 1745 837 1781 aestimabit
871 1744 1005 1781 videtis
1037 1744 1183 1781 habent
1209 1750 1241 1793 p
1276 1744 1371 1788 rell,

44 1804 172 1843 verbis
210 1820 311 1855 quae
350 1807 390 1844 in
429 1807 561 1846 medio
600 1808 799 1846 debebant
839 1821 924 1845 esse
963 1807 1117 1845 omissis
1157 1815 1194 1845 et
1234 1821 1255 1845 e
1305 1808 1375 1845 VO

44 1870 293 1919 recuperatis,

87 1953 98 1970 ¹
123 1954 265 1986 Parvum
283 1962 334 1987 est
350 1956 432 1987 illud
449 1957 510 1987 sed
527 1956 719 1987 Tullianum
740 1967 835 1987 usum
853 1957 1011 1995 loquendi
1033 1957 1265 1995 spectantibus
1281 1957 1371 1987 haud

45 1998 390 2042 praetermittendum,
406 2001 496 2038 quod
512 2000 601 2030 inter
617 2010 681 2029 csse
697 1999 872 2030 videantur
885 2004 918 2029 et
935 1999 1111 2030 videantur
1129 2010 1194 2030 esse
1210 1999 1370 2030 differunt

44 2041 134 2067 inter
150 2048 187 2068 se
205 2039 340 2070 codices
358 2052 365 2070 z
389 2051 417 2070 e.
433 2052 463 2079 g.
481 2042 513 2079 ii,
536 2045 551 2078 ξ
576 2044 615 2072 61
644 2043 692 2081 (in
718 2043 868 2073 clausula
891 2043 1094 2081 sententiae)
1112 2053 1177 2072 esse
1198 2042 1369 2073 videantur

46 2078 79 2108 V
97 2080 162 2110 rell.
186 2087 322 2120 praeter
347 2082 378 2112 O
406 2083 597 2119 (videantur
610 2086 700 2124 esse).
753 2085 838 2115 Cum
861 2086 979 2115 eadem
1004 2095 1058 2116 res
1083 2086 1204 2116 iterum
1230 2088 1263 2125 (§
1293 2087 1369 2124 108)

42 2122 241 2155 observatur
262 2128 342 2161 (esse
363 2126 516 2156 videatur
535 2128 631 2158 codd.
647 2132 782 2166 praeter
807 2128 849 2165 O,
866 2128 1017 2158 videatur
1035 2129 1116 2167 esse)
1138 2129 1368 2168 suspicionem

43 2171 179 2197 movet:
213 2168 368 2198 videmur
399 2169 497 2200 nobis
525 2171 727 2201 correctoris
758 2171 897 2201 alicuius
928 2182 1063 2202 manum
1095 2172 1366 2210 deprehendere.

42 2209 99 2248 qui
122 2210 226 2240 voluit
254 2211 421 2250 culpatam
451 2212 538 2243 illam
563 2218 765 2244 structuram
791 2225 809 2244 e
835 2219 932 2245 textu
958 2215 1079 2246 eicere.
1138 2215 1190 2246 Cf.
1211 2216 1257 2254 iii,
1282 2217 1298 2252 §
1327 2226 1369 2255 99

36 2252 161 2291 praeda
176 2264 243 2284 esse
256 2254 407 2286 videatur
424 2256 520 2287 codd.
539 2262 674 2295 praeter
692 2256 730 2292 Ο,
750 2257 784 2287 in
805 2267 870 2296 quo
895 2263 947 2288 est
967 2269 1034 2289 esse
1053 2258 1205 2289 videatur
1218 2258 1343 2299 praeda
1363 2271 1369 2289 ε

41 2305 240 2343 quamquam
266 2298 321 2328 hic
345 2299 544 2329 vocabulum
564 2299 689 2339 praeda
713 2302 821 2331 textui
844 2300 1049 2340 adscriptum
1075 2311 1151 2332 esse
1174 2307 1271 2341 putat
1295 2302 1367 2332 Zie-

41 2337 190 2370 linskius.
236 2340 364 2371 Confer
381 2346 414 2372 et
430 2351 460 2381 v,
482 2345 497 2380 ξ
513 2352 554 2381 35
573 2343 725 2373 videnlur
737 2354 805 2374 esse
818 2343 852 2374 R
867 2344 909 2374 al.
931 2356 937 2375 z
961 2355 1026 2375 esse
1042 2344 1198 2376 videntur
1210 2345 1277 2376 ΞΨ.

681 2401 730 2425 XV
