1600 2704
656 84 978 122 PRAEFATIO

147 208 231 240 xxx,
263 208 299 244 p.
324 195 416 245 165)
444 207 583 233 omnes
613 195 771 234 removi.
832 197 974 245 Neque
1002 207 1096 234 vero
1126 194 1390 233 dubitandum
1421 202 1479 233 est

149 257 277 307 ipsum
308 258 424 297 huius
452 259 621 297 familiae
652 260 761 309 quasi
793 260 935 298 ducem
957 267 995 297 et
1015 259 1241 309 signiferum
1274 260 1479 309 interpola-

148 322 242 362 toris
280 330 318 362 et
357 323 586 363 correctoris
625 337 787 362 manum
827 324 981 374 saepius
1020 324 1250 374 pertulisse:
1290 325 1399 363 testis
1431 324 1479 362 sit

147 388 258 426 locus
283 387 308 425 ii
338 388 387 437 §1
422 390 472 427 ad
506 389 568 426 fin.
593 388 660 426 ubi
689 389 808 427 verba
836 391 992 438 ‘erepta
1022 396 1123 427 esset
1150 390 1312 426 facultas
1342 401 1478 426 eorum

148 454 272 501 quos'
302 466 323 490 e
353 460 460 491 textu
491 466 647 502 prorsus
676 461 766 491 sunt
797 454 1039 503 expellenda.
1100 454 1208 501 Quin
1242 452 1359 491 etiam
1387 466 1476 491 cum

147 517 342 555 Vaticano
377 530 679 568 nonnumquam
711 518 763 556 ita
795 518 991 556 consentit
1014 525 1046 567 p
1077 518 1126 567 (e.
1143 531 1177 568 g.
1210 532 1232 556 v
1262 519 1281 566 ξ
1312 518 1402 568 125)
1437 525 1479 556 ut

149 594 310 619 manum
355 584 636 632 corruptricem
676 585 737 621 vel
777 584 948 632 antiquis
987 584 1230 633 temporibus
1277 584 1391 622 certis
1440 585 1478 620 in

145 644 242 683 locis
271 646 490 684 adhibitam
521 659 607 685 esse
633 655 831 697 appareat.
890 648 968 685 Sed
998 649 1120 684 multa
1151 649 1306 698 supplet
1324 654 1356 697 p
1377 661 1478 697 quae

146 708 186 746 in
207 709 354 747 familia
369 710 412 746 X
433 712 598 748 omnino
617 719 707 749 sunt
728 711 873 749 omissa
893 728 898 749 :
932 712 1019 750 Div.
1039 713 1078 761 ᾗῇ
1092 715 1154 762 65,
1176 715 1225 749 66
1246 727 1253 749 z
1284 713 1319 759 ii,
1348 727 1362 749 1
1383 712 1421 761 ,ἓξ
1443 726 1476 761 9,

145 784 220 822 45:
252 774 289 810 iv
318 774 432 823 §§27,
457 786 518 824 35,
546 787 641 821 142:
674 789 697 813 v
718 776 756 824 ἓξ
775 779 833 824 76,
862 779 945 825 136,
975 788 1057 826 152,
1087 788 1171 826 154.
1231 777 1339 825 Quin
1361 778 1476 814 etiam

147 851 252 876 nunc
288 840 456 887 primum
487 852 508 877 e
528 840 616 877 cod.
631 846 663 888 p
691 848 918 889 recuperata
942 848 1032 878 sunt
1058 840 1174 879 verba
1193 842 1245 878 sic
1262 842 1402 878 abusus
1427 846 1483 878 est

145 902 182 949 ii,
205 902 228 950 i,
249 904 266 951 ξ
288 917 360 952 130
382 917 483 953 quae
504 905 637 942 locum
665 904 703 941 in
732 904 917 943 omnibus
942 904 1049 943 libris
1079 905 1276 954 impressis
1304 905 1477 944 hiantem

144 980 232 1005 sero
264 976 509 1006 sanaverunt.
581 970 723 1019 Neque
752 983 844 1008 vero
876 969 1020 1008 nullius
1051 978 1110 1008 est
1148 970 1340 1008 momenti
1370 972 1478 1019 quod

145 1031 384 1081 quibusdam
420 1033 458 1070 in
492 1033 588 1071 locis
618 1034 771 1072 videtur
799 1036 881 1084 ipse
911 1034 1180 1083 Quintilianus
1207 1034 1479 1074 recensionem

145 1111 265 1147 quam
296 1100 412 1137 tradit
438 1107 470 1148 p
501 1099 601 1137 inter
637 1112 777 1138 manus
802 1100 987 1139 habuisse
1014 1101 1145 1149 potius
1175 1113 1292 1150 quarn
1335 1101 1481 1139 RSD.-

145 1163 191 1201 cf.
224 1177 247 1200 v
281 1163 401 1212 §117,
437 1164 524 1202 Div.
557 1165 624 1212 §4
685 1164 888 1214 Supplevit
917 1166 1037 1203 altera
1071 1178 1210 1203 manus
1246 1166 1284 1202 in
1307 1171 1340 1214 p
1367 1164 1473 1214 (ji-'z

145 1229 260 1266 saecl.
283 1227 365 1277 xiii)
386 1229 504 1266 verba
531 1242 553 1266 a
578 1229 705 1278 priore
732 1229 888 1267 librario
916 1230 996 1267 sive
1025 1242 1094 1279 per
1123 1229 1311 1267 incuriam
1334 1229 1477 1267 omissa

145 1292 226 1330 sive
256 1293 349 1341 quia
369 1306 450 1331 non
471 1294 598 1343 legere
619 1301 770 1342 poterat
791 1295 899 1343 quod
921 1300 1001 1332 erat
1023 1295 1062 1331 in
1092 1295 1313 1343 exemplari.

200 1358 307 1396 Cum
329 1359 466 1397 codice
477 1358 715 1408 partissiine
736 1360 920 1397 cohaeret
943 1359 1312 1409 Lagomarsinianus
1337 1373 1384 1407 29
1405 1358 1475 1410 (q),

146 1423 259 1460 saecl.
279 1435 327 1459 xv
347 1421 404 1473 (s.
423 1425 496 1461 Ph.
513 1437 596 1470 xxx,
615 1436 678 1473 pp.
704 1424 857 1474 190-1).
893 1426 1016 1461 Hunc
1030 1425 1230 1474 permagni
1244 1423 1477 1461 aestimabat

145 1486 364 1535 Zumptius,
380 1487 421 1524 in
437 1487 482 1525 iis
498 1489 725 1537 praesertim
740 1488 915 1537 partibus
932 1502 1033 1538 quae
1054 1489 1197 1527 desunt
1211 1490 1250 1526 in
1271 1488 1477 1526 codicibus

144 1551 316 1590 familiae
336 1553 385 1589 X.
448 1554 539 1601 Ipse
564 1566 644 1591 non
666 1554 831 1602 inspexi,
852 1566 1187 1603 supervacaneum
1208 1560 1323 1599 ratus,
1346 1560 1388 1590 ut
1409 1554 1475 1602 qui

145 1616 273 1663 ipsum
304 1618 392 1654 cod.
414 1624 447 1666 p
477 1625 605 1655 totum
635 1619 896 1667 perlegissem,
920 1617 1137 1667 quidquam
1172 1618 1339 1666 amplius
1356 1630 1474 1666 quam

142 1680 233 1718 cod.
264 1694 288 1729 q
326 1681 515 1719 lectiones
558 1681 634 1719 iam
669 1683 720 1719 ab
751 1682 835 1720 aliis
870 1689 1048 1720 enotatas
1087 1683 1126 1719 in
1157 1688 1345 1732 apparatu
1385 1693 1475 1719 meo

144 1743 368 1784 includere:
399 1746 490 1785 vide
516 1754 649 1785 tamen
679 1760 780 1796 quae
807 1747 958 1797 scripsit
987 1749 1031 1787 C.
1054 1749 1094 1785 F.
1111 1748 1168 1784 W.
1190 1748 1405 1785 Muellerus
1436 1746 1474 1783 in

143 1810 293 1848 Adnot.
314 1811 407 1849 Crit.
424 1822 460 1859 p.
484 1813 554 1849 xci.
608 1814 666 1849 Ex
687 1813 763 1850 hoc
780 1813 918 1851 codice
939 1812 1135 1851 derivatus
1157 1820 1214 1850 est
1237 1811 1475 1850 Harleianus

145 1876 246 1923 2687
280 1875 356 1925 (r):
388 1876 479 1926 v.s.
505 1877 579 1914 Ple.
611 1891 692 1923 xxx,
717 1890 780 1926 pp.
808 1891 945 1926 191—3.
1007 1878 1257 1916 Consensum
1290 1875 1474 1914 codicum

134 1946 216 1987 pqr
234 1940 345 1989 signo
365 1958 393 1978 π
413 1939 593 1978 indicavi.

197 2005 281 2041 Par.
305 2006 409 2053 4588
431 2006 467 2041 A
488 2003 546 2055 (k)
567 2005 667 2043 tertii
700 2006 845 2043 decimi
872 2006 1017 2044 saeculi
1046 2014 1103 2044 est
1133 2006 1272 2053 codex,
1293 2018 1411 2055 quem
1433 2005 1472 2042 in

143 2066 250 2106 libris
285 2068 379 2106 ii-iii
401 2083 447 2107 ex
468 2077 576 2118 parte
597 2071 763 2108 contulit
786 2071 989 2109 Iordanus.
1052 2072 1103 2108 Et
1123 2077 1227 2109 certe
1251 2069 1367 2108 nimis
1394 2068 1471 2107 iam

140 2139 201 2170 est
221 2140 452 2171 occaecatus
473 2146 591 2182 quarn
614 2142 655 2172 ut
677 2134 1012 2185 continenterlegi
1029 2135 1113 2173 sine
1127 2135 1306 2173 molestia
1326 2135 1448 2184 possit
1465 2149 1473 2181 3

142 2197 227 2246 ipse
259 2205 390 2235 tamen
421 2198 572 2247 inspexi
611 2207 648 2236 et
682 2199 814 2237 dubiis
843 2200 881 2237 in
915 2200 1010 2238 locis
1046 2199 1262 2238 identidem
1303 2200 1469 2237 laudavi.

144 2262 325 2300 Medium
348 2263 490 2311 interp
511 2270 547 2300 et
569 2264 685 2302 codd.
708 2264 920 2302 deteriores
948 2266 1078 2302 locum
1101 2263 1254 2302 videtur
1281 2263 1470 2302 obtinere.

197 2327 245 2363 In
266 2326 525 2365 deterioribus
553 2328 874 2366 adnumerandus
903 2336 961 2367 est
986 2329 1073 2366 cod.
1098 2330 1134 2366 S.
1160 2329 1284 2366 Marci
1310 2339 1382 2377 255
1406 2327 1470 2378 (b),

785 2406 834 2429 xii
