<?xml version="1.0" encoding="UTF-8"?>
<!DOCTYPE html PUBLIC "-//W3C//DTD XHTML 1.0 Transitional//EN"
    "http://www.w3.org/TR/xhtml1/DTD/xhtml1-transitional.dtd">
<html xmlns="http://www.w3.org/1999/xhtml" xml:lang="en" lang="en">
 <head>
  <title>
</title>
<meta http-equiv="Content-Type" content="text/html;charset=utf-8" />
  <meta name='ocr-system' content='tesseract 3.04.00' />
  <meta name='ocr-capabilities' content='ocr_page ocr_carea ocr_par ocr_line ocrx_word'/>
</head>
<body>
  <div class='ocr_page' id='page_1' title='image "./orationesrecogno02ciceuoft/orationesrecogno02ciceuoft_0360.png"; bbox 0 0 1600 2704; ppageno 0'>
   <div class='ocr_carea' id='block_1_1' title="bbox 131 145 1169 194">
    <p class='ocr_par' dir='ltr' id='par_1_1' title="bbox 131 145 1169 194">
     <span class='ocr_line' id='line_1_1' title="bbox 131 145 1169 194; baseline -0.001 -10"><span class='ocrx_word' id='word_1_1' title='bbox 131 155 184 194; x_wconf 88' lang='lat'><strong>97</strong></span> <span class='ocrx_word' id='word_1_2' title='bbox 209 161 271 192; x_wconf 82' lang='lat'><strong>224</strong></span> <span class='ocrx_word' id='word_1_3' title='bbox 573 147 628 184; x_wconf 85' lang='lat' dir='ltr'><strong>M.</strong></span> <span class='ocrx_word' id='word_1_4' title='bbox 662 146 831 184; x_wconf 93' lang='lat' dir='ltr'>TVLLI</span> <span class='ocrx_word' id='word_1_5' title='bbox 862 145 1169 185; x_wconf 92' lang='lat' dir='ltr'>CICERONIS</span> 
     </span>
    </p>
   </div>
   <div class='ocr_carea' id='block_1_2' title="bbox 121 255 1600 2052">
    <p class='ocr_par' dir='ltr' id='par_1_2' title="bbox 121 255 1600 2057">
     <span class='ocr_line' id='line_1_2' title="bbox 208 255 1536 305; baseline 0 -11"><span class='ocrx_word' id='word_1_6' title='bbox 208 256 441 295; x_wconf 89' lang='lat' dir='ltr'><strong>iudicaretis.</strong></span> <span class='ocrx_word' id='word_1_7' title='bbox 512 257 682 305; x_wconf 85' lang='lat' dir='ltr'><strong>Negaret</strong></span> <span class='ocrx_word' id='word_1_8' title='bbox 721 257 795 293; x_wconf 88' lang='lat' dir='ltr'><strong>hac</strong></span> <span class='ocrx_word' id='word_1_9' title='bbox 833 255 1106 294; x_wconf 84' lang='lat' dir='ltr'>aestimatione</span> <span class='ocrx_word' id='word_1_10' title='bbox 1145 267 1186 293; x_wconf 90' lang='lat' dir='ltr'><strong>se</strong></span> <span class='ocrx_word' id='word_1_11' title='bbox 1224 267 1351 300; x_wconf 89' lang='lat' dir='ltr'><strong>usum,</strong></span> <span class='ocrx_word' id='word_1_12' title='bbox 1387 267 1457 293; x_wconf 81' lang='lat' dir='ltr'><strong>vos</strong></span> <span class='ocrx_word' id='word_1_13' title='bbox 1496 255 1536 294; x_wconf 93' lang='lat' dir='ltr'><strong>id</strong></span> 
     </span>
     <span class='ocr_line' id='line_1_3' title="bbox 207 319 1537 369; baseline -0.002 -10"><span class='ocrx_word' id='word_1_14' title='bbox 207 319 495 359; x_wconf 81' lang='lat' dir='ltr'><strong>credidissetis:</strong></span> <span class='ocrx_word' id='word_1_15' title='bbox 531 319 683 358; x_wconf 91' lang='lat' dir='ltr'><strong>homini</strong></span> <span class='ocrx_word' id='word_1_16' title='bbox 714 319 938 366; x_wconf 82' lang='lat' dir='ltr'><strong>credidisse,</strong></span> <span class='ocrx_word' id='word_1_17' title='bbox 970 333 1051 357; x_wconf 88' lang='lat' dir='ltr'><strong>non</strong></span> <span class='ocrx_word' id='word_1_18' title='bbox 1081 319 1228 358; x_wconf 89' lang='lat' dir='ltr'><strong>sactum</strong></span> <span class='ocrx_word' id='word_1_19' title='bbox 1257 319 1537 369; x_wconf 85' lang='lat' dir='ltr'><strong>comprobasse</strong></span> 
     </span>
     <span class='ocr_line' id='line_1_4' title="bbox 206 382 1538 435; baseline -0.001 -12"><span class='ocrx_word' id='word_1_20' title='bbox 206 385 447 425; x_wconf 86' lang='lat' dir='ltr'><strong>videremini.</strong></span> <span class='ocrx_word' id='word_1_21' title='bbox 519 387 640 423; x_wconf 92' lang='lat' dir='ltr'><strong>Nullo</strong></span> <span class='ocrx_word' id='word_1_22' title='bbox 679 386 802 424; x_wconf 90' lang='lat' dir='ltr'><strong>modo</strong></span> <span class='ocrx_word' id='word_1_23' title='bbox 832 398 973 435; x_wconf 88' lang='lat' dir='ltr'><strong>negare</strong></span> <span class='ocrx_word' id='word_1_24' title='bbox 1011 392 1168 435; x_wconf 82' lang='lat' dir='ltr'><strong>potest3</strong></span> <span class='ocrx_word' id='word_1_25' title='bbox 1206 392 1363 434; x_wconf 84' lang='lat' dir='ltr'><strong>urgetur</strong></span> <span class='ocrx_word' id='word_1_26' title='bbox 1400 382 1423 422; x_wconf 86' lang='lat' dir='ltr'><strong>a</strong></span> <span class='ocrx_word' id='word_1_27' title='bbox 1456 391 1538 423; x_wconf 85' lang='lat' dir='ltr'><strong>tota</strong></span> 
     </span>
     <span class='ocr_line' id='line_1_5' title="bbox 207 448 1538 499; baseline -0.002 -10"><span class='ocrx_word' id='word_1_28' title='bbox 207 451 360 497; x_wconf 84' lang='lat' dir='ltr'><strong>Sicilia;</strong></span> <span class='ocrx_word' id='word_1_29' title='bbox 391 464 511 489; x_wconf 88' lang='lat' dir='ltr'><strong>nemo</strong></span> <span class='ocrx_word' id='word_1_30' title='bbox 531 458 589 489; x_wconf 89' lang='lat' dir='ltr'><strong>est</strong></span> <span class='ocrx_word' id='word_1_31' title='bbox 609 464 656 488; x_wconf 85' lang='lat' dir='ltr'><strong>ex</strong></span> <span class='ocrx_word' id='word_1_32' title='bbox 686 458 796 489; x_wconf 89' lang='lat' dir='ltr'><strong>tanto</strong></span> <span class='ocrx_word' id='word_1_33' title='bbox 826 463 990 488; x_wconf 90' lang='lat' dir='ltr'><strong>numero</strong></span> <span class='ocrx_word' id='word_1_34' title='bbox 1009 457 1206 489; x_wconf 89' lang='lat' dir='ltr'><strong>aratorum</strong></span> <span class='ocrx_word' id='word_1_35' title='bbox 1227 462 1250 487; x_wconf 90' lang='lat' dir='ltr'><strong>a</strong></span> <span class='ocrx_word' id='word_1_36' title='bbox 1269 462 1350 499; x_wconf 93' lang='lat' dir='ltr'><strong>quo</strong></span> <span class='ocrx_word' id='word_1_37' title='bbox 1370 448 1538 499; x_wconf 89' lang='lat' dir='ltr'><strong>pecunia</strong></span> 
     </span>
     <span class='ocr_line' id='line_1_6' title="bbox 126 514 1575 564; baseline 0 -12"><span class='ocrx_word' id='word_1_38' title='bbox 126 531 186 562; x_wconf 84' lang='lat'><strong>225</strong></span> <span class='ocrx_word' id='word_1_39' title='bbox 207 518 330 555; x_wconf 87' lang='lat' dir='ltr'><strong>cellae</strong></span> <span class='ocrx_word' id='word_1_40' title='bbox 360 515 522 554; x_wconf 87' lang='lat' dir='ltr'><strong>nomine</strong></span> <span class='ocrx_word' id='word_1_41' title='bbox 552 528 632 553; x_wconf 92' lang='lat' dir='ltr'><strong>non</strong></span> <span class='ocrx_word' id='word_1_42' title='bbox 663 515 712 553; x_wconf 88' lang='lat' dir='ltr'><strong>sit</strong></span> <span class='ocrx_word' id='word_1_43' title='bbox 742 522 886 554; x_wconf 85' lang='lat' dir='ltr'><strong>exacta.</strong></span> <span class='ocrx_word' id='word_1_44' title='bbox 946 516 1100 553; x_wconf 90' lang='lat' dir='ltr'><strong>Vellem</strong></span> <span class='ocrx_word' id='word_1_45' title='bbox 1131 514 1250 553; x_wconf 88' lang='lat' dir='ltr'><strong>etiam</strong></span> <span class='ocrx_word' id='word_1_46' title='bbox 1289 515 1366 552; x_wconf 90' lang='lat' dir='ltr'><strong>hoc</strong></span> <span class='ocrx_word' id='word_1_47' title='bbox 1405 521 1538 564; x_wconf 90' lang='lat' dir='ltr'><strong>posset</strong></span> <span class='ocrx_word' id='word_1_48' title='bbox 1558 526 1575 557; x_wconf 86' lang='lat'>5</span> 
     </span>
     <span class='ocr_line' id='line_1_7' title="bbox 206 578 1538 629; baseline -0.002 -10"><span class='ocrx_word' id='word_1_49' title='bbox 206 581 347 627; x_wconf 84' lang='lat' dir='ltr'><strong>dicere,</strong></span> <span class='ocrx_word' id='word_1_50' title='bbox 372 579 468 617; x_wconf 81' lang='lat' dir='ltr'><strong>nihil</strong></span> <span class='ocrx_word' id='word_1_51' title='bbox 492 580 542 618; x_wconf 89' lang='lat' dir='ltr'><strong>ad</strong></span> <span class='ocrx_word' id='word_1_52' title='bbox 570 593 611 617; x_wconf 89' lang='lat' dir='ltr'><strong>se</strong></span> <span class='ocrx_word' id='word_1_53' title='bbox 638 578 753 617; x_wconf 88' lang='lat' dir='ltr'><strong>istam</strong></span> <span class='ocrx_word' id='word_1_54' title='bbox 774 578 965 617; x_wconf 83' lang='lat' dir='ltr'><strong>rationem</strong></span> <span class='ocrx_word' id='word_1_55' title='bbox 986 578 1189 628; x_wconf 88' lang='lat' dir='ltr'><strong>pertinere,</strong></span> <span class='ocrx_word' id='word_1_56' title='bbox 1213 592 1281 629; x_wconf 90' lang='lat' dir='ltr'><strong>per</strong></span> <span class='ocrx_word' id='word_1_57' title='bbox 1310 586 1538 628; x_wconf 83' lang='lat' dir='ltr'><strong>quaestores</strong></span> 
     </span>
     <span class='ocr_line' id='line_1_8' title="bbox 206 643 1537 692; baseline -0.002 -9"><span class='ocrx_word' id='word_1_58' title='bbox 206 659 287 684; x_wconf 88' lang='lat' dir='ltr'><strong>rem</strong></span> <span class='ocrx_word' id='word_1_59' title='bbox 322 643 616 682; x_wconf 81' lang='lat' dir='ltr'><strong>frumentariam</strong></span> <span class='ocrx_word' id='word_1_60' title='bbox 648 656 734 681; x_wconf 88' lang='lat' dir='ltr'><strong>esse</strong></span> <span class='ocrx_word' id='word_1_61' title='bbox 764 643 1088 681; x_wconf 86' lang='lat' dir='ltr'><strong>administratam.</strong></span> <span class='ocrx_word' id='word_1_62' title='bbox 1149 644 1211 682; x_wconf 94' lang='lat' dir='ltr'><strong>Ne</strong></span> <span class='ocrx_word' id='word_1_63' title='bbox 1242 643 1283 681; x_wconf 90' lang='lat' dir='ltr'><strong>id</strong></span> <span class='ocrx_word' id='word_1_64' title='bbox 1313 643 1475 692; x_wconf 89' lang='lat' dir='ltr'><strong>quidem</strong></span> <span class='ocrx_word' id='word_1_65' title='bbox 1503 643 1537 681; x_wconf 90' lang='lat' dir='ltr'><strong>ei</strong></span> 
     </span>
     <span class='ocr_line' id='line_1_9' title="bbox 207 706 1538 757; baseline -0.001 -11"><span class='ocrx_word' id='word_1_66' title='bbox 207 709 295 746; x_wconf 87' lang='lat' dir='ltr'><strong>licet</strong></span> <span class='ocrx_word' id='word_1_67' title='bbox 344 708 484 753; x_wconf 87' lang='lat' dir='ltr'><strong>dicere,</strong></span> <span class='ocrx_word' id='word_1_68' title='bbox 526 714 732 757; x_wconf 88' lang='lat' dir='ltr'><strong>propterea</strong></span> <span class='ocrx_word' id='word_1_69' title='bbox 770 708 879 756; x_wconf 90' lang='lat' dir='ltr'><strong>quod</strong></span> <span class='ocrx_word' id='word_1_70' title='bbox 906 706 1027 756; x_wconf 89' lang='lat' dir='ltr'><strong>ipsius</strong></span> <span class='ocrx_word' id='word_1_71' title='bbox 1061 706 1211 745; x_wconf 86' lang='lat' dir='ltr'><strong>litterae</strong></span> <span class='ocrx_word' id='word_1_72' title='bbox 1244 707 1455 745; x_wconf 86' lang='lat' dir='ltr'><strong>recitantur</strong></span> <span class='ocrx_word' id='word_1_73' title='bbox 1486 708 1538 745; x_wconf 86' lang='lat' dir='ltr'><strong>ad</strong></span> 
     </span>
     <span class='ocr_line' id='line_1_10' title="bbox 206 770 1538 821; baseline -0.001 -11"><span class='ocrx_word' id='word_1_74' title='bbox 206 772 382 810; x_wconf 87' lang='lat' dir='ltr'><strong>civitates</strong></span> <span class='ocrx_word' id='word_1_75' title='bbox 422 773 473 810; x_wconf 88' lang='lat' dir='ltr'><strong>de</strong></span> <span class='ocrx_word' id='word_1_76' title='bbox 511 771 630 810; x_wconf 89' lang='lat' dir='ltr'><strong>ternis</strong></span> <span class='ocrx_word' id='word_1_77' title='bbox 669 770 839 809; x_wconf 86' lang='lat' dir='ltr'><strong>denariis</strong></span> <span class='ocrx_word' id='word_1_78' title='bbox 873 770 1024 809; x_wconf 91' lang='lat' dir='ltr'><strong>missae.</strong></span> <span class='ocrx_word' id='word_1_79' title='bbox 1085 771 1200 819; x_wconf 85' lang='lat' dir='ltr'><strong>Quae</strong></span> <span class='ocrx_word' id='word_1_80' title='bbox 1237 779 1295 809; x_wconf 89' lang='lat' dir='ltr'><strong>est</strong></span> <span class='ocrx_word' id='word_1_81' title='bbox 1330 771 1444 821; x_wconf 85' lang='lat' dir='ltr'><strong>igitur</strong></span> <span class='ocrx_word' id='word_1_82' title='bbox 1474 772 1538 810; x_wconf 90' lang='lat' dir='ltr'><strong>de-</strong></span> 
     </span>
     <span class='ocr_line' id='line_1_11' title="bbox 207 834 1598 885; baseline 0.001 -11"><span class='ocrx_word' id='word_1_83' title='bbox 207 836 361 874; x_wconf 85' lang='lat' dir='ltr'><strong>fensio?</strong></span> <span class='ocrx_word' id='word_1_84' title='bbox 418 839 427 854; x_wconf 57' lang='grc'><strong><em>(</em></strong></span> <span class='ocrx_word' id='word_1_85' title='bbox 445 835 535 874; x_wconf 87' lang='lat' dir='ltr'><strong>Feci</strong></span> <span class='ocrx_word' id='word_1_86' title='bbox 557 836 666 885; x_wconf 93' lang='lat' dir='ltr'><strong>quod</strong></span> <span class='ocrx_word' id='word_1_87' title='bbox 685 835 813 885; x_wconf 84' lang='lat' dir='ltr'><strong>arguis</strong></span> <span class='ocrx_word' id='word_1_88' title='bbox 829 849 838 883; x_wconf 85' lang='lat'>;</span> <span class='ocrx_word' id='word_1_89' title='bbox 868 835 977 885; x_wconf 87' lang='lat' dir='ltr'><strong>coegi</strong></span> <span class='ocrx_word' id='word_1_90' title='bbox 999 835 1186 885; x_wconf 89' lang='lat' dir='ltr'><strong>pecunias</strong></span> <span class='ocrx_word' id='word_1_91' title='bbox 1207 835 1396 873; x_wconf 86' lang='lat' dir='ltr'><strong>maximas</strong></span> <span class='ocrx_word' id='word_1_92' title='bbox 1416 837 1538 874; x_wconf 88' lang='lat' dir='ltr'><strong>cellae</strong></span> <span class='ocrx_word' id='word_1_93' title='bbox 1561 834 1598 875; x_wconf 71' lang='lat'><strong>16</strong></span> 
     </span>
     <span class='ocr_line' id='line_1_12' title="bbox 206 899 1538 950; baseline -0.001 -11"><span class='ocrx_word' id='word_1_94' title='bbox 206 901 367 939; x_wconf 86' lang='lat' dir='ltr'><strong>nomine</strong></span> <span class='ocrx_word' id='word_1_95' title='bbox 384 916 394 948; x_wconf 76' lang='lat'><em>3</em></span> <span class='ocrx_word' id='word_1_96' title='bbox 424 902 494 939; x_wconf 90' lang='lat' dir='ltr'><strong>sed</strong></span> <span class='ocrx_word' id='word_1_97' title='bbox 524 902 601 938; x_wconf 91' lang='lat' dir='ltr'><strong>hoc</strong></span> <span class='ocrx_word' id='word_1_98' title='bbox 631 900 727 938; x_wconf 87' lang='lat' dir='ltr'><strong>mihi</strong></span> <span class='ocrx_word' id='word_1_99' title='bbox 765 899 886 947; x_wconf 88' lang='lat' dir='ltr'><strong>licuit,</strong></span> <span class='ocrx_word' id='word_1_100' title='bbox 917 900 1029 939; x_wconf 91' lang='lat' dir='ltr'><strong>vobis</strong></span> <span class='ocrx_word' id='word_1_101' title='bbox 1064 899 1094 938; x_wconf 90' lang='lat' dir='ltr'><strong>si</strong></span> <span class='ocrx_word' id='word_1_102' title='bbox 1127 899 1348 950; x_wconf 89' lang='lat' dir='ltr'><strong>prospicitis</strong></span> <span class='ocrx_word' id='word_1_103' title='bbox 1382 899 1538 938; x_wconf 59' lang='lat' dir='ltr'><strong>licebit?</strong></span> 
     </span>
     <span class='ocr_line' id='line_1_13' title="bbox 210 963 1536 1015; baseline 0 -12"><span class='ocrx_word' id='word_1_104' title='bbox 210 966 479 1004; x_wconf 87' lang='lat' dir='ltr'><strong>Periculosum</strong></span> <span class='ocrx_word' id='word_1_105' title='bbox 515 964 726 1015; x_wconf 88' lang='lat' dir='ltr'><strong>provinciis</strong></span> <span class='ocrx_word' id='word_1_106' title='bbox 756 978 880 1014; x_wconf 86' lang='lat' dir='ltr'><strong>genus</strong></span> <span class='ocrx_word' id='word_1_107' title='bbox 915 963 1078 1003; x_wconf 90' lang='lat' dir='ltr'><strong>iniuriae</strong></span> <span class='ocrx_word' id='word_1_108' title='bbox 1116 964 1339 1003; x_wconf 86' lang='lat' dir='ltr'><strong>confirmari</strong></span> <span class='ocrx_word' id='word_1_109' title='bbox 1378 964 1536 1011; x_wconf 88' lang='lat' dir='ltr'><strong>iudicio,</strong></span> 
     </span>
     <span class='ocr_line' id='line_1_14' title="bbox 208 1028 1538 1081; baseline -0.002 -12"><span class='ocrx_word' id='word_1_110' title='bbox 208 1030 473 1081; x_wconf 90' lang='lat' dir='ltr'><strong>perniciosum</strong></span> <span class='ocrx_word' id='word_1_111' title='bbox 513 1037 649 1069; x_wconf 88' lang='lat' dir='ltr'><strong>nostro</strong></span> <span class='ocrx_word' id='word_1_112' title='bbox 680 1029 809 1069; x_wconf 88' lang='lat' dir='ltr'><strong>ordini</strong></span> <span class='ocrx_word' id='word_1_113' title='bbox 838 1031 1031 1080; x_wconf 90' lang='lat' dir='ltr'><strong>populum</strong></span> <span class='ocrx_word' id='word_1_114' title='bbox 1062 1031 1291 1068; x_wconf 91' lang='lat' dir='ltr'><strong>Romanum</strong></span> <span class='ocrx_word' id='word_1_115' title='bbox 1319 1028 1538 1068; x_wconf 81' lang='lat' dir='ltr'><strong>existimare</strong></span> 
     </span>
     <span class='ocr_line' id='line_1_15' title="bbox 207 1093 1537 1145; baseline -0.002 -11"><span class='ocrx_word' id='word_1_116' title='bbox 207 1110 285 1134; x_wconf 88' lang='lat' dir='ltr'><strong>non</strong></span> <span class='ocrx_word' id='word_1_117' title='bbox 314 1108 430 1145; x_wconf 89' lang='lat' dir='ltr'><strong>posse</strong></span> <span class='ocrx_word' id='word_1_118' title='bbox 463 1108 530 1133; x_wconf 86' lang='lat' dir='ltr'><strong>eos</strong></span> <span class='ocrx_word' id='word_1_119' title='bbox 562 1094 743 1133; x_wconf 88' lang='lat' dir='ltr'><strong>homines</strong></span> <span class='ocrx_word' id='word_1_120' title='bbox 768 1094 836 1144; x_wconf 90' lang='lat' dir='ltr'><strong>qui</strong></span> <span class='ocrx_word' id='word_1_121' title='bbox 860 1094 934 1145; x_wconf 92' lang='lat' dir='ltr'><strong>ipsi</strong></span> <span class='ocrx_word' id='word_1_122' title='bbox 960 1094 1113 1144; x_wconf 87' lang='lat' dir='ltr'><strong>legibus</strong></span> <span class='ocrx_word' id='word_1_123' title='bbox 1143 1101 1349 1133; x_wconf 86' lang='lat' dir='ltr'><strong>teneantur</strong></span> <span class='ocrx_word' id='word_1_124' title='bbox 1373 1095 1477 1144; x_wconf 84' lang='lat' dir='ltr'><strong>leges</strong></span> <span class='ocrx_word' id='word_1_125' title='bbox 1498 1093 1537 1131; x_wconf 92' lang='lat' dir='ltr'><strong>in</strong></span> 
     </span>
     <span class='ocr_line' id='line_1_16' title="bbox 206 1158 1596 1209; baseline -0.001 -11"><span class='ocrx_word' id='word_1_126' title='bbox 206 1160 421 1198; x_wconf 88' lang='lat' dir='ltr'><strong>iudicando</strong></span> <span class='ocrx_word' id='word_1_127' title='bbox 441 1159 619 1209; x_wconf 82' lang='lat' dir='ltr'><strong>religiose</strong></span> <span class='ocrx_word' id='word_1_128' title='bbox 641 1160 863 1197; x_wconf 88' lang='lat' dir='ltr'><strong>defendere.</strong></span> <span class='ocrx_word' id='word_1_129' title='bbox 914 1161 1046 1209; x_wconf 88' lang='lat' dir='ltr'><strong>Atque</strong></span> <span class='ocrx_word' id='word_1_130' title='bbox 1068 1158 1143 1197; x_wconf 90' lang='lat' dir='ltr'><strong>isto</strong></span> <span class='ocrx_word' id='word_1_131' title='bbox 1163 1166 1351 1209; x_wconf 83' lang='lat' dir='ltr'><strong>praetore,</strong></span> <span class='ocrx_word' id='word_1_132' title='bbox 1374 1158 1536 1204; x_wconf 87' lang='lat' dir='ltr'><strong>iudices,</strong></span> <span class='ocrx_word' id='word_1_133' title='bbox 1561 1171 1596 1204; x_wconf 88' lang='lat'><strong>¹5</strong></span> 
     </span>
     <span class='ocr_line' id='line_1_17' title="bbox 206 1224 1539 1270; baseline -0.001 -7"><span class='ocrx_word' id='word_1_134' title='bbox 206 1238 287 1263; x_wconf 90' lang='lat' dir='ltr'><strong>non</strong></span> <span class='ocrx_word' id='word_1_135' title='bbox 322 1226 450 1263; x_wconf 88' lang='lat' dir='ltr'><strong>solum</strong></span> <span class='ocrx_word' id='word_1_136' title='bbox 482 1224 718 1263; x_wconf 87' lang='lat' dir='ltr'><strong>aestimandi</strong></span> <span class='ocrx_word' id='word_1_137' title='bbox 750 1225 934 1262; x_wconf 90' lang='lat' dir='ltr'><strong>frumenti</strong></span> <span class='ocrx_word' id='word_1_138' title='bbox 970 1225 1112 1262; x_wconf 89' lang='lat' dir='ltr'><strong>modus</strong></span> <span class='ocrx_word' id='word_1_139' title='bbox 1151 1237 1232 1262; x_wconf 88' lang='lat' dir='ltr'><strong>non</strong></span> <span class='ocrx_word' id='word_1_140' title='bbox 1264 1224 1345 1270; x_wconf 89' lang='lat' dir='ltr'><strong>fuit,</strong></span> <span class='ocrx_word' id='word_1_141' title='bbox 1380 1225 1450 1262; x_wconf 91' lang='lat' dir='ltr'><strong>sed</strong></span> <span class='ocrx_word' id='word_1_142' title='bbox 1489 1237 1539 1262; x_wconf 87' lang='lat' dir='ltr'><strong>ne</strong></span> 
     </span>
     <span class='ocr_line' id='line_1_18' title="bbox 206 1287 1539 1340; baseline 0 -13"><span class='ocrx_word' id='word_1_143' title='bbox 206 1289 425 1340; x_wconf 88' lang='lat' dir='ltr'><strong>imperandi</strong></span> <span class='ocrx_word' id='word_1_144' title='bbox 461 1289 623 1339; x_wconf 90' lang='lat' dir='ltr'><strong>quidem</strong></span> <span class='ocrx_word' id='word_1_145' title='bbox 642 1304 651 1336; x_wconf 78' lang='lat'><em>3</em></span> <span class='ocrx_word' id='word_1_146' title='bbox 680 1302 810 1338; x_wconf 88' lang='lat' dir='ltr'><strong>neque</strong></span> <span class='ocrx_word' id='word_1_147' title='bbox 841 1288 947 1327; x_wconf 87' lang='lat' dir='ltr'><strong>enim</strong></span> <span class='ocrx_word' id='word_1_148' title='bbox 982 1288 1022 1327; x_wconf 91' lang='lat' dir='ltr'><strong>id</strong></span> <span class='ocrx_word' id='word_1_149' title='bbox 1057 1289 1166 1339; x_wconf 89' lang='lat' dir='ltr'><strong>quod</strong></span> <span class='ocrx_word' id='word_1_150' title='bbox 1204 1288 1434 1335; x_wconf 85' lang='lat' dir='ltr'><strong>debebatur,</strong></span> <span class='ocrx_word' id='word_1_151' title='bbox 1469 1287 1539 1327; x_wconf 89' lang='lat' dir='ltr'><strong>sed</strong></span> 
     </span>
     <span class='ocr_line' id='line_1_19' title="bbox 206 1353 1535 1405; baseline 0 -13"><span class='ocrx_word' id='word_1_152' title='bbox 206 1363 399 1405; x_wconf 86' lang='lat' dir='ltr'><strong>quantum</strong></span> <span class='ocrx_word' id='word_1_153' title='bbox 439 1354 699 1392; x_wconf 88' lang='lat' dir='ltr'><strong>commodum</strong></span> <span class='ocrx_word' id='word_1_154' title='bbox 739 1353 810 1391; x_wconf 91' lang='lat' dir='ltr'><strong>fuit</strong></span> <span class='ocrx_word' id='word_1_155' title='bbox 859 1353 1072 1403; x_wconf 89' lang='lat' dir='ltr'><strong>imperavit.</strong></span> <span class='ocrx_word' id='word_1_156' title='bbox 1152 1354 1356 1392; x_wconf 89' lang='lat' dir='ltr'><strong>Summam</strong></span> <span class='ocrx_word' id='word_1_157' title='bbox 1396 1353 1535 1392; x_wconf 87' lang='lat' dir='ltr'><strong>faciam</strong></span> 
     </span>
     <span class='ocr_line' id='line_1_20' title="bbox 205 1417 1536 1469; baseline -0.001 -12"><span class='ocrx_word' id='word_1_158' title='bbox 205 1419 316 1457; x_wconf 88' lang='lat' dir='ltr'><strong>vobis</strong></span> <span class='ocrx_word' id='word_1_159' title='bbox 346 1433 392 1457; x_wconf 87' lang='lat' dir='ltr'><strong>ex</strong></span> <span class='ocrx_word' id='word_1_160' title='bbox 422 1417 590 1469; x_wconf 88' lang='lat' dir='ltr'><strong>publicis</strong></span> <span class='ocrx_word' id='word_1_161' title='bbox 620 1417 756 1457; x_wconf 88' lang='lat' dir='ltr'><strong>litteris</strong></span> <span class='ocrx_word' id='word_1_162' title='bbox 785 1431 831 1456; x_wconf 88' lang='lat' dir='ltr'><strong>ac</strong></span> <span class='ocrx_word' id='word_1_163' title='bbox 861 1417 1096 1456; x_wconf 89' lang='lat' dir='ltr'><strong>testimoniis</strong></span> <span class='ocrx_word' id='word_1_164' title='bbox 1125 1417 1327 1456; x_wconf 87' lang='lat' dir='ltr'><strong>civitatum</strong></span> <span class='ocrx_word' id='word_1_165' title='bbox 1352 1417 1536 1457; x_wconf 88' lang='lat' dir='ltr'><strong>frumenti</strong></span> 
     </span>
     <span class='ocr_line' id='line_1_21' title="bbox 205 1481 1597 1533; baseline -0.002 -12"><span class='ocrx_word' id='word_1_166' title='bbox 205 1484 242 1521; x_wconf 91' lang='lat' dir='ltr'><strong>in</strong></span> <span class='ocrx_word' id='word_1_167' title='bbox 283 1485 421 1522; x_wconf 90' lang='lat' dir='ltr'><strong>cellam</strong></span> <span class='ocrx_word' id='word_1_168' title='bbox 461 1483 666 1533; x_wconf 86' lang='lat' dir='ltr'><strong>imperati:</strong></span> <span class='ocrx_word' id='word_1_169' title='bbox 710 1481 909 1532; x_wconf 89' lang='lat' dir='ltr'><strong>reperietis</strong></span> <span class='ocrx_word' id='word_1_170' title='bbox 943 1481 1181 1532; x_wconf 89' lang='lat' dir='ltr'><strong>quinquiens</strong></span> <span class='ocrx_word' id='word_1_171' title='bbox 1216 1490 1336 1530; x_wconf 83' lang='lat' dir='ltr'><strong>tanto,</strong></span> <span class='ocrx_word' id='word_1_172' title='bbox 1373 1482 1534 1529; x_wconf 89' lang='lat' dir='ltr'><strong>iudices,</strong></span> <span class='ocrx_word' id='word_1_173' title='bbox 1559 1495 1597 1519; x_wconf 88' lang='lat'><strong>20</strong></span> 
     </span>
     <span class='ocr_line' id='line_1_22' title="bbox 203 1546 1535 1598; baseline 0 -12"><span class='ocrx_word' id='word_1_174' title='bbox 203 1548 371 1598; x_wconf 86' lang='lat' dir='ltr'><strong>amplius</strong></span> <span class='ocrx_word' id='word_1_175' title='bbox 399 1548 517 1586; x_wconf 88' lang='lat' dir='ltr'><strong>istum</strong></span> <span class='ocrx_word' id='word_1_176' title='bbox 548 1561 667 1597; x_wconf 88' lang='lat' dir='ltr'><strong>quam</strong></span> <span class='ocrx_word' id='word_1_177' title='bbox 698 1554 891 1597; x_wconf 88' lang='lat' dir='ltr'><strong>quantum</strong></span> <span class='ocrx_word' id='word_1_178' title='bbox 919 1546 958 1584; x_wconf 90' lang='lat' dir='ltr'><strong>in</strong></span> <span class='ocrx_word' id='word_1_179' title='bbox 980 1548 1119 1585; x_wconf 91' lang='lat' dir='ltr'><strong>cellam</strong></span> <span class='ocrx_word' id='word_1_180' title='bbox 1140 1547 1175 1586; x_wconf 92' lang='lat' dir='ltr'><strong>ei</strong></span> <span class='ocrx_word' id='word_1_181' title='bbox 1203 1561 1356 1586; x_wconf 89' lang='lat' dir='ltr'><strong>sumere</strong></span> <span class='ocrx_word' id='word_1_182' title='bbox 1386 1547 1535 1586; x_wconf 89' lang='lat' dir='ltr'><strong>licitum</strong></span> 
     </span>
     <span class='ocr_line' id='line_1_23' title="bbox 205 1611 1535 1663; baseline 0.001 -12"><span class='ocrx_word' id='word_1_183' title='bbox 205 1613 252 1651; x_wconf 82' lang='lat' dir='ltr'><strong>sit</strong></span> <span class='ocrx_word' id='word_1_184' title='bbox 273 1613 495 1651; x_wconf 85' lang='lat' dir='ltr'><strong>civitatibus</strong></span> <span class='ocrx_word' id='word_1_185' title='bbox 516 1611 740 1662; x_wconf 89' lang='lat' dir='ltr'><strong>imperasse.</strong></span> <span class='ocrx_word' id='word_1_186' title='bbox 801 1612 910 1661; x_wconf 88' lang='lat' dir='ltr'><strong>Quid</strong></span> <span class='ocrx_word' id='word_1_187' title='bbox 930 1613 981 1651; x_wconf 90' lang='lat' dir='ltr'><strong>ad</strong></span> <span class='ocrx_word' id='word_1_188' title='bbox 1001 1613 1103 1651; x_wconf 89' lang='lat' dir='ltr'><strong>hanc</strong></span> <span class='ocrx_word' id='word_1_189' title='bbox 1131 1612 1418 1663; x_wconf 87' lang='lat' dir='ltr'><strong>impudentiam</strong></span> <span class='ocrx_word' id='word_1_190' title='bbox 1441 1612 1535 1652; x_wconf 89' lang='lat' dir='ltr'><strong>addi</strong></span> 
     </span>
     <span class='ocr_line' id='line_1_24' title="bbox 204 1677 1534 1729; baseline -0.001 -12"><span class='ocrx_word' id='word_1_191' title='bbox 204 1686 344 1728; x_wconf 87' lang='lat' dir='ltr'><strong>potest,</strong></span> <span class='ocrx_word' id='word_1_192' title='bbox 367 1678 397 1716; x_wconf 90' lang='lat' dir='ltr'><strong>si</strong></span> <span class='ocrx_word' id='word_1_193' title='bbox 425 1687 463 1717; x_wconf 90' lang='lat' dir='ltr'><strong>et</strong></span> <span class='ocrx_word' id='word_1_194' title='bbox 491 1677 711 1716; x_wconf 87' lang='lat' dir='ltr'><strong>aestimavit</strong></span> <span class='ocrx_word' id='word_1_195' title='bbox 731 1677 829 1716; x_wconf 87' lang='lat' dir='ltr'><strong>tanti</strong></span> <span class='ocrx_word' id='word_1_196' title='bbox 859 1685 901 1716; x_wconf 94' lang='lat' dir='ltr'><strong>ut</strong></span> <span class='ocrx_word' id='word_1_197' title='bbox 930 1678 1111 1717; x_wconf 89' lang='lat' dir='ltr'><strong>homines</strong></span> <span class='ocrx_word' id='word_1_198' title='bbox 1136 1680 1233 1717; x_wconf 91' lang='lat' dir='ltr'><strong>ferre</strong></span> <span class='ocrx_word' id='word_1_199' title='bbox 1260 1692 1340 1718; x_wconf 90' lang='lat' dir='ltr'><strong>non</strong></span> <span class='ocrx_word' id='word_1_200' title='bbox 1361 1686 1534 1729; x_wconf 89' lang='lat' dir='ltr'><strong>possent,</strong></span> 
     </span>
     <span class='ocr_line' id='line_1_25' title="bbox 203 1742 1600 1794; baseline 0.001 -13"><span class='ocrx_word' id='word_1_201' title='bbox 203 1752 241 1781; x_wconf 89' lang='lat' dir='ltr'><strong>et</strong></span> <span class='ocrx_word' id='word_1_202' title='bbox 262 1751 372 1781; x_wconf 85' lang='lat' dir='ltr'><strong>tanto</strong></span> <span class='ocrx_word' id='word_1_203' title='bbox 392 1745 479 1793; x_wconf 89' lang='lat' dir='ltr'><strong>plus</strong></span> <span class='ocrx_word' id='word_1_204' title='bbox 497 1756 616 1792; x_wconf 90' lang='lat' dir='ltr'><strong>quam</strong></span> <span class='ocrx_word' id='word_1_205' title='bbox 639 1749 719 1780; x_wconf 88' lang='lat' dir='ltr'><strong>erat</strong></span> <span class='ocrx_word' id='word_1_206' title='bbox 736 1742 772 1781; x_wconf 90' lang='lat' dir='ltr'><strong>ei</strong></span> <span class='ocrx_word' id='word_1_207' title='bbox 795 1756 1029 1782; x_wconf 86' lang='lat' dir='ltr'><strong>concessum</strong></span> <span class='ocrx_word' id='word_1_208' title='bbox 1047 1743 1198 1794; x_wconf 85' lang='lat' dir='ltr'><strong>legibus</strong></span> <span class='ocrx_word' id='word_1_209' title='bbox 1218 1743 1455 1793; x_wconf 86' lang='lat' dir='ltr'><strong>imperavit?</strong></span> <span class='ocrx_word' id='word_1_210' title='bbox 1597 1760 1600 1787; x_wconf 79' lang='grc' dir='ltr'><strong>ι</strong></span> 
     </span>
     <span class='ocr_line' id='line_1_26' title="bbox 121 1806 1600 1856; baseline 0.001 -11"><span class='ocrx_word' id='word_1_211' title='bbox 121 1815 182 1845; x_wconf 89' lang='lat'><strong>226</strong></span> <span class='ocrx_word' id='word_1_212' title='bbox 257 1808 507 1856; x_wconf 83' lang='lat' dir='ltr'><strong>Quapropter</strong></span> <span class='ocrx_word' id='word_1_213' title='bbox 555 1806 711 1856; x_wconf 84' lang='lat' dir='ltr'><strong>cognita</strong></span> <span class='ocrx_word' id='word_1_214' title='bbox 750 1814 832 1845; x_wconf 91' lang='lat' dir='ltr'><strong>tota</strong></span> <span class='ocrx_word' id='word_1_215' title='bbox 870 1821 910 1846; x_wconf 87' lang='lat' dir='ltr'><strong>re</strong></span> <span class='ocrx_word' id='word_1_216' title='bbox 951 1807 1213 1855; x_wconf 83' lang='lat' dir='ltr'><strong>frumentaria,</strong></span> <span class='ocrx_word' id='word_1_217' title='bbox 1254 1807 1414 1855; x_wconf 89' lang='lat' dir='ltr'><strong>iudices,</strong></span> <span class='ocrx_word' id='word_1_218' title='bbox 1456 1807 1532 1846; x_wconf 89' lang='lat' dir='ltr'><strong>iam</strong></span> <span class='ocrx_word' id='word_1_219' title='bbox 1555 1818 1600 1851; x_wconf 56' lang='grc' dir='ltr'><strong>περ</strong></span> 
     </span>
     <span class='ocr_line' id='line_1_27' title="bbox 202 1870 1534 1923; baseline 0.002 -14"><span class='ocrx_word' id='word_1_220' title='bbox 202 1871 384 1910; x_wconf 90' lang='lat' dir='ltr'><strong>facillime</strong></span> <span class='ocrx_word' id='word_1_221' title='bbox 418 1870 637 1921; x_wconf 90' lang='lat' dir='ltr'><strong>perspicere</strong></span> <span class='ocrx_word' id='word_1_222' title='bbox 664 1872 827 1922; x_wconf 89' lang='lat' dir='ltr'><strong>potestis</strong></span> <span class='ocrx_word' id='word_1_223' title='bbox 859 1872 1043 1911; x_wconf 87' lang='lat' dir='ltr'><strong>amissam</strong></span> <span class='ocrx_word' id='word_1_224' title='bbox 1071 1886 1156 1912; x_wconf 87' lang='lat' dir='ltr'><strong>esse</strong></span> <span class='ocrx_word' id='word_1_225' title='bbox 1183 1874 1332 1923; x_wconf 91' lang='lat' dir='ltr'><strong>populo</strong></span> <span class='ocrx_word' id='word_1_226' title='bbox 1349 1875 1534 1912; x_wconf 90' lang='lat' dir='ltr'><strong>Romano</strong></span> 
     </span>
     <span class='ocr_line' id='line_1_28' title="bbox 200 1936 1594 1991; baseline -0.001 -16"><span class='ocrx_word' id='word_1_227' title='bbox 200 1936 388 1984; x_wconf 83' lang='lat' dir='ltr'><strong>Siciliam,</strong></span> <span class='ocrx_word' id='word_1_228' title='bbox 399 1936 750 1975; x_wconf 84' lang='lat' dir='ltr'><strong>fructuosissimam</strong></span> <span class='ocrx_word' id='word_1_229' title='bbox 763 1945 881 1987; x_wconf 90' lang='lat' dir='ltr'><strong>atque</strong></span> <span class='ocrx_word' id='word_1_230' title='bbox 895 1937 1267 1988; x_wconf 86' lang='lat' dir='ltr'><strong>opportunissimam</strong></span> <span class='ocrx_word' id='word_1_231' title='bbox 1281 1937 1532 1988; x_wconf 87' lang='lat' dir='ltr'><strong>provinciam,</strong></span> <span class='ocrx_word' id='word_1_232' title='bbox 1591 1983 1594 1991; x_wconf 73' lang='lat'><strong>,</strong></span> 
     </span>
     <span class='ocr_line' id='line_1_29' title="bbox 200 2001 1594 2052; baseline 0.001 -14"><span class='ocrx_word' id='word_1_233' title='bbox 200 2001 273 2039; x_wconf 90' lang='lat' dir='ltr'><strong>nisi</strong></span> <span class='ocrx_word' id='word_1_234' title='bbox 302 2015 389 2039; x_wconf 89' lang='lat' dir='ltr'><strong>eam</strong></span> <span class='ocrx_word' id='word_1_235' title='bbox 410 2014 479 2040; x_wconf 88' lang='lat' dir='ltr'><strong>vos</strong></span> <span class='ocrx_word' id='word_1_236' title='bbox 501 2001 611 2040; x_wconf 88' lang='lat' dir='ltr'><strong>istius</strong></span> <span class='ocrx_word' id='word_1_237' title='bbox 634 2002 890 2041; x_wconf 88' lang='lat' dir='ltr'><strong>damnatione</strong></span> <span class='ocrx_word' id='word_1_238' title='bbox 911 2003 1158 2052; x_wconf 91' lang='lat' dir='ltr'><strong>recuperatis.</strong></span> <span class='ocrx_word' id='word_1_239' title='bbox 1220 2002 1329 2051; x_wconf 92' lang='lat' dir='ltr'><strong>Quid</strong></span> <span class='ocrx_word' id='word_1_240' title='bbox 1348 2010 1406 2041; x_wconf 89' lang='lat' dir='ltr'><strong>est</strong></span> <span class='ocrx_word' id='word_1_241' title='bbox 1427 2002 1532 2041; x_wconf 86' lang='lat' dir='ltr'><strong>enim</strong></span> <span class='ocrx_word' id='word_1_242' title='bbox 1590 2007 1594 2024; x_wconf 86' lang='lat'><strong>-¹</strong></span> 
     </span>
    </p>
   </div>
   <div class='ocr_carea' id='block_1_3' title="bbox 201 2104 1591 2402">
    <p class='ocr_par' dir='ltr' id='par_1_3' title="bbox 201 2104 1591 2402">
     <span class='ocr_line' id='line_1_30' title="bbox 243 2104 1591 2137; baseline 0.002 -4"><span class='ocrx_word' id='word_1_243' title='bbox 243 2114 262 2134; x_wconf 88' lang='lat'>2</span> <span class='ocrx_word' id='word_1_244' title='bbox 287 2104 477 2135; x_wconf 83' lang='lat' dir='ltr'><strong>hominibus</strong></span> <span class='ocrx_word' id='word_1_245' title='bbox 494 2105 553 2136; x_wconf 89' lang='lat' dir='ltr'><strong>cO.</strong></span> <span class='ocrx_word' id='word_1_246' title='bbox 604 2106 720 2137; x_wconf 81' lang='lat' dir='ltr'><strong>Mance</strong></span> <span class='ocrx_word' id='word_1_247' title='bbox 736 2117 756 2135; x_wconf 85' lang='grc' dir='ltr'><strong>π</strong></span> <span class='ocrx_word' id='word_1_248' title='bbox 774 2105 807 2135; x_wconf 89' lang='lat' dir='ltr'><strong>id</strong></span> <span class='ocrx_word' id='word_1_249' title='bbox 824 2116 885 2136; x_wconf 80' lang='lat' dir='ltr'><strong>vos</strong></span> <span class='ocrx_word' id='word_1_250' title='bbox 903 2105 1088 2136; x_wconf 87' lang='lat' dir='ltr'><strong>credidisse</strong></span> <span class='ocrx_word' id='word_1_251' title='bbox 1105 2105 1274 2136; x_wconf 88' lang='lat' dir='ltr'><strong>hominurn</strong></span> <span class='ocrx_word' id='word_1_252' title='bbox 1297 2105 1420 2136; x_wconf 88' lang='lat' dir='ltr'><strong>factum</strong></span> <span class='ocrx_word' id='word_1_253' title='bbox 1443 2115 1532 2136; x_wconf 85' lang='lat' dir='ltr'><strong>com·</strong></span> <span class='ocrx_word' id='word_1_254' title='bbox 1588 2107 1591 2120; x_wconf 72' lang='lat'>³</span> 
     </span>
     <span class='ocr_line' id='line_1_31' title="bbox 201 2147 1589 2189; baseline 0.003 -13"><span class='ocrx_word' id='word_1_255' title='bbox 201 2147 361 2185; x_wconf 86' lang='lat' dir='ltr'><strong>probasse</strong></span> <span class='ocrx_word' id='word_1_256' title='bbox 377 2148 578 2179; x_wconf 83' lang='lat' dir='ltr'><strong>videremini</strong></span> <span class='ocrx_word' id='word_1_257' title='bbox 669 2150 689 2179; x_wconf 85' lang='lat'>8</span> <span class='ocrx_word' id='word_1_258' title='bbox 714 2148 831 2180; x_wconf 88' lang='lat' dir='ltr'><strong>liceret</strong></span> <span class='ocrx_word' id='word_1_259' title='bbox 842 2149 884 2188; x_wconf 73' lang='lat' dir='ltr'><strong>p²</strong></span> <span class='ocrx_word' id='word_1_260' title='bbox 987 2159 1026 2179; x_wconf 90' lang='lat'><strong>10</strong></span> <span class='ocrx_word' id='word_1_261' title='bbox 1050 2150 1122 2188; x_wconf 92' lang='lat' dir='ltr'><strong>cepi</strong></span> <span class='ocrx_word' id='word_1_262' title='bbox 1141 2159 1212 2189; x_wconf 88' lang='lat' dir='ltr'><strong>pec.</strong></span> <span class='ocrx_word' id='word_1_263' title='bbox 1236 2149 1266 2180; x_wconf 88' lang='lat' dir='ltr'><strong><em>O</em></strong></span> <span class='ocrx_word' id='word_1_264' title='bbox 1358 2158 1396 2188; x_wconf 85' lang='lat'><strong>13</strong></span> <span class='ocrx_word' id='word_1_265' title='bbox 1420 2153 1533 2180; x_wconf 88' lang='lat' dir='ltr'><strong>vestro</strong></span> <span class='ocrx_word' id='word_1_266' title='bbox 1585 2171 1589 2183; x_wconf 38' lang='grc' dir='ltr'><strong><em>ι</em></strong></span> 
     </span>
     <span class='ocr_line' id='line_1_32' title="bbox 202 2189 1589 2234; baseline 0.002 -15"><span class='ocrx_word' id='word_1_267' title='bbox 202 2189 232 2219; x_wconf 92' lang='lat' dir='ltr'>O</span> <span class='ocrx_word' id='word_1_268' title='bbox 326 2201 361 2228; x_wconf 90' lang='lat'><strong>17</strong></span> <span class='ocrx_word' id='word_1_269' title='bbox 387 2191 530 2221; x_wconf 87' lang='lat' dir='ltr'><strong>debetur</strong></span> <span class='ocrx_word' id='word_1_270' title='bbox 547 2191 595 2222; x_wconf 87' lang='lat' dir='ltr'><strong>cO</strong></span> <span class='ocrx_word' id='word_1_271' title='bbox 695 2193 734 2222; x_wconf 88' lang='lat'><strong>18</strong></span> <span class='ocrx_word' id='word_1_272' title='bbox 759 2192 819 2223; x_wconf 87' lang='lat' dir='ltr'><strong>suit</strong></span> <span class='ocrx_word' id='word_1_273' title='bbox 836 2202 861 2223; x_wconf 76' lang='lat' dir='ltr'><strong>S.</strong></span> <span class='ocrx_word' id='word_1_274' title='bbox 880 2191 901 2223; x_wconf 87' lang='lat' dir='ltr'><strong>l.</strong></span> <span class='ocrx_word' id='word_1_275' title='bbox 920 2190 966 2231; x_wconf 78' lang='lat' dir='ltr'><strong>p²</strong></span> <span class='ocrx_word' id='word_1_276' title='bbox 1069 2201 1108 2232; x_wconf 91' lang='lat'><strong>19</strong></span> <span class='ocrx_word' id='word_1_277' title='bbox 1131 2192 1238 2223; x_wconf 85' lang='lat' dir='ltr'><strong>literis</strong></span> <span class='ocrx_word' id='word_1_278' title='bbox 1254 2192 1333 2232; x_wconf 90' lang='lat' dir='ltr'><strong>pub.</strong></span> <span class='ocrx_word' id='word_1_279' title='bbox 1357 2192 1387 2223; x_wconf 89' lang='lat' dir='ltr'><em>O</em></span> <span class='ocrx_word' id='word_1_280' title='bbox 1406 2192 1439 2232; x_wconf 59' lang='grc' dir='ltr'><strong>(ξ,</strong></span> <span class='ocrx_word' id='word_1_281' title='bbox 1455 2193 1530 2230; x_wconf 87' lang='lat'><em>120)</em></span> <span class='ocrx_word' id='word_1_282' title='bbox 1584 2197 1589 2234; x_wconf 68' lang='lat' dir='ltr'><em>J</em></span> 
     </span>
     <span class='ocr_line' id='line_1_33' title="bbox 202 2233 1587 2273; baseline 0.003 -12"><span class='ocrx_word' id='word_1_283' title='bbox 202 2242 238 2261; x_wconf 85' lang='lat'><strong>21</strong></span> <span class='ocrx_word' id='word_1_284' title='bbox 267 2233 299 2262; x_wconf 87' lang='lat' dir='ltr'><strong>in</strong></span> <span class='ocrx_word' id='word_1_285' title='bbox 327 2235 445 2264; x_wconf 85' lang='lat' dir='ltr'><strong>cellam</strong></span> <span class='ocrx_word' id='word_1_286' title='bbox 474 2236 503 2265; x_wconf 89' lang='lat' dir='ltr'><strong>ei</strong></span> <span class='ocrx_word' id='word_1_287' title='bbox 533 2245 666 2265; x_wconf 85' lang='lat' dir='ltr'><strong>sumere</strong></span> <span class='ocrx_word' id='word_1_288' title='bbox 692 2235 756 2266; x_wconf 74' lang='lat' dir='ltr'><strong>rrk:</strong></span> <span class='ocrx_word' id='word_1_289' title='bbox 781 2236 811 2266; x_wconf 90' lang='lat' dir='ltr'><strong>ei</strong></span> <span class='ocrx_word' id='word_1_290' title='bbox 840 2245 906 2266; x_wconf 85' lang='lat' dir='ltr'><strong>om.</strong></span> <span class='ocrx_word' id='word_1_291' title='bbox 941 2234 1015 2273; x_wconf 81' lang='lat' dir='ltr'><strong>VO,</strong></span> <span class='ocrx_word' id='word_1_292' title='bbox 1031 2240 1106 2266; x_wconf 77' lang='lat' dir='ltr'><strong>ame</strong></span> <span class='ocrx_word' id='word_1_293' title='bbox 1128 2236 1161 2266; x_wconf 88' lang='lat' dir='ltr'><strong>in</strong></span> <span class='ocrx_word' id='word_1_294' title='bbox 1187 2235 1304 2266; x_wconf 86' lang='lat' dir='ltr'><strong>cellam</strong></span> <span class='ocrx_word' id='word_1_295' title='bbox 1326 2235 1444 2266; x_wconf 78' lang='lat' dir='ltr'><strong>habent</strong></span> <span class='ocrx_word' id='word_1_296' title='bbox 1457 2235 1529 2266; x_wconf 79' lang='lat' dir='ltr'><strong>dett.</strong></span> <span class='ocrx_word' id='word_1_297' title='bbox 1584 2235 1587 2269; x_wconf 72' lang='grc' dir='ltr'>ξ</span> 
     </span>
     <span class='ocr_line' id='line_1_34' title="bbox 201 2276 1585 2318; baseline 0.004 -14"><span class='ocrx_word' id='word_1_298' title='bbox 201 2286 334 2306; x_wconf 85' lang='lat' dir='ltr'><strong>sumere</strong></span> <span class='ocrx_word' id='word_1_299' title='bbox 351 2277 439 2309; x_wconf 85' lang='lat' dir='ltr'><strong>codd.</strong></span> <span class='ocrx_word' id='word_1_300' title='bbox 462 2281 611 2318; x_wconf 76' lang='lat' dir='ltr'><strong>(praeter</strong></span> <span class='ocrx_word' id='word_1_301' title='bbox 627 2278 668 2315; x_wconf 91' lang='grc' dir='ltr'><strong>Ο,</strong></span> <span class='ocrx_word' id='word_1_302' title='bbox 689 2288 823 2309; x_wconf 84' lang='lat' dir='ltr'><strong>sumere</strong></span> <span class='ocrx_word' id='word_1_303' title='bbox 840 2278 888 2317; x_wconf 81' lang='lat' dir='ltr'><strong>et)</strong></span> <span class='ocrx_word' id='word_1_304' title='bbox 907 2290 914 2309; x_wconf 76' lang='lat' dir='ltr'><strong>t</strong></span> <span class='ocrx_word' id='word_1_305' title='bbox 939 2288 1073 2309; x_wconf 85' lang='lat' dir='ltr'><strong>sumere</strong></span> <span class='ocrx_word' id='word_1_306' title='bbox 1090 2280 1120 2308; x_wconf 88' lang='lat' dir='ltr'><strong>ei</strong></span> <span class='ocrx_word' id='word_1_307' title='bbox 1137 2276 1259 2314; x_wconf 83' lang='lat' dir='ltr'><strong>Halm,</strong></span> <span class='ocrx_word' id='word_1_308' title='bbox 1277 2276 1348 2310; x_wconf 83' lang='lat' dir='ltr'><strong>edd.</strong></span> <span class='ocrx_word' id='word_1_309' title='bbox 1489 2286 1531 2316; x_wconf 84' lang='lat'><strong>25</strong></span> <span class='ocrx_word' id='word_1_310' title='bbox 1583 2286 1585 2309; x_wconf 88' lang='lat'>!</span> 
     </span>
     <span class='ocr_line' id='line_1_35' title="bbox 202 2317 1584 2362; baseline 0.004 -15"><span class='ocrx_word' id='word_1_311' title='bbox 202 2328 238 2348; x_wconf 83' lang='lat' dir='ltr'><strong>rc</strong></span> <span class='ocrx_word' id='word_1_312' title='bbox 255 2324 325 2349; x_wconf 84' lang='lat' dir='ltr'><strong>tota</strong></span> <span class='ocrx_word' id='word_1_313' title='bbox 346 2320 376 2349; x_wconf 87' lang='lat' dir='ltr'><strong><em>O</em></strong></span> <span class='ocrx_word' id='word_1_314' title='bbox 491 2323 533 2351; x_wconf 84' lang='lat'><strong>26</strong></span> <span class='ocrx_word' id='word_1_315' title='bbox 557 2317 752 2361; x_wconf 62' lang='lat' dir='ltr'><strong>perspicere</strong></span> <span class='ocrx_word' id='word_1_316' title='bbox 770 2318 925 2352; x_wconf 69' lang='lat' dir='ltr'><strong>facillime</strong></span> <span class='ocrx_word' id='word_1_317' title='bbox 937 2326 962 2362; x_wconf 85' lang='lat' dir='ltr'><strong>p</strong></span> <span class='ocrx_word' id='word_1_318' title='bbox 1071 2322 1225 2361; x_wconf 87' lang='lat' dir='ltr'><strong>poteritis</strong></span> <span class='ocrx_word' id='word_1_319' title='bbox 1244 2321 1274 2352; x_wconf 89' lang='lat' dir='ltr'>O</span> <span class='ocrx_word' id='word_1_320' title='bbox 1291 2320 1359 2353; x_wconf 81' lang='lat' dir='ltr'><strong>edd.</strong></span> <span class='ocrx_word' id='word_1_321' title='bbox 1490 2321 1530 2350; x_wconf 86' lang='lat'><strong>28</strong></span> <span class='ocrx_word' id='word_1_322' title='bbox 1581 2322 1584 2335; x_wconf 76' lang='lat'><strong><em>¹</em></strong></span> 
     </span>
     <span class='ocr_line' id='line_1_36' title="bbox 203 2362 557 2402; baseline 0.008 -11"><span class='ocrx_word' id='word_1_323' title='bbox 203 2362 439 2401; x_wconf 84' lang='lat' dir='ltr'><strong>recuperaritis</strong></span> <span class='ocrx_word' id='word_1_324' title='bbox 458 2363 557 2402; x_wconf 79' lang='lat' dir='ltr'><strong>Kays.</strong></span> 
     </span>
    </p>
   </div>
   <div class='ocr_carea' id='block_1_4' title="bbox 1568 1936 1600 2704">
    <p class='ocr_par' dir='ltr' id='par_1_4' title="bbox 1568 1936 1600 2704">
     <span class='ocr_line' id='line_1_37' title="bbox 1568 1936 1600 2704; baseline 0 0"><span class='ocrx_word' id='word_1_325' title='bbox 1568 1936 1600 2704; x_wconf 95' lang='lat' dir='ltr'><strong> </strong></span> 
     </span>
    </p>
   </div>
  </div>
 </body>
</html>
