1600 2704
96 105 121 143 5
146 113 182 143 14
513 89 569 125 M.
599 84 768 124 TVLLI
800 76 1106 120 CICERONIS

142 205 308 246 delubra
334 202 467 241 omnia
491 192 746 237 sanctissimis
775 187 1028 240 religionibus
1055 189 1282 224 consecrata
1302 181 1472 229 depecu-

143 275 244 310 latus
265 276 333 315 est‚
357 268 476 305 deum
498 262 670 311 denique
691 259 843 296 nullum
875 252 1025 299 siculis,
1048 249 1115 300 qui
1142 248 1177 287 ei
1203 248 1321 298 paulo
1349 242 1472 294 magis
1508 252 1510 254 ’

145 336 306 376 adfabre
344 340 463 381 atque
500 327 664 376 antiquo
701 320 867 361 artificio
904 320 1029 356 factus
1063 314 1268 358 videretur,
1304 307 1471 359 reliquit.

149 404 196 440 In
218 397 360 449 stupris
380 408 472 434 vero
492 400 530 432 et

555 388 709 441 flagitiis
737 385 902 425 nefarias
923 382 1006 422 eius
1030 379 1214 418 libidines
1235 386 1477 414 commemo-

149 479 231 504 rare
270 465 421 514 pudore
459 461 681 502 deterreor3
724 452 839 492 simul
877 449 1032 487 illorum
1071 441 1334 483 calamitatem
1373 450 1515 486 com-5

151 529 410 569 memorando
439 537 580 574 augere
610 523 704 559 nolo
733 517 878 568 quibus
911 514 1055 552 liberos
1089 508 1356 557 coniugesque
1390 514 1480 541 suas

152 597 321 645 integras
359 593 409 630 ab
447 589 557 628 istius
596 582 812 636 petulantia
845 589 1075 619 conservare
1109 586 1189 611 non
1223 570 1374 609 licitum
1409 574 1478 605 est.

97 675 132 707 15
153 663 232 698 ‘At
262 657 366 696 enim
396 657 494 693 haec
524 653 577 690 ita
605 648 817 689 commissa
847 652 937 683 sunt
965 643 1016 680 ab
1045 640 1120 678 isto
1150 645 1191 676 ut
1218 648 1299 673 non
1326 631 1484 682 cognita

156 725 233 764 sint
262 723 312 760 ab
342 719 538 759 omnibus.

159 863 376 893 memorare
410 847 544 899 possit,

544 719 551 734 '
610 713 831 753 Hominem
860 722 945 748 esse
978 705 1142 744 arbitror
1173 700 1384 743 neminem,
1417 694 1485 745 qui

157 800 304 828 nomen
332 785 442 823 istius
468 780 645 826 audierit,
669 777 763 828 quin
791 778 893 814 facta
913 784 1072 823 quoque
1099 769 1181 808 eius
1210 764 1356 804 nefaria
1382 774 1487 801 com-
1509 776 1546 797 10

581 852 623 883 ut
658 841 753 881 mihi
787 838 909 888 magis
943 835 1164 875 timendum
1199 831 1247 869 sit
1281 842 1330 867 ne
1365 827 1489 864 multa

160 918 324 958 crimina
344 911 651 965 praetermittere
673 919 792 957 quam
819 918 869 942 ne
889 915 968 953 qua
992 900 1032 938 in
1060 899 1177 937 istum
1199 897 1344 944 fingere
1365 889 1491 930 existi-

163 996 255 1022 mer.
315 982 458 1028 Neque
487 975 593 1015 enim
623 972 719 1011 mihi
749 970 903 1008 videtur
931 968 1029 1004 haec
1059 961 1282 1005 multitudo,
1310 969 1410 1006 quae
1439 954 1491 992 ad

163 1047 407 1087 audiendum
442 1039 637 1085 convenit,
669 1046 908 1086 cognoscere
938 1044 986 1070 ex
1019 1042 1082 1067 me
1116 1037 1274 1066 causam
1309 1020 1491 1064 voluisse,

166 1114 235 1151 sed
266 1124 311 1149 ea
340 1121 441 1159 quae
471 1105 543 1144 scit
573 1114 729 1142 mecum
759 1108 1050 1147 recognoscere.

119 1179 147 1215 6
223 1178 336 1224 Quae
368 1186 458 1211 cum
494 1171 547 1208 ita
580 1168 668 1213 sint,
701 1166 774 1204 iste
807 1165 930 1201 homo
962 1170 1099 1198 amens
1132 1168 1178 1194 ac
1212 1152 1387 1204 perditus
1421 1147 1497 1187 alia

170 1253 325 1280 mecum
356 1237 505 1276 ratione
535 1239 693 1284 pugnat.
753 1231 846 1268 Non
875 1227 916 1265 id
944 1224 1022 1276 agit
1051 1230 1093 1261 ut
1122 1219 1285 1259 alicuius
1313 1218 1498 1265 eloquen-

170 1306 263 1344 tiam
303 1302 400 1341 mihi
439 1304 643 1350 opponat;
690 1307 771 1333 non
811 1290 944 1342 gratia,
984 1301 1065 1326 non
1103 1283 1334 1323 auctoritate
1373 1278 1499 1317 cuius-

171 1383 301 1420 quam,
320 1380 401 1406 non
422 1363 598 1416 potentia
618 1359 762 1399 nititur.
813 1356 978 1396 Simulat
997 1352 1058 1391 his
1078 1364 1119 1390 se
1139 1350 1255 1388 rebus
1275 1345 1475 1385 confidere
1490 1356 1500 1389 3

172 1436 243 1474 sed
269 1434 386 1472 video
413 1430 509 1481 quid
535 1434 624 1477 agat
639 1440 648 1473 3
682 1436 812 1473 neque
838 1420 944 1460 enim
970 1418 1048 1468 agit
1075 1411 1350 1454 occultissime.
1410 1410 1502 1446 Pro·
1523 1422 1562 1444 20

173 1499 286 1550 ponit
307 1496 438 1536 inania
459 1493 554 1532 mihi
575 1488 800 1535 nobilitatis,
824 1488 901 1525 hoc
922 1491 980 1523 est
999 1481 1207 1521 hominum
1227 1473 1503 1525 adrogantium

175 1564 351 1609 nomina,
381 1560 448 1612 qui
487 1572 568 1598 non
603 1565 683 1595 tam
723 1567 786 1592 me
822 1549 1044 1601 impediunt
1075 1545 1184 1596 quod
1215 1541 1369 1581 nobiles
1401 1545 1502 1584 sunt,

177 1642 295 1680 quam
317 1627 504 1666 adiuvant
525 1623 633 1673 quod
654 1619 737 1658 noti
763 1624 876 1656 sunt:
910 1614 1065 1653 simulat
1087 1624 1128 1649 se
1149 1620 1285 1648 eorum
1309 1601 1506 1656 praesidio

178 1695 390 1738 confidere,
412 1703 503 1729 cum
530 1689 678 1726 interea
703 1684 810 1723 aliud
831 1680 1022 1731 quiddam
1049 1677 1127 1715 iam
1151 1673 1219 1713 diu
1247 1669 1505 1709 machinetur.

123 1766 160 1797 16
181 1761 312 1809 Quam
353 1769 463 1807 spem
502 1766 607 1792 nunc
646 1751 790 1788 habeat
828 1747 868 1785 in
907 1743 1089 1782 manibus
1123 1747 1161 1778 et
1195 1737 1291 1788 quid
1325 1733 1508 1773 moliatur
1529 1741 1567 1775 25

180 1823 347 1863 breviter
386 1821 475 1867 iam,
516 1817 677 1862 iudices,
713 1812 825 1852 vobis
864 1820 1086 1859 exponam3
1129 1804 1199 1842 sed
1237 1800 1343 1852 prius
1381 1806 1424 1837 ut
1457 1797 1508 1835 ab

181 1888 293 1927 initio
323 1899 383 1925 res
412 1886 463 1922 ab
493 1896 540 1922 eo
571 1879 785 1920 constituta
814 1876 872 1923 sit,
900 1884 1058 1924 quaeso,
1091 1865 1328 1918 cognoscite.

238 1955 292 1991 Vt
313 1951 483 2002 primum
506 1962 527 1987 e
548 1944 749 1998 provincia
773 1940 898 1987 rediit,
922 1935 1142 1985 redemptio
1166 1939 1225 1972 est
1251 1930 1367 1969 huius
1392 1927 1513 1967 iudici

186 2021 287 2057 facta
315 2015 452 2067 grandi
482 2011 660 2064 pecunia.
722 2006 871 2046 Mansit
904 2004 944 2042 in
978 1999 1215 2041 condicione
1245 2003 1364 2045 atque
1397 1999 1515 2043 pacto

249 2131 262 2150 1
290 2118 512 2158 depeculatus
540 2120 565 2156 p
602 2115 728 2155 (errant
758 2109 883 2149 Zumpt
912 2110 939 2138 et
968 2103 1086 2145 Iona),
1129 2102 1189 2141 bqr
1224 2097 1292 2130 edd.
1330 2097 1352 2137 (i
1387 2099 1402 2134 ξ
1432 2094 1516 2135 48):

190 2162 414 2203 depopulatus
430 2161 494 2191 ΒΨ

184 2207 264 2248 pler.
286 2218 292 2236 :
317 2205 460 2236 arbitror
476 2212 551 2233 esse
569 2211 609 2240 qr

191 2252 232 2281 ab
249 2250 344 2280 initio
362 2258 427 2277 ont.
449 2245 529 2285 G2K

192 2293 297 2325 Sclzol.
322 2291 463 2322 Gronov.

651 2167 672 2195 9
695 2156 736 2186 ab
752 2152 943 2185 hominibus
954 2148 1012 2190 pq¹
1165 2153 1241 2174 esse
1259 2141 1402 2172 arbitror
1419 2139 1473 2178 Dp
1490 2140 1519 2168 et

695 2200 737 2228 26
760 2198 802 2227 ab
819 2195 914 2226 initio
931 2203 986 2224 res
1002 2191 1044 2222 ab
1061 2199 1101 2220 eo
1117 2187 1237 2227 DZpr:
1261 2182 1303 2216 ab
1320 2194 1360 2215 eo
1377 2192 1441 2213 om.
1464 2180 1514 2219 G„

652 2252 691 2281 27
718 2245 822 2272 const.
842 2238 885 2269 sit
901 2237 943 2267 ab
963 2245 1003 2266 eo
1016 2245 1036 2274 q
1153 2241 1195 2269 29
1219 2229 1268 2259 Ea
1284 2226 1406 2258 mansit
1423 2224 1518 2261 Asc„

553 2286 790 2324 condicionep
806 2294 813 2313 ι
837 2280 962 2312 ditione
978 2289 1004 2309 s.
1024 2276 1171 2308 dictione
1189 2272 1253 2304 rell.

1516 1095 1553 1127 15
