1600 2704
118 108 384 147 ACTIoNIS
416 109 478 147 IN
508 108 553 147 C.
575 109 817 147 VERREM
847 110 1148 151 SECVNDAE
1176 115 1281 153 LIB.
1306 116 1325 154 1
1364 117 1420 164 36
1439 86 1525 165 9‘2'*

88 231 261 268 expensa
289 219 367 257 lata
395 218 483 266 sint,
505 231 574 257 cur
602 217 643 257 id
673 232 820 258 nornen
855 219 1036 259 infimum
1071 221 1111 260 in
1132 222 1326 274 lituraque
1357 225 1416 272 sit,

89 295 158 321 vos
179 282 459 322 existimabitis.
518 285 671 322 Tamen
693 285 764 322 HS
794 293 973 323 sescenta
1002 285 1109 324 milia
1138 300 1229 325 cum
1256 297 1419 338 accepta
1438 301 1478 333 93

88 346 309 394 rettulisset,
326 348 396 386 HS
413 347 698 398 quinquaginta
713 347 820 386 milia
837 350 965 387 soluta
981 363 1062 388 non
1078 358 1170 389 sunt
1185 366 1195 399 ,-
1223 352 1416 400 homines,

87 418 346 462 posteaquam
367 425 454 450 reus
474 413 601 451 factus
622 420 690 460 est,
714 411 857 452 redditi
876 414 963 462 alii,
981 414 1047 452 alii
1067 415 1185 454 etiam
1207 429 1313 455 nunc
1334 418 1419 455 reti-

47 487 65 518 5
86 483 253 524 nentur,
289 476 444 526 peculia
473 476 652 515 omnium
681 476 893 528 vicariique
922 478 1148 518 retinentur.
1210 482 1324 520 Haec
1359 489 1416 520 est
1438 491 1485 529 37

85 539 196 579 istius
224 542 421 591 praeclara
447 542 578 579 tutela.
639 542 703 579 En
729 541 793 580 cui
821 549 912 581 tuos
932 542 1077 582 liberos
1107 544 1341 592 committas,
1365 559 1415 585 en

85 604 316 644 memoriam
332 605 475 644 mortui
491 605 648 653 sodalis,
663 619 713 645 en
727 612 878 645 metum
898 607 1076 646 vivorum
1090 609 1388 649 existimationis
1406 613 1412 648 !

84 669 188 708 Cum
209 669 279 708 tibi
301 683 342 708 se
362 677 445 708 tota
463 669 558 709 Asia
580 670 828 721 spoliandam
849 685 895 710 ac
916 674 1135 711 vexandam
1155 674 1411 724 praebuisset,

82 746 173 771 cum
198 733 269 771 tibi
298 733 474 784 exposita
493 743 596 773 esset
625 735 754 774 omnis
783 737 835 775 ad
864 738 1137 786 praedandum
1167 739 1413 789 Pamphylia,

25 812 65 835 10
82 796 293 837 contentus
313 798 374 837 his
394 807 475 837 tam
491 799 634 849 opimis
654 800 771 839 rebus
792 813 873 839 non
894 800 1031 840 fuisti?
1074 815 1214 841 manus
1233 816 1257 841 a
1277 804 1409 850 tutela,

81 876 222 901 manus
242 876 266 902 a
284 863 446 913 pupillo,
463 877 603 903 manus
618 877 641 902 a
657 864 802 903 sodalis
818 865 899 904 filio
912 865 1109 905 abstinere
1125 880 1206 905 non
1220 868 1412 917 potuisti?

82 928 169 965 Iam
189 934 228 966 te
254 941 336 966 non
357 927 488 975 Siculi,
512 941 593 966 non
621 937 807 976 aratores,
826 936 869 967 ut
889 929 1058 977 dictitas,
1081 930 1411 979 circumveniunt,

80 1005 162 1031 non
182 991 223 1030 hi
244 991 311 1042 qui
331 992 499 1031 decretis
523 992 742 1043 edictisque
763 992 839 1032 tuis
863 993 904 1031 in
931 1001 969 1032 te
990 994 1177 1033 concitati
1199 996 1409 1046 infestique

79 1064 193 1096 sunt:
235 1058 446 1096 Malleolus
476 1070 500 1096 a
529 1070 592 1096 me
620 1058 837 1107 productus
861 1065 920 1096 est
949 1066 988 1097 et
1019 1066 1142 1097 mater
1174 1059 1257 1098 eius
1288 1068 1408 1110 atque

20 1135 57 1167 ¹5
77 1122 175 1170 avia,
195 1134 298 1172 quae
319 1120 483 1160 miserae
502 1122 640 1160 flentes
654 1135 833 1160 eversum
853 1135 876 1160 a
897 1129 935 1161 te
955 1136 1120 1172 puerum
1137 1123 1269 1174 patriis
1291 1124 1406 1164 bonis

76 1199 162 1224 esse
182 1185 374 1224 dixerunt.
434 1185 543 1234 Quid
572 1188 805 1236 exspectas?
850 1200 901 1225 an
936 1188 1033 1226 dum
1066 1188 1117 1226 ab
1151 1187 1283 1227 inferis
1322 1189 1406 1239 ipse
1426 1205 1468 1238 94

77 1252 287 1289 Malleolus
319 1249 487 1297 exsistat,
518 1258 639 1301 atque
672 1252 742 1290 abs
775 1259 814 1290 te
848 1252 976 1290 officia
1010 1254 1154 1292 tutelae
1188 1253 1404 1293 sodalitatis

74 1315 425 1366 familiaritatisque
467 1315 644 1366 flagitet?
691 1317 829 1366 Ipsum
868 1324 1006 1367 putato
1043 1319 1194 1357 adesse.
1265 1320 1405 1358 Homo

72 1380 297 1420 avarissime
326 1388 365 1419 et
393 1380 656 1431 spurcissime,
684 1382 806 1420 redde
836 1382 943 1420 bona
971 1381 1116 1421 sodalis
1147 1382 1238 1430 filio,
1262 1383 1293 1421 si
1322 1397 1403 1422 non

14 1462 54 1485 20
72 1459 174 1496 quae
209 1445 415 1492 abstulisti,
448 1453 488 1484 at
517 1459 620 1496 quae
648 1447 852 1485 confessus
885 1449 952 1485 es!
1002 1447 1083 1486 Cur
1114 1447 1222 1497 cogis
1256 1448 1403 1487 sodalis

72 1510 196 1549 filium
216 1512 320 1550 hanc
338 1510 505 1561 primam
522 1510 563 1549 in
582 1512 667 1550 foro
682 1524 821 1550 vocem
838 1524 929 1550 cum
951 1512 1087 1550 dolore
1101 1519 1139 1550 et
1155 1512 1402 1562 querimonia

70 1574 249 1614 emittere
262 1577 280 1614 ?
306 1588 375 1614 cur
394 1574 541 1613 sodalis
562 1589 736 1623 uxorem,
759 1576 905 1615 sodalis
922 1589 1089 1622 socrum,
1107 1577 1271 1615 domum
1293 1577 1401 1617 deni-

69 1652 147 1690 que
167 1647 292 1678 totam
313 1639 458 1678 sodalis
481 1640 624 1678 mortui
645 1648 781 1679 contra
797 1648 835 1679 te
856 1640 1126 1679 testimonium
1142 1640 1303 1679 dicere?
1332 1655 1401 1680 cur

69 1703 375 1755 pudentissimas
413 1704 724 1755 lectissimasque
756 1704 921 1744 feminas
960 1704 1000 1743 in
1039 1712 1193 1743 tantum
1227 1705 1398 1744 virorum

10 1785 49 1818 ²5
69 1777 310 1808 conventum
360 1769 538 1809 insolitas
583 1769 805 1820 invitasque
851 1768 1008 1819 prodire
1051 1769 1192 1819 cogis?
1258 1769 1399 1808 Recita

68 1833 246 1872 omnium
267 1834 502 1873 testimonia.
561 1835 865 1872 TESTIMONIVM
888 1845 1044 1873 MATRIS
1064 1845 1117 1872 ET
1136 1845 1273 1872 AVIAE.

121 1899 198 1937 Pro
227 1906 434 1949 quaestore
454 1911 547 1938 vero
575 1911 657 1949 quo
686 1900 808 1937 modo
834 1898 907 1937 iste
937 1911 1150 1937 commune
1172 1898 1395 1948 Milyadum
1417 1878 1469 1926 38

66 1962 223 2010 vexarit,
261 1975 342 2012 quo
372 1963 493 2001 modo
523 1962 697 2012 Lyciam,
731 1962 1016 2013 Pamphyliam,
1050 1962 1237 2001 Pisidiam
1278 1964 1396 2013 Phry·
1414 1949 1456 1982 95

109 2078 129 2105 4
153 2065 276 2097 redditi
293 2065 349 2096 alii
367 2065 423 2096 alii
440 2066 541 2096 etiam
557 2065 673 2106 scripsi
687 2076 694 2097 ε
717 2065 839 2096 redditi
858 2064 912 2096 alii
930 2066 1032 2097 etiam
1048 2064 1134 2106 SDp
1150 2066 1217 2097 rell.
1228 2070 1394 2107 praeterr,

65 2109 142 2140 aliis
170 2110 221 2149 (=
238 2109 293 2140 alii
320 2114 398 2140 sunt
409 2110 435 2147 2)
463 2108 584 2139 redditi
609 2108 665 2139 alii
694 2109 806 2140 etiam.
858 2108 955 2149 Vulg.
979 2109 1034 2140 alii
1059 2109 1181 2140 redditi
1207 2110 1265 2140 alii
1294 2111 1394 2142 etiam
1426 2140 1429 2143 ,

66 2162 86 2191 5
110 2153 260 2184 omnium
281 2151 399 2183 SDZ:
429 2152 544 2183 omnia
567 2164 591 2182 π
716 2152 916 2193 vicariique]
941 2151 1035 2183 habet
1058 2153 1092 2184 in
1117 2158 1223 2194 mg.p
1247 2154 1308 2193 (m.
1325 2155 1394 2195 pr.)

69 2196 173 2227 ‘servi
187 2196 220 2227 in
237 2196 302 2227 loco
319 2196 611 2228 manumissorum
628 2195 807 2235 suppositi’
942 2206 959 2235 7
986 2196 1147 2228 memoria
1166 2196 1264 2236 G2Kb

65 2239 124 2270 tibi
141 2249 208 2271 om.
227 2239 267 2279 G1
398 2249 439 2269 10
462 2238 600 2278 optimis
616 2238 705 2270 codd.
850 2248 889 2278 13
913 2238 947 2269 hi
963 2239 1050 2270 codd.
1065 2251 1073 2270 τ
1098 2240 1121 2271 ii
1137 2239 1224 2271 Iord.
1356 2250 1394 2280 15

65 2283 186 2324 misere
199 2282 271 2323 Sp:
296 2282 417 2314 misere
434 2282 470 2312 D
485 2282 527 2313 al.
546 2294 565 2313 ν
688 2282 792 2322 patris
811 2280 870 2321 G23
992 2293 1029 2322 17
1054 2283 1114 2314 abs
1132 2288 1166 2314 te
1182 2295 1250 2316 om.
1268 2283 1332 2315 SD
1348 2285 1393 2316 al.

67 2326 106 2356 18
130 2330 210 2365 puta
230 2325 269 2367 G¹
396 2337 439 2357 20
462 2330 496 2356 at
508 2326 569 2366 prb
586 2337 593 2356 :
617 2335 682 2356 om.
700 2325 795 2356 sm
920 2335 962 2356 22
985 2326 1141 2374 amittere
1157 2327 1246 2359 codd.
1352 2338 1391 2367 27

1083 2378 1091 2395 Χ

66 2401 248 2442 Myliadum
267 2402 332 2433 SD
421 2404 462 2434 28
486 2402 618 2434 vexarit
629 2401 647 2432 b
663 2413 670 2433 :
694 2407 835 2433 vexaret
851 2402 922 2442 Spq
938 2413 944 2433 :
968 2407 1109 2434 vexaret
1125 2402 1161 2433 D
