1600 2704
415 403 484 451 M.
534 392 750 446 TVLLI
802 374 1203 435 CICERONIS

197 507 640 574 ACTIONIS
723 500 817 554 IN
899 495 963 548 C.
1034 479 1426 542 VERREM

566 576 1058 647 SECVNDAE

607 705 779 747 LIBER
817 695 1030 739 PRIMVS

442 815 526 860 DE
566 802 897 855 PRAETVRA
936 792 1192 840 VRBANA

126 921 144 947 1

128 980 139 999 I
217 936 429 973 NEMmEM
461 934 633 965 vestrum
667 921 844 970 ignorare
877 910 1053 954 arbitror,
1085 904 1247 949 iudices,
1282 902 1390 938 hunc
1422 906 1491 946 per

164 1003 285 1038 hosce
314 995 399 1036 dies
429 999 651 1031 sermonem
680 981 785 1033 vulgi
814 987 932 1028 atque
961 976 1063 1012 hanc
1093 967 1323 1019 opinionem
1357 957 1493 1012 populi

168 1060 339 1102 Romani
369 1057 498 1103 fuisse,
522 1056 566 1094 C.
589 1052 753 1089 Verrem
780 1046 899 1083 altera
926 1038 1081 1078 actione
1108 1039 1386 1082 responsurum
1413 1036 1494 1062 non

168 1142 252 1167 esse
273 1136 403 1174 neque
423 1123 474 1160 ad
495 1117 684 1158 iudicium
700 1113 938 1151 adfuturum.
990 1104 1103 1151 Quae
1123 1100 1228 1137 fama
1247 1106 1328 1133 non
1348 1088 1498 1130 idcirco

170 1196 296 1233 solum
327 1193 526 1228 emanarat
554 1182 662 1233 quod
692 1178 764 1216 iste
794 1182 898 1213 certe
928 1173 1113 1208 statuerat
1142 1175 1187 1201 ac
1217 1158 1498 1199 deliberaverat
1518 1165 1535 1198 5

171 1272 251 1298 non
280 1257 429 1299 adesse,
455 1260 591 1288 verum
621 1244 737 1284 etiarn
769 1238 877 1291 quod
908 1245 1027 1274 nemo
1056 1236 1298 1280 quemquam
1327 1229 1407 1259 tarn
1436 1231 1501 1256 au-

172 1327 323 1368 dacem,
355 1328 434 1357 tam
466 1320 676 1356 amentem,
710 1316 789 1346 tam
821 1300 1093 1352 impudentem
1129 1294 1211 1330 sore
1243 1286 1502 1326 arbitrabatur

173 1388 239 1438 qui
269 1396 350 1424 tam
380 1379 534 1422 nefariis
566 1373 806 1417 criminibus,
834 1377 914 1405 tarn
944 1360 1076 1401 multis
1105 1355 1270 1395 testibus
1299 1348 1503 1389 convictus

175 1466 242 1492 ora
268 1448 444 1489 iudicum
474 1442 648 1494 aspicere
678 1444 745 1476 aut
775 1447 818 1472 os
849 1441 963 1469 suum
992 1424 1141 1476 populo
1166 1421 1351 1458 Romano
1377 1420 1505 1452 osten-

140 1535 156 1556 α
177 1520 269 1556 dere
307 1514 480 1553 auderet.
541 1509 611 1546 Est
650 1504 756 1542 idem
788 1500 930 1535 Verres
962 1490 1029 1542 qui
1068 1486 1139 1526 suit
1178 1494 1343 1532 semper,
1379 1485 1422 1516 ut
1454 1476 1505 1514 ad
1530 1485 1569 1508 ιο

178 1581 407 1621 audendum
441 1573 648 1626 proiectus,
682 1567 736 1606 sic
767 1569 923 1615 paratus
953 1558 1004 1596 ad
1033 1551 1287 1593 audiendum.
1348 1546 1509 1583 Praesto

180 1656 249 1694 est,
272 1643 496 1694 respondet,
518 1634 766 1679 defenditur,
798 1641 847 1667 ne
874 1629 951 1665 hoc
973 1621 1134 1673 quidem
1159 1614 1234 1655 sibi
1257 1609 1396 1660 reliqui
1419 1606 1510 1645 facit

182 1721 236 1758 ut,
258 1711 297 1748 in
324 1709 440 1747 rebus
467 1698 700 1753 turpissimis
728 1707 818 1734 cum
851 1689 1059 1730 manifesto
1086 1689 1276 1725 teneatur,
1298 1676 1330 1714 si
1353 1672 1512 1713 reticeat

183 1785 221 1815 et
250 1773 363 1819 absit,
389 1779 521 1809 tamen
553 1760 823 1814 impudentiae
854 1767 946 1794 suae
976 1751 1194 1803 pudentem
1223 1742 1370 1783 exitum
1400 1748 1515 1787 quae>

186 1842 281 1880 sisse
319 1837 505 1876 videatur.
569 1828 710 1874 Patior,
748 1822 908 1866 iudices,
946 1826 983 1856 et
1023 1827 1104 1853 non
1139 1811 1303 1849 moleste
1337 1805 1420 1842 fero
1453 1812 1517 1838 me
1538 1809 1574 1842 15

188 1903 331 1944 laboris
353 1899 441 1946 mei,
465 1909 534 1935 vos
556 1891 707 1933 virtutis
729 1896 878 1927 vestrae
899 1885 1069 1921 fructum
1090 1889 1175 1916 esse
1195 1875 1351 1912 laturos.
1412 1866 1517 1904 Nam

190 1967 221 2008 si
260 1969 332 2006 iste
370 1965 410 2004 id
450 1961 604 2001 fecisset
639 1955 748 2006 quod
786 1951 892 2002 prius
926 1949 1123 1989 statuerat,
1157 1946 1199 1977 ut
1233 1948 1314 1975 non
1351 1932 1518 1974 adesset,

193 2035 322 2073 minus
350 2029 553 2079 aliquanto
574 2034 694 2073 quam
723 2016 821 2057 mihi
847 2025 947 2064 opus
975 2015 1076 2049 esset
1103 2005 1404 2054 cognosceretur
1424 1992 1521 2045 quid

195 2112 268 2148 ego
288 2097 327 2135 in
354 2097 428 2133 hac
455 2086 707 2130 accusatione
728 2076 996 2130 comparanda
1016 2066 1373 2113 constituendaque
1393 2058 1522 2099 elabo-

197 2174 341 2201 rassem
360 2175 367 2205 3
387 2163 513 2196 vestra
529 2164 621 2190 vero
640 2151 724 2188 laus
745 2143 873 2184 tenuis
894 2143 1009 2192 plane
1029 2144 1148 2185 atque
1168 2131 1345 2172 obscura,
1360 2123 1521 2168 iudices,
1545 2127 1586 2152 20

243 2268 264 2297 8
287 2264 430 2296 testibus
442 2260 503 2300 prb
523 2256 629 2288 Cuiac.
647 2265 654 2283 ·.
678 2250 845 2283 iudicibus
861 2245 925 2277 ΠΨ
1020 2251 1059 2272 10
1083 2242 1135 2269 est
1151 2236 1240 2266 idem
1257 2231 1292 2263 D
1307 2230 1351 2262 al.
1363 2228 1427 2270 prb
1444 2238 1450 2258 :
1474 2230 1526 2256 est

203 2311 293 2341 enim
312 2308 401 2338 idem
417 2305 447 2344 q¹
466 2301 508 2333 al.
643 2306 677 2325 11
704 2297 842 2334 paratus
854 2290 916 2330 prb*
931 2285 1039 2318 Sclzol.
1059 2282 1213 2318 Gronov„
1232 2276 1332 2308 Prisc.
1351 2284 1359 2303 :
1382 2281 1449 2302 om.
1463 2268 1528 2300 ΒΨ

208 2364 244 2392 ¹7
271 2350 364 2391 prius
380 2347 444 2379 ΒΨ
461 2358 467 2376 :
491 2343 620 2383 primus
637 2338 665 2369 L
684 2350 690 2367 t
717 2337 822 2376 primo
832 2334 894 2374 ῥνδ
