1600 2704
88 131 357 175 ACTIONIS
388 129 448 167 IN
480 127 525 166 C.
548 123 791 162 VERREM
822 118 1122 159 SECVNDAE
1153 117 1258 154 LIB.
1280 115 1317 151 V
1363 121 1415 160 54
1438 126 1500 156 140

146 246 253 284 Num
276 249 389 293 potes
415 241 492 277 hoc
513 247 664 286 negare,
688 235 841 278 Verres,
864 230 903 268 in
931 231 1016 268 foro
1042 226 1218 277 Lilybaei
1246 224 1417 263 maximo
1436 228 1487 268 54

90 315 290 350 conventu
319 307 363 346 C.
387 301 605 346 Servilium,
635 298 761 336 civem
791 297 1020 333 Romanum
1047 306 1069 330 e
1096 297 1294 330 conventu
1322 290 1419 326 Pan-

92 374 332 418 hormitano,
360 377 532 408 veterem
562 363 862 414 negotiatorem,
893 359 944 397 ad
979 357 1149 396 tribunal
1179 362 1269 393 ante
1299 353 1420 403 pedes

92 448 181 478 tuos
209 438 260 476 ad
289 444 430 474 terram
452 430 567 481 virgis
594 436 633 467 et
657 425 886 466 verberibus
912 421 1142 461 abiectum?
1199 418 1316 457 Aude
1345 418 1421 455 hoc

53 522 70 554 5
92 503 264 555 primum
292 511 444 548 negare,
472 495 502 534 si
531 500 668 545 potes;
699 503 818 530 nemo
847 486 1023 538 Lilybaei
1051 485 1122 524 fuit
1147 483 1242 534 quin
1271 480 1421 527 viderit,

94 580 213 608 nemo
244 565 283 603 in
313 561 445 602 Sicilia
475 558 572 610 quin
600 555 803 596 audiverit.
864 553 992 603 Plagis
1022 551 1247 589 confectum
1283 546 1374 586 dico
1403 558 1425 583 a

94 632 298 672 lictoribus
319 628 396 667 tuis
416 626 543 666 civem
567 626 795 662 Romanum
816 626 908 658 ante
924 617 1060 656 oculos
1081 623 1170 653 tuos
1191 611 1422 652 concidisse.

97 701 150 738 At
171 709 291 748 quam
311 693 364 732 ob
386 704 557 736 causam,
579 688 620 728 di
640 686 882 725 immortales
902 686 908 721 l
949 680 1102 721 tametsi
1126 678 1305 718 iniuriam
1327 675 1428 714 facio
1452 687 1507 718 141

98 759 301 802 communi
332 769 473 797 causae
503 763 541 794 et
570 752 643 791 iuri
677 749 869 796 civitatis,
908 746 1019 797 quasi
1054 745 1159 784 enim
1194 744 1272 781 ulla
1307 739 1429 792 possit

40 844 79 867 ιο
99 839 184 866 esse
211 837 331 863 causa
357 835 426 860 cur
455 821 531 858 hoc
552 817 737 867 cuiquam
768 813 843 853 civi
874 814 1061 851 Romano
1088 809 1170 847 iure
1190 806 1353 851 accidat,
1378 804 1430 842 ita

99 902 247 942 quaero
268 900 371 939 quae
392 885 430 923 in
453 882 616 923 Servilio
637 893 756 920 causa
776 877 900 917 fuerit.
961 874 1160 925 Ignoscite
1180 872 1219 910 in
1241 873 1317 909 hoc
1338 883 1427 915 uno,

100 954 276 1001 iudices,
310 952 350 990 in
378 948 517 989 ceteris
547 946 653 986 enim
681 957 761 983 non
790 953 1028 992 magnopere
1057 950 1194 977 causas
1224 934 1428 985 requiram.

102 1022 280 1058 Locutus
305 1023 386 1056 erat
413 1013 574 1053 liberius
601 1011 652 1050 de
678 1008 789 1047 istius
816 1005 1068 1056 improbitate
1096 1010 1216 1052 atque
1245 998 1420 1050 nequitia

105 1085 229 1134 Quod
258 1081 322 1121 isti
351 1080 468 1120 simul
494 1091 540 1117 ac
567 1074 835 1115 renuntiatum
863 1079 932 1118 est,
961 1069 1164 1109 hominem
1196 1066 1304 1105 iubet
1335 1064 1433 1113 Lily-

47 1168 82 1201 15
104 1152 248 1190 baeum
276 1144 548 1186 vadimonium
573 1139 746 1179 Venerio
774 1150 885 1177 servo
912 1134 1150 1186 promittere.
1211 1128 1436 1175 Promittit3

105 1215 338 1265 Lilybaeum
360 1209 523 1249 venitur.
584 1207 737 1255 Cogere
764 1216 855 1242 eum
877 1199 1020 1250 coepit,
1042 1211 1132 1237 cum
1153 1203 1285 1247 ageret
1305 1206 1436 1238 nemO,

106 1293 226 1319 nemo
255 1277 482 1328 postularet,
513 1270 769 1323 sponsionem
805 1267 911 1306 mille
946 1276 1154 1303 nummum
1189 1263 1316 1299 facere
1346 1272 1437 1297 cum

108 1342 246 1381 lictore
265 1352 349 1385 suo,
372 1341 380 1357 ‘
396 1336 448 1375 Ni
474 1333 582 1373 furtis
603 1339 813 1382 quaestum
839 1328 1006 1367 faceret.'
1065 1326 1377 1373 Recuperatores
1399 1333 1439 1357 se

110 1408 160 1445 de
185 1406 348 1444 cohorte
375 1413 445 1440 sua
472 1399 630 1438 dicebat
658 1397 853 1435 daturum.
914 1389 1097 1430 Servilius
1128 1395 1165 1426 et
1196 1398 1373 1425 recusare
1403 1392 1440 1422 et

52 1491 92 1514 20
111 1468 313 1522 deprecari
347 1480 396 1505 ne
431 1463 574 1514 iniquis
614 1460 811 1500 iudicibus
847 1458 957 1495 nullo
994 1452 1217 1493 adversario
1252 1449 1441 1489 iudicium

111 1535 249 1586 capitis
270 1534 310 1571 in
331 1545 372 1571 se
392 1528 703 1569 constitueretur.
765 1525 879 1561 Haec
900 1535 989 1559 cum
1020 1518 1186 1557 maxime
1207 1518 1442 1566 loqueretur,
1466 1527 1523 1558 142

113 1615 181 1640 sex
210 1599 366 1637 lictores
394 1592 686 1634 circumsistunt
708 1585 963 1627 valentissimi
984 1592 1022 1623 et
1048 1584 1099 1622 ad
1129 1582 1344 1632 pulsandos
1365 1591 1445 1617 ver-

114 1666 393 1712 berandosque
441 1658 622 1698 homines
671 1650 991 1697 exercitatissimi,
1040 1648 1211 1687 caedunt
1258 1643 1446 1683 acerrime

115 1729 256 1780 virgis;
294 1726 467 1776 denique
500 1721 702 1774 proximus
736 1719 859 1764 lictor,
891 1717 947 1764 de¹
976 1727 1056 1765 quo
1090 1712 1167 1751 iam
1203 1723 1319 1760 saepe
1354 1708 1447 1755 dixi,

58 1815 95 1847 25
117 1793 281 1839 Sextius,
311 1801 502 1829 converso
532 1787 674 1825 baculo
704 1784 841 1822 oculos
871 1782 1015 1819 misero
1045 1777 1211 1816 tundere
1240 1775 1448 1813 vehemen-

118 1858 267 1898 tissime
287 1854 428 1905 coepit.
490 1853 630 1901 Itaque
652 1849 726 1894 ille,
749 1860 840 1885 cum
863 1843 1019 1895 sanguis
1041 1856 1085 1881 os
1106 1841 1324 1889 oculosque
1345 1850 1450 1876 com-

165 1971 184 1992 2
209 1958 505 1996 Panormitanop:
532 1951 869 1985 Panhormitanorum
888 1946 952 1977 RS
1041 1947 1063 1975 6
1086 1942 1256 1975 audiverit
1272 1939 1451 1971 Zielinski:

120 2005 266 2037 audierit
282 2001 369 2033 codd.
505 2009 526 2037 9
549 1996 657 2037 possit
675 1994 742 2025 ulla
759 2003 802 2023 vr:
826 1990 935 2032 possit
953 1999 1028 2020 esse
1047 1987 1116 2019 ulla
1133 1988 1149 2016 δ
1288 1984 1328 2014 16
1352 1992 1452 2013 nemo

121 2049 220 2080 semel
242 2046 358 2077 habent
381 2041 495 2074 codd.:
531 2040 657 2071 iteravit
682 2036 898 2077 Naugerius:
931 2042 1007 2064 cum
1036 2040 1136 2062 nemo
1161 2027 1348 2069 postularet
1375 2025 1449 2065 (del.

122 2092 254 2132 ageret)
273 2088 429 2119 Zielinski
564 2094 600 2122 17
626 2081 716 2112 mille
733 2080 925 2110 Mommsen
940 2088 947 2107 :
972 2075 1115 2106 militum
1132 2072 1217 2104 RS:
1242 2070 1305 2101 HS
1323 2069 1453 2100 duobus

123 2135 343 2175 sponsionem
383 2131 492 2161 facere
520 2129 587 2168 p5:
637 2124 857 2164 sponsionem
899 2130 924 2151 11
964 2119 1089 2149 milium
1129 2124 1300 2146 nummum
1342 2113 1452 2143 facere

125 2177 282 2209 Zielinski
437 2173 474 2204 18
499 2173 755 2209 recuperatores
771 2176 808 2196 se
825 2163 950 2204 Zumpt
965 2174 971 2193 :
997 2170 1179 2200 recuperor
1196 2168 1272 2189 esse
1290 2155 1354 2187 RS
1370 2168 1376 2186 :
1402 2165 1451 2185 re-

126 2226 346 2262 cuperatores
365 2217 445 2257 (om.
470 2225 506 2246 se
514 2218 523 2253 jv
544 2215 560 2244 δ
579 2215 667 2252 (ante
682 2209 789 2242 vocab.
817 2208 1063 2247 reciperatores
1085 2204 1214 2243 lmbetp
1230 2201 1368 2239 sedego,
1394 2198 1414 2228 i.
1426 2209 1450 2228 e.

125 2276 163 2296 se
191 2265 233 2295 de
265 2259 460 2303 co(horte),
488 2268 561 2288 cnm
590 2255 697 2297 signis
725 2253 867 2292 transp.)
1006 2259 1045 2288 19
1069 2247 1147 2278 dicit
1174 2247 1190 2275 δ
1323 2254 1363 2281 24
1390 2242 1452 2272 iam

125 2318 230 2347 saepe
248 2307 280 2337 R
298 2317 304 2336 z
328 2310 394 2335 tam
413 2311 514 2342 saepe
531 2299 595 2331 SD
612 2311 618 2329 :
642 2307 746 2337 saepe
764 2297 826 2327 iam
839 2300 864 2335 p
881 2306 888 2325 :
912 2303 1014 2333 saepe
1032 2302 1098 2322 om.
1114 2300 1154 2330 qr
1271 2296 1312 2326 25
1335 2286 1455 2317 baculo

126 2350 246 2382 RSD:
272 2348 392 2380 bacillo
405 2348 446 2388 ρδ
463 2344 594 2375 Nonius
