1600 2704
150 67 421 110 ACTIONIS
453 74 515 112 IN
545 75 590 115 c.
614 78 857 121 ‚VERREM
888 85 1189 129 SECVNDAE
1221 95 1367 134 LlB.1
1409 108 1451 145 31
1476 73 1540 146 ff*

116 173 265 215 misisti.
316 179 457 220 Recita
483 183 590 224 hunc
618 185 747 236 ipsum
778 191 909 230 locum
931 196 981 233 de
1011 198 1248 240 testimonio.
1309 206 1449 246 TEsrl-
1474 226 1510 259 79

115 249 287 279 MONIVM
317 244 361 283 C.
378 246 541 287 VERRIS
571 261 617 287 IN
646 253 984 297 ARTEM1DORVM.
1042 263 1141 300 Nox
1177 276 1318 306 MVLTO
1352 282 1450 310 Posr

112 314 158 339 m
196 315 350 345 DOMVM
380 331 443 348 —.
521 313 729 355 Bellumne
766 322 916 369 populo
951 324 1136 365 Romano
1177 330 1448 382 Lampsacena

108 366 245 407 civitas
280 372 407 412 facere
441 378 689 418 conabatur?
726 383 895 424 deficere
925 388 976 426 ab
1008 389 1174 441 imperio
1207 408 1252 434 ac
1284 400 1445 440 nomine

69 445 87 476 5
107 440 243 472 nostro
272 437 460 478 volebat?
515 441 647 483 Video
676 446 782 486 enim
812 457 850 487 et
877 464 922 489 ex
955 453 1000 492 iis
1028 468 1129 504 quae
1159 460 1232 509 legi
1255 470 1292 500 et
1312 466 1443 504 audivi

104 495 300 548 intellego,
324 500 364 539 in
385 515 464 553 qua
484 505 640 548 civitate
661 523 742 550 non
773 516 894 554 modo
924 518 1072 568 legatus
1102 525 1238 573 populi
1270 527 1442 568 Romani

101 559 395 615 circumsessus,
409 581 490 607 non
508 574 631 612 modo
643 573 733 624 igni,
753 578 866 627 ferro,
884 594 1014 631 manu,
1032 586 1156 636 copiis
1177 601 1437 644 oppugnatus,

101 626 171 664 sed
192 627 327 678 aliqua
346 644 393 670 ex
413 642 523 683 parte
543 636 711 679 violatus
732 641 790 689 sit,
810 644 884 683 nisi
914 648 1073 695 publice
1094 652 1186 692 satis
1208 656 1354 695 factum
1376 659 1434 706 sit,

98 689 132 728 ei
168 691 314 732 civitati
353 697 501 738 bellum
541 701 661 743 indici
693 715 811 757 atque
841 710 969 750 inferri
1005 717 1139 755 solere.
1220 721 1333 768 Quae
1363 725 1434 764 fuit
1458 731 1498 761 80

38 767 77 791 ιο
96 753 211 804 igitur
231 771 350 799 causa
370 774 439 801 cur
459 774 601 806 cuncta
623 769 759 809 civitas
781 774 1142 825 Lampsacenorum
1165 784 1215 822 de
1233 788 1431 837 contione,

93 831 213 868 quern
233 825 285 862 ad
302 827 468 866 modurn
490 837 573 870 tute
593 834 742 884 scribis,
759 838 923 878 domum
938 849 1045 882 tuam
1060 850 1298 889 concurrerit
1315 853 1331 889 ?
1370 855 1432 893 Tu

91 883 198 923 enim
220 900 351 938 neque
372 890 412 930 in
447 892 582 935 litteris
610 910 707 947 quas
742 901 891 941 Neroni
928 906 1059 954 mittis,
1090 923 1220 960 neque
1252 914 1291 952 in
1327 919 1429 956 testi-

91 949 228 990 monio
249 965 409 994 causam
430 959 526 997 tanti
548 965 739 1002 tumultus
759 968 936 1007 ostendis
957 972 1086 1011 ullam.
1147 975 1366 1018 Obsessum
1390 990 1427 1022 te

87 1012 196 1061 dicis,
216 1015 346 1066 ignem
377 1021 564 1071 adlatum,
597 1036 793 1068 sarmenta
819 1031 1070 1084 circumdata,
1104 1038 1280 1079 lictorem
1314 1052 1424 1084 tuum

28 1089 38 1112 ι
47 1090 64 1123 5
86 1078 262 1119 occisum
293 1096 379 1123 esse
412 1086 526 1135 dicis,
552 1092 774 1138 prodeundi
803 1095 872 1135 tibi
898 1097 936 1136 in
962 1101 1163 1149 publicum
1186 1114 1422 1155 potestatem

84 1142 227 1182 factam
253 1159 398 1197 negas:
429 1163 588 1192 causam
619 1156 735 1196 huius
765 1161 860 1199 tanti
889 1165 1042 1204 terroris
1070 1171 1255 1209 occultas.
1317 1174 1420 1214 Nam

81 1205 252 1257 siquam
274 1213 449 1254 Rubrius
477 1216 658 1258 iniuriam
686 1235 759 1262 suo
785 1227 947 1267 nomine
973 1243 1019 1268 ac
1046 1245 1126 1271 non
1154 1233 1325 1285 impulsu
1351 1247 1419 1279 tuo

78 1278 117 1309 et
138 1280 205 1312 tua
231 1277 448 1326 cupiditate
475 1282 640 1332 fecisset,
664 1288 714 1326 de
742 1289 796 1327 tui
823 1292 976 1331 comitis
1002 1294 1140 1335 iniuria
1162 1309 1343 1349 questum
1366 1307 1415 1343 ad

77 1343 115 1375 te
135 1339 267 1387 potius
295 1354 414 1392 quam
436 1353 474 1385 te
501 1359 773 1400 oppugnatum
795 1355 981 1396 venirent.
1043 1361 1144 1400 Cum
1174 1363 1289 1413 igitur
1313 1380 1414 1417 quae

17 1412 58 1434 20
75 1413 193 1441 causa
213 1403 315 1445 illius
336 1412 528 1450 tumultus
554 1414 667 1454 fuerit
693 1424 811 1457 testes
838 1433 860 1458 a
888 1423 1002 1461 nobis
1028 1428 1210 1474 producti
1233 1429 1409 1481 dixerint,

73 1464 156 1515 ipse
177 1470 320 1517 celarit,
338 1486 471 1514 nonne
492 1489 651 1517 causam
673 1482 776 1521 hanc
792 1497 910 1533 quam
927 1500 999 1526 nos
1020 1493 1297 1540 proposuimus
1318 1509 1408 1536 cum

71 1528 227 1572 illorum
266 1537 492 1579 testimonia
531 1550 613 1581 tum
654 1544 764 1585 istius
805 1549 1046 1592 taciturnitas
1087 1565 1275 1606 perpetua
1317 1573 1406 1600 con-

69 1594 227 1635 firmat?
1451 1669 1475 1696 2

123 1661 232 1701 Huic
259 1664 411 1706 homini
438 1672 604 1719 parcetis
632 1674 757 1724 igitur,
784 1677 948 1729 iudices,
969 1682 1079 1720 cuius
1107 1692 1214 1724 tanta
1241 1700 1403 1737 peccata
1423 1668 1458 1750 ἓ]

5 1737 46 1769 ²5
66 1732 157 1763 sunt
177 1735 219 1766 ut
252 1728 278 1767 ii
310 1733 454 1781 quibus
487 1735 644 1777 iniurias
676 1742 809 1781 fecerit
837 1757 966 1795 neque
997 1747 1214 1797 legitimum
1246 1760 1401 1805 tempus

63 1799 287 1839 exspectare
318 1798 369 1835 ad
408 1799 679 1842 ulciscendum
719 1820 848 1857 neque
882 1810 960 1848 vim
999 1819 1147 1852 tantam
1183 1817 1329 1857 doloris
1359 1820 1398 1858 in

59 1862 260 1901 posterum
281 1859 436 1902 differre
458 1867 690 1913 potuerint?
748 1872 1040 1915 Circumsessus
1063 1891 1114 1917 es.
1165 1883 1200 1918 A
1223 1883 1398 1932 quibus?

57 1919 94 1955 A
128 1920 420 1971 Lampsacenis.
500 1931 680 1972 Barbaris
716 1936 955 1986 hominibus,
991 1944 1120 1990 credo,
1150 1953 1218 1983 aut
1250 1946 1296 1985 iis
1326 1950 1392 1998 qui

55 1984 192 2033 populi
233 1987 405 2028 Romani
444 1999 942 2042 nomen'contemnerent.
1032 2008 1162 2047 Immo
1202 2023 1293 2049 vero
1339 2015 1389 2052 ab

0 2058 38 2090 30
55 2046 284 2090 hominibus
305 2060 343 2091 et
373 2062 510 2095 natura
541 2067 579 2097 et
610 2066 898 2105 consuetudine
930 2076 968 2107 et
1002 2070 1211 2123 disciplina
1242 2077 1388 2116 lenissi-

99 2159 158 2190 1-3
184 2152 306 2187 Recita
325 2181 332 2187 .
351 2181 357 2188 .
376 2180 383 2188 .
406 2159 540 2191 domum
559 2163 592 2193 in
611 2175 677 2205 mg.
690 2171 737 2206 pr
753 2168 878 2208 (ipsum
897 2171 986 2204 hune
1003 2173 1038 2215 h)
1058 2186 1065 2204 τ
1089 2186 1155 2209 om.
1174 2177 1239 2209 ΒΨ
1365 2192 1385 2221 3

50 2191 258 2233 lampsaceni
275 2199 338 2231 civ.
355 2200 415 2234 sac.
435 2204 676 2248 conabaturp:
704 2209 910 2251 lampsaceni
929 2215 991 2248 fac.
1010 2220 1221 2252 conabantur
1238 2224 1254 2253 δ
1346 2235 1380 2255 11

48 2239 138 2267 tuam
150 2244 218 2278 pr:
241 2251 306 2273 om.
324 2242 390 2274 ΒΨ
530 2254 740 2284 concurrerit
764 2254 821 2296 Dp
850 2257 937 2289 rell.:
962 2267 1051 2292 -eret
1067 2262 1157 2304 bLg.
1186 2276 1238 2305 42,
1269 2265 1380 2300 .Muell.

45 2288 87 2308 22
112 2289 275 2322 perpetua
291 2288 468 2322 confirmat
485 2290 541 2333 Dp
559 2294 642 2326 rell.:
666 2298 753 2328 conf.
770 2309 866 2340 perp.
881 2312 922 2341 qr
938 2302 1113 2343 (Zielinski
1120 2312 1154 2347 p.
1174 2311 1247 2349 193)
1338 2314 1381 2343 26

46 2323 87 2353 ad
106 2323 218 2359 ulcisc.
237 2338 330 2369 exsp.
350 2332 384 2371 q¹
