1600 2704
101 108 156 146 29
181 113 219 146 70
546 99 603 137 M.
634 99 800 136 TVLLI
833 97 1140 137 CICERONIS

175 212 278 249 clare
315 209 376 260 agi
413 209 691 249 arbitrarentur
729 208 760 247 si
799 220 943 247 vacuos
982 221 1094 258 agros
1133 207 1311 258 Apronio
1350 209 1502 248 tradere

174 275 330 323 liceret3
361 276 504 314 multas
534 273 640 313 enim
664 286 799 312 cruces
828 272 1048 323 propositas
1079 273 1247 322 effugere
1276 272 1500 322 cupiebant.

175 342 381 389 Quantum
424 339 624 390 Apronius
667 338 855 377 edidisset
898 337 1043 384 deberi,
1090 344 1242 375 tanturn
1286 350 1332 375 ex
1371 337 1502 376 edicto

174 406 353 444 dandum
384 412 475 443 erat.
550 403 734 442 Etiamne
768 402 799 441 si
829 404 916 453 plus
947 401 1135 441 edidisset
1165 414 1283 452 quam
1309 409 1500 451 quantum

174 478 309 508 natum
335 471 465 508 esset?
523 468 665 516 Etiam,
699 469 860 518 quando
888 467 1135 517 magistratus
1162 480 1209 505 ex
1236 465 1346 504 istius
1372 466 1503 505 edicto

173 534 325 585 exigere
369 534 579 572 debebant.
640 535 694 571 At
733 540 862 571 arator
909 540 1082 583 repetere
1131 538 1293 582 poterat.
1353 532 1502 569 Verum

172 598 424 637 Artemidoro
458 606 739 646 recuperatore.
803 596 911 645 Quid
944 596 974 635 si
1008 596 1136 634 minus
1167 595 1341 635 dedisset
1375 603 1504 634 arator

172 676 289 712 quam
330 661 576 711 poposcisset
615 660 846 711 Apronius?
915 660 1112 699 Iudicium
1152 660 1191 698 in
1230 667 1423 699 aratorem
1463 661 1502 697 in

171 727 447 776 quadruplum.
526 727 585 763 Ex
633 738 713 775 quo
757 725 932 764 iudicum
968 726 1162 763 numero?
1237 725 1296 762 Ex
1339 725 1502 763 cohorte

170 791 364 842 praetoria
420 792 618 841 praeclara
675 790 883 829 hominum
941 789 1319 828 honestissimorum.
1391 788 1501 838 Quid

170 856 370 906 amplius?
428 855 564 894 Minus
599 863 636 894 te
668 854 844 905 iugerum
880 856 1099 905 professum
1132 867 1216 892 esse
1251 853 1365 893 dico:
1396 867 1501 893 recu-

171 929 368 970 peratores
401 920 512 967 reice,
548 921 656 970 quod
690 921 878 959 adversus
914 920 1087 959 edictum
1121 919 1267 959 feceris.
1329 921 1388 958 Ex
1421 932 1501 969 quo

172 987 366 1024 numero?
408 986 468 1024 Ex
489 986 628 1024 eadem
650 985 823 1024 cohorte.
864 984 972 1034 Quid
994 985 1064 1024 erit
1086 986 1333 1024 extremum?
1377 983 1417 1023 Si
1438 985 1502 1023 da-

172 1058 328 1089 mnatus
343 1049 426 1097 eris,
446 1058 564 1100 atque
579 1051 681 1089 adeo
703 1064 793 1089 cum
815 1051 1024 1089 damnatus
1047 1050 1283 1097 eris,—nam
1305 1048 1501 1088 dubitatio

171 1114 437 1153 damnationis
458 1113 532 1153 illis
560 1114 898 1164 recuperatoribus
921 1127 1021 1164 quae
1042 1122 1193 1164 poterat
1215 1127 1300 1153 esse
1314 1113 1500 1163 ?—virgis

171 1188 208 1218 te
237 1181 289 1218 ad
319 1192 458 1218 necem
480 1178 591 1218 caedi
613 1192 774 1218 necesse
795 1179 875 1218 erit.
938 1179 1013 1217 His
1035 1179 1195 1229 legibus,
1221 1179 1280 1217 his
1302 1178 1501 1218 condicio-

170 1244 287 1283 nibus
315 1243 385 1282 erit
413 1243 622 1294 quisquam
649 1252 728 1282 tam
751 1245 890 1282 stultus
921 1243 987 1293 qui
1012 1245 1199 1282 decumas
1230 1243 1383 1282 venisse
1403 1243 1501 1281 arbi-

170 1316 299 1355 tretur,
324 1308 391 1358 qui
407 1308 547 1347 aratori
564 1321 707 1347 novem
728 1308 846 1359 partis
863 1307 1031 1358 reliquas
1053 1309 1174 1346 factas
1190 1321 1274 1347 esse
1291 1308 1497 1354 existimet,

170 1373 235 1423 qui
257 1387 338 1412 non
359 1374 558 1423 intellegat
588 1372 706 1411 istum
736 1373 810 1412 sibi
838 1372 1016 1423 quaestui
1040 1374 1288 1423 praedaeque
1315 1372 1499 1412 habuisse

171 1439 275 1476 bona
302 1438 571 1489 possessiones
598 1439 853 1488 fortunasque
878 1440 1105 1477 aratorum?
1163 1437 1369 1489 Virgarum
1391 1446 1498 1476 metu

169 1502 432 1553 Agyrinenses
448 1504 556 1553 quod
570 1502 804 1553 imperatum
825 1510 926 1541 esset
947 1504 1116 1542 facturos
1138 1517 1178 1543 se
1199 1517 1284 1543 esse
1305 1503 1496 1542 dixerunt.

224 1567 405 1617 Accipite
435 1580 541 1606 nunc
562 1567 659 1618 quid
689 1566 897 1617 imperarit,
922 1575 959 1606 et
988 1567 1243 1615 dissimulate,
1269 1568 1297 1607 si
1321 1567 1495 1618 potestis,

170 1645 238 1670 vos
269 1632 493 1683 intellegere
523 1632 652 1682 ipsum
679 1640 910 1683 praetorem,
934 1631 974 1671 id
1006 1635 1113 1683 quod
1145 1641 1227 1672 tota
1257 1632 1388 1672 Sicilia
1418 1645 1500 1682 per-

171 1697 305 1746 spexit,
348 1698 639 1748 redemptorem
686 1697 942 1735 decumarum
982 1706 1100 1747 atque
1149 1699 1252 1737 adeo
1300 1705 1497 1736 aratorum

168 1761 376 1800 dominum
415 1775 461 1800 ac
509 1775 639 1812 regem
682 1761 810 1800 fuisse.
890 1763 1063 1812 Imperat
1104 1763 1414 1814 Agyrinensibus
1454 1770 1496 1801 ut

168 1827 356 1865 decumas
386 1825 458 1876 ipsi
489 1825 647 1876 publice
676 1825 884 1876 accipiant,
908 1827 1088 1877 Apronio
1116 1829 1268 1867 lucrum
1290 1829 1395 1867 dent.
1457 1827 1497 1866 Si

169 1902 312 1940 magno
343 1898 502 1938 emerat,
539 1890 727 1941 quoniam
766 1900 807 1929 tu
846 1904 887 1930 es
927 1892 993 1941 qui
1038 1892 1335 1943 diligentissime
1375 1891 1498 1942 pretia

167 1954 379 2005 exquisisti,
415 1954 493 2005 qui,
535 1963 577 1994 ut
615 1955 681 2003 ais,
725 1969 868 2006 magno
903 1956 1127 2005 vendidisti,
1170 1971 1289 2008 quare
1329 1957 1496 2007 putabas

211 2068 240 2096 3,
259 2069 277 2096 4
303 2058 466 2089 edixisset
487 2058 520 2088 V
611 2069 630 2098 5
656 2059 764 2090 Etiam
782 2060 915 2098 quando
936 2070 1024 2099 mag.
1047 2060 1097 2090 V:
1127 2060 1245 2092 Etiam.
1282 2059 1358 2100 Quo
1376 2060 1497 2092 modo?

170 2101 320 2139 Magistr.
336 2106 360 2140 p
378 2101 443 2132 rell'.
469 2101 518 2142 (cf.
540 2102 585 2141 iii,
605 2105 620 2140 ξ
639 2104 674 2142 3)
812 2103 907 2134 istius
929 2103 1005 2134 VcO
1022 2115 1030 2134 ε
1056 2105 1195 2144 ipsiusp
1213 2103 1279 2135 rell.
1408 2105 1429 2134 6
1452 2103 1498 2134 At

167 2150 278 2174 arator
300 2145 378 2176 VO:
405 2145 446 2175 ab
463 2151 596 2177 aratore
614 2151 730 2185 petere
742 2151 767 2186 p
785 2146 851 2177 rell.
922 2151 1056 2186 poterat
1073 2153 1206 2187 poterat
1223 2157 1303 2178 vero
1326 2147 1357 2177 V
1479 2157 1496 2186 7

168 2188 315 2218 dedisset
336 2189 439 2228 (edid.
463 2188 507 2228 O>
527 2194 639 2220 arator
661 2189 740 2220 VO:
766 2194 878 2221 arator
895 2190 1083 2230 dedissetp
1099 2191 1165 2221 rell.
1335 2201 1371 2229 14
1396 2194 1497 2230 atque

168 2231 253 2261 adeo
270 2241 344 2261 cum
363 2232 539 2263 damnatus
557 2233 624 2263 eris
647 2233 693 2262 V:
719 2244 785 2265 om.
799 2238 824 2273 p
840 2233 906 2264 rell.
1014 2243 1056 2265 20
1081 2233 1297 2274 fortunasque
1317 2233 1347 2265 Ο
1363 2245 1368 2264 :
1395 2234 1496 2264 fortu-

169 2284 230 2304 nas
248 2273 312 2305 rell.
466 2284 506 2313 23
533 2276 565 2305 id
582 2277 669 2314 quod
687 2300 693 2305 .
713 2299 720 2306 .
741 2301 747 2307 .
768 2276 941 2316 perspexit
961 2276 990 2308 O
1007 2288 1013 2307 :
1039 2282 1069 2307 et
1088 2278 1178 2316 quod
1196 2301 1203 2309 .
1225 2301 1232 2309 .
1255 2301 1261 2310 .
1280 2277 1497 2317 perspexerit

163 2322 188 2356 p
205 2316 271 2348 rell.
409 2327 447 2355 27
474 2319 583 2357 pretia
601 2319 691 2358 dilig.
714 2318 744 2349 O

1524 480 1540 511 5

1524 805 1563 828 10

1521 1453 1560 1475 20

1519 1776 1600 1809 25¹
