<?xml version="1.0" encoding="UTF-8"?>
<!DOCTYPE html PUBLIC "-//W3C//DTD XHTML 1.0 Transitional//EN"
    "http://www.w3.org/TR/xhtml1/DTD/xhtml1-transitional.dtd">
<html xmlns="http://www.w3.org/1999/xhtml" xml:lang="en" lang="en">
 <head>
  <title>
</title>
<meta http-equiv="Content-Type" content="text/html;charset=utf-8" />
  <meta name='ocr-system' content='tesseract 3.04.00' />
  <meta name='ocr-capabilities' content='ocr_page ocr_carea ocr_par ocr_line ocrx_word'/>
</head>
<body>
  <div class='ocr_page' id='page_1' title='image "./orationesrecogno02ciceuoft_0070.png"; bbox 0 0 1600 2704; ppageno 0'>
   <div class='ocr_carea' id='block_1_1' title="bbox 480 84 1075 148">
    <p class='ocr_par' dir='ltr' id='par_1_1' title="bbox 480 84 1075 148">
     <span class='ocr_line' id='line_1_1' title="bbox 480 84 1075 148; baseline -0.045 0"><span class='ocrx_word' id='word_1_1' title='bbox 480 110 537 148; x_wconf 89' lang='lat' dir='ltr'>M.</span> <span class='ocrx_word' id='word_1_2' title='bbox 569 100 737 144; x_wconf 86' lang='lat' dir='ltr'>TVLLI</span> <span class='ocrx_word' id='word_1_3' title='bbox 769 84 1075 136; x_wconf 86' lang='lat' dir='ltr'>CICERONIS</span> 
     </span>
    </p>
   </div>
   <div class='ocr_carea' id='block_1_2' title="bbox 723 179 1444 255">
    <p class='ocr_par' dir='ltr' id='par_1_2' title="bbox 723 179 1444 255">
     <span class='ocr_line' id='line_1_2' title="bbox 723 179 1444 255; baseline -0.043 -9"><span class='ocrx_word' id='word_1_4' title='bbox 723 208 729 214; x_wconf 93' lang='grc'><em>“</em></span> <span class='ocrx_word' id='word_1_5' title='bbox 795 205 957 255; x_wconf 87' lang='lat' dir='ltr'>planum</span> <span class='ocrx_word' id='word_1_6' title='bbox 978 197 1105 234; x_wconf 86' lang='lat' dir='ltr'>facere</span> <span class='ocrx_word' id='word_1_7' title='bbox 1125 185 1258 228; x_wconf 87' lang='lat' dir='ltr'>multis</span> <span class='ocrx_word' id='word_1_8' title='bbox 1278 179 1444 222; x_wconf 88' lang='lat' dir='ltr'>testibus</span> 
     </span>
    </p>
   </div>
   <div class='ocr_carea' id='block_1_3' title="bbox 114 244 1447 353">
    <p class='ocr_par' dir='ltr' id='par_1_3' title="bbox 114 244 1447 353">
     <span class='ocr_line' id='line_1_3' title="bbox 114 244 1447 353; baseline -0.047 -12"><span class='ocrx_word' id='word_1_9' title='bbox 114 298 262 353; x_wconf 88' lang='lat' dir='ltr'>possim</span> <span class='ocrx_word' id='word_1_10' title='bbox 276 295 323 333; x_wconf 89' lang='lat' dir='ltr'>C.</span> <span class='ocrx_word' id='word_1_11' title='bbox 339 292 503 328; x_wconf 82' lang='lat' dir='ltr'>Verrem</span> <span class='ocrx_word' id='word_1_12' title='bbox 527 282 567 320; x_wconf 87' lang='lat' dir='ltr'>in</span> <span class='ocrx_word' id='word_1_13' title='bbox 589 275 719 318; x_wconf 80' lang='lat' dir='ltr'>Sicilia</span> <span class='ocrx_word' id='word_1_14' title='bbox 739 267 872 310; x_wconf 89' lang='lat' dir='ltr'>multis</span> <span class='ocrx_word' id='word_1_15' title='bbox 893 257 1145 304; x_wconf 81' lang='lat' dir='ltr'>audientibus</span> <span class='ocrx_word' id='word_1_16' title='bbox 1166 262 1283 301; x_wconf 83' lang='lat' dir='ltr'>saepe</span> <span class='ocrx_word' id='word_1_17' title='bbox 1303 244 1447 285; x_wconf 84' lang='lat' dir='ltr'>dixisse</span> 
     </span>
    </p>
   </div>
   <div class='ocr_carea' id='block_1_4' title="bbox 117 309 1450 406">
    <p class='ocr_par' dir='ltr' id='par_1_4' title="bbox 117 309 1450 406">
     <span class='ocr_line' id='line_1_4' title="bbox 117 309 1450 406; baseline -0.047 1"><span class='ocrx_word' id='word_1_18' title='bbox 117 381 159 406; x_wconf 93' lang='lat' dir='ltr'>se</span> <span class='ocrx_word' id='word_1_19' title='bbox 195 363 341 402; x_wconf 86' lang='lat' dir='ltr'>habere</span> <span class='ocrx_word' id='word_1_20' title='bbox 382 350 585 393; x_wconf 86' lang='lat' dir='ltr'>hominem</span> <span class='ocrx_word' id='word_1_21' title='bbox 629 345 834 392; x_wconf 86' lang='lat' dir='ltr'>potentem</span> <span class='ocrx_word' id='word_1_22' title='bbox 873 329 984 370; x_wconf 90' lang='lat' dir='ltr'>cuius</span> <span class='ocrx_word' id='word_1_23' title='bbox 1023 319 1170 362; x_wconf 88' lang='lat' dir='ltr'>fiducia</span> <span class='ocrx_word' id='word_1_24' title='bbox 1207 309 1450 366; x_wconf 89' lang='lat' dir='ltr'>provinciam</span> 
     </span>
    </p>
   </div>
   <div class='ocr_carea' id='block_1_5' title="bbox 120 375 1451 482">
    <p class='ocr_par' dir='ltr' id='par_1_5' title="bbox 120 375 1451 482">
     <span class='ocr_line' id='line_1_5' title="bbox 120 375 1451 482; baseline -0.047 -11"><span class='ocrx_word' id='word_1_25' title='bbox 120 429 306 482; x_wconf 86' lang='lat' dir='ltr'>spoliaret</span> <span class='ocrx_word' id='word_1_26' title='bbox 319 438 328 471; x_wconf 79' lang='lat'>3</span> <span class='ocrx_word' id='word_1_27' title='bbox 357 429 487 469; x_wconf 88' lang='lat' dir='ltr'>neque</span> <span class='ocrx_word' id='word_1_28' title='bbox 511 411 585 452; x_wconf 84' lang='lat' dir='ltr'>sibi</span> <span class='ocrx_word' id='word_1_29' title='bbox 613 406 686 447; x_wconf 89' lang='lat' dir='ltr'>soli</span> <span class='ocrx_word' id='word_1_30' title='bbox 715 398 924 454; x_wconf 90' lang='lat' dir='ltr'>pecuniam</span> <span class='ocrx_word' id='word_1_31' title='bbox 947 399 1142 442; x_wconf 82' lang='lat' dir='ltr'>quaerere,</span> <span class='ocrx_word' id='word_1_32' title='bbox 1166 382 1236 421; x_wconf 91' lang='lat' dir='ltr'>sed</span> <span class='ocrx_word' id='word_1_33' title='bbox 1263 379 1317 417; x_wconf 87' lang='lat' dir='ltr'>ita</span> <span class='ocrx_word' id='word_1_34' title='bbox 1339 375 1451 414; x_wconf 87' lang='lat' dir='ltr'>trien-</span> 
     </span>
    </p>
   </div>
   <div class='ocr_carea' id='block_1_6' title="bbox 122 443 1492 535">
    <p class='ocr_par' dir='ltr' id='par_1_6' title="bbox 122 443 1492 535">
     <span class='ocr_line' id='line_1_6' title="bbox 122 443 1492 535; baseline -0.047 1"><span class='ocrx_word' id='word_1_35' title='bbox 122 496 233 535; x_wconf 85' lang='lat' dir='ltr'>nium</span> <span class='ocrx_word' id='word_1_36' title='bbox 280 487 377 528; x_wconf 88' lang='lat' dir='ltr'>illud</span> <span class='ocrx_word' id='word_1_37' title='bbox 421 486 623 533; x_wconf 87' lang='lat' dir='ltr'>praeturae</span> <span class='ocrx_word' id='word_1_38' title='bbox 672 462 883 509; x_wconf 82' lang='lat' dir='ltr'>Siciliensis</span> <span class='ocrx_word' id='word_1_39' title='bbox 926 453 1178 497; x_wconf 85' lang='lat' dir='ltr'>distributum</span> <span class='ocrx_word' id='word_1_40' title='bbox 1221 443 1367 482; x_wconf 88' lang='lat' dir='ltr'>habere</span> <span class='ocrx_word' id='word_1_41' title='bbox 1412 445 1455 476; x_wconf 93' lang='lat' dir='ltr'>ut</span> <span class='ocrx_word' id='word_1_42' title='bbox 1476 451 1492 482; x_wconf 84' lang='lat'>5</span> 
     </span>
    </p>
   </div>
   <div class='ocr_carea' id='block_1_7' title="bbox 208 666 1466 769">
    <p class='ocr_par' dir='ltr' id='par_1_7' title="bbox 208 666 1466 769">
     <span class='ocr_line' id='line_1_7' title="bbox 208 666 915 725; baseline -0.047 0"><span class='ocrx_word' id='word_1_43' title='bbox 208 687 287 725; x_wconf 88' lang='lat' dir='ltr'>ium</span> <span class='ocrx_word' id='word_1_44' title='bbox 334 682 445 719; x_wconf 86' lang='lat' dir='ltr'>illum</span> <span class='ocrx_word' id='word_1_45' title='bbox 503 666 744 710; x_wconf 89' lang='lat' dir='ltr'>uberrimum</span> <span class='ocrx_word' id='word_1_46' title='bbox 794 667 915 708; x_wconf 87' lang='lat' dir='ltr'>quaes</span> 
     </span>
     <span class='ocr_line' id='line_1_8' title="bbox 782 704 1466 769; baseline -0.044 -6"><span class='ocrx_word' id='word_1_47' title='bbox 782 725 842 763; x_wconf 85' lang='lat' dir='ltr'>Ex</span> <span class='ocrx_word' id='word_1_48' title='bbox 862 730 942 769; x_wconf 92' lang='lat' dir='ltr'>quo</span> <span class='ocrx_word' id='word_1_49' title='bbox 973 711 1070 753; x_wconf 87' lang='lat' dir='ltr'>mihi</span> <span class='ocrx_word' id='word_1_50' title='bbox 1089 706 1196 747; x_wconf 85' lang='lat' dir='ltr'>venit</span> <span class='ocrx_word' id='word_1_51' title='bbox 1224 704 1265 741; x_wconf 86' lang='lat' dir='ltr'>in</span> <span class='ocrx_word' id='word_1_52' title='bbox 1292 705 1466 739; x_wconf 86' lang='lat' dir='ltr'>mentem</span> 
     </span>
    </p>
   </div>
   <div class='ocr_carea' id='block_1_8' title="bbox 135 759 1529 923">
    <p class='ocr_par' dir='ltr' id='par_1_8' title="bbox 135 759 1529 923">
     <span class='ocr_line' id='line_1_9' title="bbox 135 759 1529 858; baseline -0.046 1"><span class='ocrx_word' id='word_1_53' title='bbox 135 818 233 858; x_wconf 89' lang='lat' dir='ltr'>illud</span> <span class='ocrx_word' id='word_1_54' title='bbox 266 813 408 854; x_wconf 85' lang='lat' dir='ltr'>dicere,</span> <span class='ocrx_word' id='word_1_55' title='bbox 445 801 555 854; x_wconf 90' lang='lat' dir='ltr'>quod</span> <span class='ocrx_word' id='word_1_56' title='bbox 592 794 699 846; x_wconf 85' lang='lat' dir='ltr'>apud</span> <span class='ocrx_word' id='word_1_57' title='bbox 738 790 805 829; x_wconf 85' lang='lat' dir='ltr'>M&#39;.</span> <span class='ocrx_word' id='word_1_58' title='bbox 845 779 1101 824; x_wconf 81' lang='lat' dir='ltr'>Glabrionem</span> <span class='ocrx_word' id='word_1_59' title='bbox 1140 781 1265 821; x_wconf 86' lang='lat' dir='ltr'>nuper</span> <span class='ocrx_word' id='word_1_60' title='bbox 1298 776 1390 803; x_wconf 91' lang='lat' dir='ltr'>cum</span> <span class='ocrx_word' id='word_1_61' title='bbox 1427 759 1470 798; x_wconf 91' lang='lat' dir='ltr'>in</span> <span class='ocrx_word' id='word_1_62' title='bbox 1491 775 1529 798; x_wconf 87' lang='lat'>10</span> 
     </span>
     <span class='ocr_line' id='line_1_10' title="bbox 138 833 1472 923; baseline -0.047 1"><span class='ocrx_word' id='word_1_63' title='bbox 138 877 348 923; x_wconf 87' lang='lat' dir='ltr'>reiciundis</span> <span class='ocrx_word' id='word_1_64' title='bbox 377 869 574 912; x_wconf 89' lang='lat' dir='ltr'>iudicibus</span> <span class='ocrx_word' id='word_1_65' title='bbox 611 858 984 901; x_wconf 83' lang='lat' dir='ltr'>commemorassem</span> <span class='ocrx_word' id='word_1_66' title='bbox 1018 835 1190 880; x_wconf 84' lang='lat' dir='ltr'>intellexi</span> <span class='ocrx_word' id='word_1_67' title='bbox 1219 833 1472 872; x_wconf 87' lang='lat' dir='ltr'>vehementer</span> 
     </span>
    </p>
   </div>
   <div class='ocr_carea' id='block_1_9' title="bbox 141 890 1540 1383">
    <p class='ocr_par' dir='ltr' id='par_1_9' title="bbox 141 890 1540 1383">
     <span class='ocr_line' id='line_1_11' title="bbox 141 890 1475 1001; baseline -0.046 -12"><span class='ocrx_word' id='word_1_68' title='bbox 141 947 332 1001; x_wconf 89' lang='lat' dir='ltr'>populum</span> <span class='ocrx_word' id='word_1_69' title='bbox 384 940 614 977; x_wconf 87' lang='lat' dir='ltr'>Romanum</span> <span class='ocrx_word' id='word_1_70' title='bbox 663 915 914 966; x_wconf 86' lang='lat' dir='ltr'>commoveri,</span> <span class='ocrx_word' id='word_1_71' title='bbox 955 923 1019 950; x_wconf 91' lang='lat' dir='ltr'>me</span> <span class='ocrx_word' id='word_1_72' title='bbox 1066 900 1241 945; x_wconf 90' lang='lat' dir='ltr'>arbitrari</span> <span class='ocrx_word' id='word_1_73' title='bbox 1288 899 1371 935; x_wconf 84' lang='lat' dir='ltr'>fore</span> <span class='ocrx_word' id='word_1_74' title='bbox 1417 890 1475 930; x_wconf 87' lang='lat' dir='ltr'>uti</span> 
     </span>
     <span class='ocr_line' id='line_1_12' title="bbox 146 962 1474 1056; baseline -0.047 0"><span class='ocrx_word' id='word_1_75' title='bbox 146 1015 324 1056; x_wconf 88' lang='lat' dir='ltr'>nationes</span> <span class='ocrx_word' id='word_1_76' title='bbox 352 1014 504 1047; x_wconf 85' lang='lat' dir='ltr'>exterae</span> <span class='ocrx_word' id='word_1_77' title='bbox 534 1002 683 1049; x_wconf 80' lang='lat' dir='ltr'>legatos</span> <span class='ocrx_word' id='word_1_78' title='bbox 710 991 760 1029; x_wconf 91' lang='lat' dir='ltr'>ad</span> <span class='ocrx_word' id='word_1_79' title='bbox 787 983 978 1037; x_wconf 89' lang='lat' dir='ltr'>populum</span> <span class='ocrx_word' id='word_1_80' title='bbox 1007 977 1236 1014; x_wconf 89' lang='lat' dir='ltr'>Romanurn</span> <span class='ocrx_word' id='word_1_81' title='bbox 1263 962 1474 1003; x_wconf 86' lang='lat' dir='ltr'>mitterent,</span> 
     </span>
     <span class='ocr_line' id='line_1_13' title="bbox 147 1020 1479 1121; baseline -0.047 0"><span class='ocrx_word' id='word_1_82' title='bbox 147 1090 189 1120; x_wconf 89' lang='lat' dir='ltr'>ut</span> <span class='ocrx_word' id='word_1_83' title='bbox 219 1081 280 1117; x_wconf 90' lang='lat' dir='ltr'>lex</span> <span class='ocrx_word' id='word_1_84' title='bbox 314 1075 364 1113; x_wconf 90' lang='lat' dir='ltr'>de</span> <span class='ocrx_word' id='word_1_85' title='bbox 397 1064 574 1121; x_wconf 87' lang='lat' dir='ltr'>pecuniis</span> <span class='ocrx_word' id='word_1_86' title='bbox 610 1050 837 1109; x_wconf 87' lang='lat' dir='ltr'>repetundis</span> <span class='ocrx_word' id='word_1_87' title='bbox 872 1042 1142 1087; x_wconf 87' lang='lat' dir='ltr'>iudiciumque</span> <span class='ocrx_word' id='word_1_88' title='bbox 1180 1031 1407 1072; x_wconf 83' lang='lat' dir='ltr'>tolleretur3</span> <span class='ocrx_word' id='word_1_89' title='bbox 1446 1020 1479 1060; x_wconf 90' lang='lat' dir='ltr'>si</span> 
     </span>
     <span class='ocr_line' id='line_1_14' title="bbox 150 1093 1540 1186; baseline -0.047 0"><span class='ocrx_word' id='word_1_90' title='bbox 150 1145 256 1186; x_wconf 88' lang='lat' dir='ltr'>enim</span> <span class='ocrx_word' id='word_1_91' title='bbox 286 1135 431 1179; x_wconf 89' lang='lat' dir='ltr'>iudicia</span> <span class='ocrx_word' id='word_1_92' title='bbox 457 1131 564 1171; x_wconf 90' lang='lat' dir='ltr'>nulla</span> <span class='ocrx_word' id='word_1_93' title='bbox 592 1125 680 1170; x_wconf 89' lang='lat' dir='ltr'>sint,</span> <span class='ocrx_word' id='word_1_94' title='bbox 701 1125 855 1159; x_wconf 89' lang='lat' dir='ltr'>tantum</span> <span class='ocrx_word' id='word_1_95' title='bbox 885 1120 1009 1149; x_wconf 88' lang='lat' dir='ltr'>unum</span> <span class='ocrx_word' id='word_1_96' title='bbox 1032 1110 1231 1154; x_wconf 86' lang='lat' dir='ltr'>quemque</span> <span class='ocrx_word' id='word_1_97' title='bbox 1258 1093 1480 1133; x_wconf 89' lang='lat' dir='ltr'>ablaturum</span> <span class='ocrx_word' id='word_1_98' title='bbox 1503 1099 1540 1132; x_wconf 87' lang='lat'>15</span> 
     </span>
     <span class='ocr_line' id='line_1_15' title="bbox 321 1156 1486 1253; baseline -0.047 -10"><span class='ocrx_word' id='word_1_99' title='bbox 321 1206 513 1253; x_wconf 88' lang='lat' dir='ltr'>quantum</span> <span class='ocrx_word' id='word_1_100' title='bbox 549 1190 623 1231; x_wconf 86' lang='lat' dir='ltr'>sibi</span> <span class='ocrx_word' id='word_1_101' title='bbox 658 1199 704 1226; x_wconf 90' lang='lat' dir='ltr'>ac</span> <span class='ocrx_word' id='word_1_102' title='bbox 736 1178 867 1221; x_wconf 87' lang='lat' dir='ltr'>liberis</span> <span class='ocrx_word' id='word_1_103' title='bbox 902 1173 981 1213; x_wconf 91' lang='lat' dir='ltr'>suis</span> <span class='ocrx_word' id='word_1_104' title='bbox 1016 1167 1108 1208; x_wconf 90' lang='lat' dir='ltr'>satis</span> <span class='ocrx_word' id='word_1_105' title='bbox 1141 1175 1225 1203; x_wconf 88' lang='lat' dir='ltr'>esse</span> <span class='ocrx_word' id='word_1_106' title='bbox 1254 1156 1486 1198; x_wconf 80' lang='lat' dir='ltr'>arbitretur3</span> 
     </span>
     <span class='ocr_line' id='line_1_16' title="bbox 155 1228 1487 1320; baseline -0.048 -4"><span class='ocrx_word' id='word_1_107' title='bbox 155 1272 272 1319; x_wconf 90' lang='lat' dir='ltr'>nunc,</span> <span class='ocrx_word' id='word_1_108' title='bbox 295 1267 403 1320; x_wconf 90' lang='lat' dir='ltr'>quod</span> <span class='ocrx_word' id='word_1_109' title='bbox 432 1263 515 1303; x_wconf 89' lang='lat' dir='ltr'>eius</span> <span class='ocrx_word' id='word_1_110' title='bbox 545 1254 653 1297; x_wconf 91' lang='lat' dir='ltr'>modi</span> <span class='ocrx_word' id='word_1_111' title='bbox 683 1246 829 1290; x_wconf 88' lang='lat' dir='ltr'>iudicia</span> <span class='ocrx_word' id='word_1_112' title='bbox 853 1242 941 1286; x_wconf 87' lang='lat' dir='ltr'>sint,</span> <span class='ocrx_word' id='word_1_113' title='bbox 965 1243 1118 1275; x_wconf 86' lang='lat' dir='ltr'>tantum</span> <span class='ocrx_word' id='word_1_114' title='bbox 1142 1239 1266 1268; x_wconf 84' lang='lat' dir='ltr'>unum</span> <span class='ocrx_word' id='word_1_115' title='bbox 1288 1228 1487 1273; x_wconf 87' lang='lat' dir='ltr'>quemque</span> 
     </span>
     <span class='ocr_line' id='line_1_17' title="bbox 157 1282 1490 1383; baseline -0.047 -3"><span class='ocrx_word' id='word_1_116' title='bbox 157 1341 306 1380; x_wconf 88' lang='lat' dir='ltr'>auferre</span> <span class='ocrx_word' id='word_1_117' title='bbox 327 1336 518 1383; x_wconf 89' lang='lat' dir='ltr'>quantum</span> <span class='ocrx_word' id='word_1_118' title='bbox 542 1320 627 1367; x_wconf 87' lang='lat' dir='ltr'>sibi,</span> <span class='ocrx_word' id='word_1_119' title='bbox 650 1311 835 1369; x_wconf 83' lang='lat' dir='ltr'>patronis,</span> <span class='ocrx_word' id='word_1_120' title='bbox 859 1300 1072 1346; x_wconf 88' lang='lat' dir='ltr'>advocatis,</span> <span class='ocrx_word' id='word_1_121' title='bbox 1095 1289 1273 1346; x_wconf 89' lang='lat' dir='ltr'>praetori,</span> <span class='ocrx_word' id='word_1_122' title='bbox 1292 1282 1490 1325; x_wconf 82' lang='lat' dir='ltr'>iudicibus</span> 
     </span>
    </p>
   </div>
   <div class='ocr_carea' id='block_1_10' title="bbox 73 697 722 803">
    <p class='ocr_par' dir='ltr' id='par_1_10' title="bbox 73 697 722 803">
     <span class='ocr_line' id='line_1_18' title="bbox 131 697 204 728; baseline -0.041 0"><span class='ocrx_word' id='word_1_123' title='bbox 131 697 204 728; x_wconf 74' lang='lat' dir='ltr'>tert</span> 
     </span>
     <span class='ocr_line' id='line_1_19' title="bbox 73 736 722 803; baseline -0.049 -6"><span class='ocrx_word' id='word_1_124' title='bbox 73 771 112 803; x_wconf 88' lang='lat'>41</span> <span class='ocrx_word' id='word_1_125' title='bbox 134 762 260 794; x_wconf 87' lang='lat' dir='ltr'>totum</span> <span class='ocrx_word' id='word_1_126' title='bbox 281 744 477 787; x_wconf 90' lang='lat' dir='ltr'>iudicibus</span> <span class='ocrx_word' id='word_1_127' title='bbox 500 736 722 775; x_wconf 83' lang='lat' dir='ltr'>reservaret.</span> 
     </span>
    </p>
   </div>
   <div class='ocr_carea' id='block_1_11' title="bbox 104 1540 878 1899">
    <p class='ocr_par' dir='ltr' id='par_1_11' title="bbox 104 1540 878 1899">
     <span class='ocr_line' id='line_1_20' title="bbox 104 1540 391 1588; baseline -0.052 -9"><span class='ocrx_word' id='word_1_128' title='bbox 104 1557 143 1588; x_wconf 88' lang='lat'>42</span> <span class='ocrx_word' id='word_1_129' title='bbox 164 1547 245 1574; x_wconf 89' lang='lat' dir='ltr'>non</span> <span class='ocrx_word' id='word_1_130' title='bbox 265 1540 391 1582; x_wconf 87' lang='lat' dir='ltr'>posse.</span> 
     </span>
     <span class='ocr_line' id='line_1_21' title="bbox 167 1597 465 1638; baseline -0.044 1"><span class='ocrx_word' id='word_1_131' title='bbox 167 1597 382 1638; x_wconf 87' lang='lat' dir='ltr'>mationem</span> <span class='ocrx_word' id='word_1_132' title='bbox 411 1601 465 1627; x_wconf 89' lang='lat' dir='ltr'>no</span> 
     </span>
     <span class='ocr_line' id='line_1_22' title="bbox 169 1656 652 1713; baseline -0.05 -8"><span class='ocrx_word' id='word_1_133' title='bbox 169 1666 219 1704; x_wconf 89' lang='lat' dir='ltr'>de</span> <span class='ocrx_word' id='word_1_134' title='bbox 239 1656 415 1713; x_wconf 90' lang='lat' dir='ltr'>pecuniis</span> <span class='ocrx_word' id='word_1_135' title='bbox 435 1657 571 1703; x_wconf 89' lang='lat' dir='ltr'>repetu</span> <span class='ocrx_word' id='word_1_136' title='bbox 647 1675 652 1681; x_wconf 84' lang='lat'><em>.</em></span> 
     </span>
     <span class='ocr_line' id='line_1_23' title="bbox 172 1721 703 1769; baseline -0.045 0"><span class='ocrx_word' id='word_1_137' title='bbox 172 1728 367 1769; x_wconf 89' lang='lat' dir='ltr'>sociorum</span> <span class='ocrx_word' id='word_1_138' title='bbox 398 1730 515 1760; x_wconf 88' lang='lat' dir='ltr'>causa</span> <span class='ocrx_word' id='word_1_139' title='bbox 543 1721 703 1760; x_wconf 92' lang='lat' dir='ltr'>compar</span> 
     </span>
     <span class='ocr_line' id='line_1_24' title="bbox 174 1768 797 1837; baseline -0.047 -2"><span class='ocrx_word' id='word_1_140' title='bbox 174 1797 321 1834; x_wconf 84' lang='lat' dir='ltr'>bonam</span> <span class='ocrx_word' id='word_1_141' title='bbox 360 1798 470 1837; x_wconf 87' lang='lat' dir='ltr'>spem</span> <span class='ocrx_word' id='word_1_142' title='bbox 505 1776 721 1820; x_wconf 85' lang='lat' dir='ltr'>habuisset,</span> <span class='ocrx_word' id='word_1_143' title='bbox 757 1768 797 1807; x_wconf 88' lang='lat' dir='ltr'>ni</span> 
     </span>
     <span class='ocr_line' id='line_1_25' title="bbox 177 1831 878 1899; baseline -0.046 0"><span class='ocrx_word' id='word_1_144' title='bbox 177 1858 310 1899; x_wconf 86' lang='lat' dir='ltr'>animo</span> <span class='ocrx_word' id='word_1_145' title='bbox 330 1845 578 1892; x_wconf 83' lang='lat' dir='ltr'>imbibisset?</span> <span class='ocrx_word' id='word_1_146' title='bbox 640 1841 733 1888; x_wconf 86' lang='lat' dir='ltr'>Quo</span> <span class='ocrx_word' id='word_1_147' title='bbox 755 1831 878 1872; x_wconf 88' lang='lat' dir='ltr'>maior</span> 
     </span>
    </p>
   </div>
   <div class='ocr_carea' id='block_1_12' title="bbox 180 1888 1097 2015">
    <p class='ocr_par' dir='ltr' id='par_1_12' title="bbox 180 1888 1097 2015">
     <span class='ocr_line' id='line_1_26' title="bbox 180 1888 1012 1963; baseline -0.047 1"><span class='ocrx_word' id='word_1_148' title='bbox 180 1937 249 1963; x_wconf 85' lang='lat' dir='ltr'>vos</span> <span class='ocrx_word' id='word_1_149' title='bbox 279 1918 374 1959; x_wconf 90' lang='lat' dir='ltr'>odio</span> <span class='ocrx_word' id='word_1_150' title='bbox 402 1925 487 1953; x_wconf 90' lang='lat' dir='ltr'>esse</span> <span class='ocrx_word' id='word_1_151' title='bbox 518 1908 637 1948; x_wconf 89' lang='lat' dir='ltr'>debet</span> <span class='ocrx_word' id='word_1_152' title='bbox 670 1911 789 1952; x_wconf 89' lang='lat' dir='ltr'>quam</span> <span class='ocrx_word' id='word_1_153' title='bbox 819 1901 877 1933; x_wconf 85' lang='lat' dir='ltr'>est</span> <span class='ocrx_word' id='word_1_154' title='bbox 905 1888 1012 1941; x_wconf 91' lang='lat' dir='ltr'>apud</span> 
     </span>
     <span class='ocr_line' id='line_1_27' title="bbox 758 1958 1097 2015; baseline -0.05 -12"><span class='ocrx_word' id='word_1_155' title='bbox 758 1958 927 2015; x_wconf 89' lang='lat' dir='ltr'>periurio</span> <span class='ocrx_word' id='word_1_156' title='bbox 953 1965 1022 1993; x_wconf 82' lang='lat' dir='ltr'>vos</span> <span class='ocrx_word' id='word_1_157' title='bbox 1052 1962 1097 1988; x_wconf 93' lang='lat' dir='ltr'>su</span> 
     </span>
    </p>
   </div>
   <div class='ocr_carea' id='block_1_13' title="bbox 801 1739 1565 1805">
    <p class='ocr_par' dir='ltr' id='par_1_13' title="bbox 801 1739 1565 1805">
     <span class='ocr_line' id='line_1_28' title="bbox 801 1739 1565 1805; baseline -0.047 0"><span class='ocrx_word' id='word_1_158' title='bbox 801 1766 832 1805; x_wconf 88' lang='lat' dir='ltr'>si</span> <span class='ocrx_word' id='word_1_159' title='bbox 866 1764 917 1802; x_wconf 91' lang='lat' dir='ltr'>de</span> <span class='ocrx_word' id='word_1_160' title='bbox 949 1755 1062 1797; x_wconf 89' lang='lat' dir='ltr'>vobis</span> <span class='ocrx_word' id='word_1_161' title='bbox 1096 1751 1240 1790; x_wconf 89' lang='lat' dir='ltr'>malam</span> <span class='ocrx_word' id='word_1_162' title='bbox 1275 1739 1506 1793; x_wconf 88' lang='lat' dir='ltr'>opinionem</span> <span class='ocrx_word' id='word_1_163' title='bbox 1527 1746 1565 1779; x_wconf 84' lang='lat'>25</span> 
     </span>
    </p>
   </div>
   <div class='ocr_carea' id='block_1_14' title="bbox 880 1799 1510 1935">
    <p class='ocr_par' dir='ltr' id='par_1_14' title="bbox 880 1799 1510 1935">
     <span class='ocr_line' id='line_1_29' title="bbox 880 1799 1509 1868; baseline -0.046 -2"><span class='ocrx_word' id='word_1_164' title='bbox 880 1841 901 1866; x_wconf 91' lang='lat' dir='ltr'>e</span> <span class='ocrx_word' id='word_1_165' title='bbox 922 1824 1051 1868; x_wconf 90' lang='lat' dir='ltr'>etiam,</span> <span class='ocrx_word' id='word_1_166' title='bbox 1075 1817 1105 1856; x_wconf 93' lang='lat' dir='ltr'>si</span> <span class='ocrx_word' id='word_1_167' title='bbox 1132 1812 1213 1853; x_wconf 87' lang='lat' dir='ltr'>fieri</span> <span class='ocrx_word' id='word_1_168' title='bbox 1239 1813 1380 1861; x_wconf 89' lang='lat' dir='ltr'>potest,</span> <span class='ocrx_word' id='word_1_169' title='bbox 1402 1799 1509 1852; x_wconf 91' lang='lat' dir='ltr'>apud</span> 
     </span>
     <span class='ocr_line' id='line_1_30' title="bbox 1045 1875 1510 1935; baseline -0.049 -12"><span class='ocrx_word' id='word_1_170' title='bbox 1045 1880 1237 1935; x_wconf 90' lang='lat' dir='ltr'>populum</span> <span class='ocrx_word' id='word_1_171' title='bbox 1270 1875 1510 1911; x_wconf 88' lang='lat' dir='ltr'>Romanum,</span> 
     </span>
    </p>
   </div>
   <div class='ocr_carea' id='block_1_15' title="bbox 185 1928 1516 2029">
    <p class='ocr_par' dir='ltr' id='par_1_15' title="bbox 185 1928 1516 2029">
     <span class='ocr_line' id='line_1_31' title="bbox 185 1928 1516 2029; baseline -0.048 1"><span class='ocrx_word' id='word_1_172' title='bbox 185 2002 275 2029; x_wconf 87' lang='lat' dir='ltr'>cum</span> <span class='ocrx_word' id='word_1_173' title='bbox 304 1986 344 2024; x_wconf 87' lang='lat' dir='ltr'>in</span> <span class='ocrx_word' id='word_1_174' title='bbox 373 1977 542 2022; x_wconf 86' lang='lat' dir='ltr'>avaritia,</span> <span class='ocrx_word' id='word_1_175' title='bbox 574 1971 728 2013; x_wconf 84' lang='lat' dir='ltr'>scelere,</span> <span class='ocrx_word' id='word_1_176' title='bbox 1099 1947 1112 1986; x_wconf 93' lang='lat' dir='ltr'>i</span> <span class='ocrx_word' id='word_1_177' title='bbox 1141 1940 1276 1984; x_wconf 89' lang='lat' dir='ltr'>similis</span> <span class='ocrx_word' id='word_1_178' title='bbox 1305 1947 1390 1976; x_wconf 86' lang='lat' dir='ltr'>esse</span> <span class='ocrx_word' id='word_1_179' title='bbox 1418 1928 1516 1970; x_wconf 91' lang='lat' dir='ltr'>arbi-</span> 
     </span>
    </p>
   </div>
   <div class='ocr_carea' id='block_1_16' title="bbox 130 2061 1580 2218">
    <p class='ocr_par' dir='ltr' id='par_1_16' title="bbox 130 2061 1580 2218">
     <span class='ocr_line' id='line_1_32' title="bbox 189 2061 318 2093; baseline -0.054 1"><span class='ocrx_word' id='word_1_180' title='bbox 189 2061 318 2093; x_wconf 88' lang='lat' dir='ltr'>tretur.</span> 
     </span>
     <span class='ocr_line' id='line_1_33' title="bbox 130 2065 1580 2155; baseline -0.049 5"><span class='ocrx_word' id='word_1_181' title='bbox 130 2105 174 2144; x_wconf 79' lang='lat'>¹5</span> <span class='ocrx_word' id='word_1_182' title='bbox 247 2112 322 2153; x_wconf 86' lang='lat' dir='ltr'>Cui</span> <span class='ocrx_word' id='word_1_183' title='bbox 351 2112 452 2153; x_wconf 92' lang='lat' dir='ltr'>loco,</span> <span class='ocrx_word' id='word_1_184' title='bbox 476 2116 544 2155; x_wconf 86' lang='lat' dir='ltr'>per</span> <span class='ocrx_word' id='word_1_185' title='bbox 565 2102 661 2140; x_wconf 91' lang='lat' dir='ltr'>deos</span> <span class='ocrx_word' id='word_1_186' title='bbox 690 2084 932 2133; x_wconf 74' lang='lat' dir='ltr'>immortalis,</span> <span class='ocrx_word' id='word_1_187' title='bbox 957 2077 1118 2122; x_wconf 89' lang='lat' dir='ltr'>iudices,</span> <span class='ocrx_word' id='word_1_188' title='bbox 1141 2065 1333 2111; x_wconf 88' lang='lat' dir='ltr'>consulite</span> <span class='ocrx_word' id='word_1_189' title='bbox 1361 2073 1408 2100; x_wconf 83' lang='lat' dir='ltr'>ac</span> <span class='ocrx_word' id='word_1_190' title='bbox 1435 2067 1522 2107; x_wconf 89' lang='lat' dir='ltr'>pro·</span> <span class='ocrx_word' id='word_1_191' title='bbox 1540 2065 1580 2100; x_wconf 80' lang='lat'>30</span> 
     </span>
     <span class='ocr_line' id='line_1_34' title="bbox 133 2131 1522 2218; baseline -0.048 5"><span class='ocrx_word' id='word_1_192' title='bbox 133 2165 174 2197; x_wconf 74' lang='lat'>⁴3</span> <span class='ocrx_word' id='word_1_193' title='bbox 196 2179 348 2218; x_wconf 73' lang='lat' dir='ltr'>videte!</span> <span class='ocrx_word' id='word_1_194' title='bbox 410 2173 562 2210; x_wconf 88' lang='lat' dir='ltr'>Moneo</span> <span class='ocrx_word' id='word_1_195' title='bbox 601 2158 867 2214; x_wconf 86' lang='lat' dir='ltr'>praedicoque</span> <span class='ocrx_word' id='word_1_196' title='bbox 905 2148 947 2187; x_wconf 93' lang='lat' dir='ltr'>id</span> <span class='ocrx_word' id='word_1_197' title='bbox 985 2141 1093 2195; x_wconf 93' lang='lat' dir='ltr'>quod</span> <span class='ocrx_word' id='word_1_198' title='bbox 1131 2135 1326 2181; x_wconf 83' lang='lat' dir='ltr'>intellego,</span> <span class='ocrx_word' id='word_1_199' title='bbox 1367 2131 1522 2172; x_wconf 89' lang='lat' dir='ltr'>tempus</span> 
     </span>
    </p>
   </div>
   <div class='ocr_carea' id='block_1_17' title="bbox 203 2225 1529 2358">
    <p class='ocr_par' dir='ltr' id='par_1_17' title="bbox 203 2225 1529 2358">
     <span class='ocr_line' id='line_1_35' title="bbox 248 2225 1527 2320; baseline -0.046 -8"><span class='ocrx_word' id='word_1_200' title='bbox 248 2293 259 2312; x_wconf 89' lang='lat'>1</span> <span class='ocrx_word' id='word_1_201' title='bbox 285 2274 481 2320; x_wconf 85' lang='lat' dir='ltr'>praesertim</span> <span class='ocrx_word' id='word_1_202' title='bbox 496 2270 581 2311; x_wconf 65' lang='lat' dir='ltr'>pha:</span> <span class='ocrx_word' id='word_1_203' title='bbox 606 2276 670 2297; x_wconf 78' lang='lat' dir='ltr'>om.</span> <span class='ocrx_word' id='word_1_204' title='bbox 692 2262 754 2293; x_wconf 79' lang='grc' dir='ltr'>ΒΨ</span> <span class='ocrx_word' id='word_1_205' title='bbox 767 2257 805 2291; x_wconf 80' lang='lat' dir='ltr'>ed</span> <span class='ocrx_word' id='word_1_206' title='bbox 828 2281 835 2288; x_wconf 94' lang='lat'>.</span> <span class='ocrx_word' id='word_1_207' title='bbox 915 2264 934 2291; x_wconf 91' lang='lat'>4</span> <span class='ocrx_word' id='word_1_208' title='bbox 960 2244 1166 2286; x_wconf 81' lang='lat' dir='ltr'>exspoliaret</span> <span class='ocrx_word' id='word_1_209' title='bbox 1186 2233 1293 2275; x_wconf 76' lang='lat' dir='ltr'>G,LK</span> <span class='ocrx_word' id='word_1_210' title='bbox 1370 2240 1386 2268; x_wconf 90' lang='lat'><em>7</em></span> <span class='ocrx_word' id='word_1_211' title='bbox 1413 2225 1527 2257; x_wconf 82' lang='lat' dir='ltr'>desen-</span> 
     </span>
     <span class='ocr_line' id='line_1_36' title="bbox 203 2267 1529 2358; baseline -0.046 -1"><span class='ocrx_word' id='word_1_212' title='bbox 203 2325 336 2358; x_wconf 85' lang='lat' dir='ltr'>soribus</span> <span class='ocrx_word' id='word_1_213' title='bbox 354 2320 440 2351; x_wconf 58' lang='lat' dir='ltr'>Dr:</span> <span class='ocrx_word' id='word_1_214' title='bbox 467 2315 532 2345; x_wconf 81' lang='lat' dir='ltr'>def.</span> <span class='ocrx_word' id='word_1_215' title='bbox 552 2311 620 2342; x_wconf 88' lang='lat' dir='ltr'>suis</span> <span class='ocrx_word' id='word_1_216' title='bbox 634 2308 695 2349; x_wconf 63' lang='lat' dir='ltr'>pb&amp;</span> <span class='ocrx_word' id='word_1_217' title='bbox 786 2311 828 2332; x_wconf 90' lang='lat'>20</span> <span class='ocrx_word' id='word_1_218' title='bbox 852 2289 1082 2329; x_wconf 86' lang='lat' dir='ltr'>nocentissimi</span> <span class='ocrx_word' id='word_1_219' title='bbox 1103 2282 1211 2317; x_wconf 79' lang='lat' dir='ltr'>Scltol.</span> <span class='ocrx_word' id='word_1_220' title='bbox 1232 2278 1369 2310; x_wconf 82' lang='lat' dir='ltr'>Gronov.</span> <span class='ocrx_word' id='word_1_221' title='bbox 1389 2267 1503 2316; x_wconf 41' lang='lat' dir='ltr'>Madv:</span> <span class='ocrx_word' id='word_1_222' title='bbox 1521 2275 1529 2295; x_wconf 88' lang='lat'><strong>:</strong></span> 
     </span>
    </p>
   </div>
   <div class='ocr_carea' id='block_1_18' title="bbox 206 2312 1532 2443">
    <p class='ocr_par' dir='ltr' id='par_1_18' title="bbox 206 2312 1532 2443">
     <span class='ocr_line' id='line_1_37' title="bbox 206 2312 1528 2401; baseline -0.047 0"><span class='ocrx_word' id='word_1_223' title='bbox 206 2368 369 2401; x_wconf 81' lang='lat' dir='ltr'>-tissimae</span> <span class='ocrx_word' id='word_1_224' title='bbox 389 2359 472 2392; x_wconf 80' lang='lat' dir='ltr'>codd.</span> <span class='ocrx_word' id='word_1_225' title='bbox 556 2364 592 2393; x_wconf 84' lang='lat'>31</span> <span class='ocrx_word' id='word_1_226' title='bbox 621 2357 754 2388; x_wconf 86' lang='lat' dir='ltr'>tempus</span> <span class='ocrx_word' id='word_1_227' title='bbox 770 2346 832 2376; x_wconf 89' lang='lat' dir='ltr'>hoc</span> <span class='ocrx_word' id='word_1_228' title='bbox 843 2340 938 2372; x_wconf 89' lang='lat' dir='ltr'>vobis</span> <span class='ocrx_word' id='word_1_229' title='bbox 955 2334 1056 2367; x_wconf 90' lang='lat' dir='ltr'>divin.</span> <span class='ocrx_word' id='word_1_230' title='bbox 1075 2329 1110 2361; x_wconf 90' lang='lat' dir='ltr'><em>D</em></span> <span class='ocrx_word' id='word_1_231' title='bbox 1127 2328 1168 2359; x_wconf 86' lang='lat' dir='ltr'>al.</span> <span class='ocrx_word' id='word_1_232' title='bbox 1189 2337 1196 2355; x_wconf 72' lang='grc' dir='ltr'><strong>ι</strong></span> <span class='ocrx_word' id='word_1_233' title='bbox 1220 2327 1355 2360; x_wconf 90' lang='lat' dir='ltr'>tempus</span> <span class='ocrx_word' id='word_1_234' title='bbox 1371 2316 1447 2346; x_wconf 90' lang='lat' dir='ltr'>hoc.</span> <span class='ocrx_word' id='word_1_235' title='bbox 1464 2312 1528 2341; x_wconf 85' lang='lat' dir='ltr'>dlv.</span> 
     </span>
     <span class='ocr_line' id='line_1_38' title="bbox 208 2353 1532 2443; baseline -0.047 1"><span class='ocrx_word' id='word_1_236' title='bbox 208 2412 303 2443; x_wconf 79' lang='lat' dir='ltr'>vobis</span> <span class='ocrx_word' id='word_1_237' title='bbox 317 2405 397 2438; x_wconf 80' lang='lat' dir='ltr'>LKs</span> <span class='ocrx_word' id='word_1_238' title='bbox 415 2416 421 2434; x_wconf 90' lang='lat'>:</span> <span class='ocrx_word' id='word_1_239' title='bbox 442 2408 574 2439; x_wconf 85' lang='lat' dir='ltr'>tempus</span> <span class='ocrx_word' id='word_1_240' title='bbox 586 2388 906 2435; x_wconf 85' lang='lat' dir='ltr'>opportunissimum</span> <span class='ocrx_word' id='word_1_241' title='bbox 922 2382 1042 2420; x_wconf 76' lang='lat' dir='ltr'>(oport.</span> <span class='ocrx_word' id='word_1_242' title='bbox 1054 2375 1093 2415; x_wconf 81' lang='lat' dir='ltr'>p)</span> <span class='ocrx_word' id='word_1_243' title='bbox 1107 2370 1201 2402; x_wconf 90' lang='lat' dir='ltr'>vobis</span> <span class='ocrx_word' id='word_1_244' title='bbox 1211 2367 1274 2397; x_wconf 82' lang='lat' dir='ltr'>hoc</span> <span class='ocrx_word' id='word_1_245' title='bbox 1287 2353 1532 2396; x_wconf 74' lang='lat' dir='ltr'>divinituspbr6</span> 
     </span>
    </p>
   </div>
  </div>
 </body>
</html>
