1600 2704
151 152 170 177 1
189 156 204 178 2
554 141 610 178 M.
642 140 809 177 TVLLI
841 138 1146 178 CICERONIS

186 251 284 290 locis
305 251 595 299 communibus,
619 235 671 289 ne
689 250 729 288 in
757 249 854 289 fanis
876 249 1048 299 quidem,
1072 248 1169 286 nihil
1189 248 1295 297 apud
1325 246 1510 293 Siculum,

187 315 285 354 nihil
305 317 412 366 apud
439 315 565 355 civem
589 317 828 362 Romanum,
853 313 1025 363 denique
1046 313 1144 351 nihil
1174 312 1302 359 istum,
1326 312 1434 362 quod
1463 312 1511 349 ad

186 382 323 419 oculos
357 381 614 430 animumque
644 379 840 426 acciderit,
877 392 1006 428 neque
1040 377 1177 428 privati
1208 389 1338 426 neque
1367 375 1513 426 publici

187 458 318 495 neque
339 445 491 495 profani
512 458 641 495 neque
662 444 759 482 sacri
781 452 862 482 tota
891 443 931 481 in
952 442 1081 481 Sicilia
1102 441 1315 492 reliquisse.

150 526 168 557 3
241 511 358 548 Vnde
389 510 504 560 igitur
535 509 666 559 potius
698 508 883 558 incipiam
915 521 1034 558 quam
1067 507 1119 545 ab
1148 520 1194 545 ea
1224 505 1380 545 civitate
1414 517 1515 555 quae
1535 517 1551 547 5

186 574 257 613 tibi
287 588 366 613 una
394 574 434 612 in
463 587 598 613 amore
625 571 745 623 atque
771 573 811 611 in
837 572 988 611 deliciis
1013 572 1094 619 fuit,
1117 579 1184 610 aut
1205 585 1252 610 ex
1278 584 1359 620 quo
1385 569 1515 620 potius

188 652 353 678 numero
387 652 505 688 quam
541 652 588 677 ex
621 637 713 688 ipsis
745 637 1014 676 laudatoribus
1049 636 1153 675 tuis?
1211 634 1379 674 Facilius
1410 633 1515 673 enim

188 703 442 754 perspicietur
468 702 593 753 qualis
617 704 724 753 apud
758 715 825 740 eos
850 701 966 740 fueris
1000 701 1068 751 qui
1098 709 1136 739 te
1168 702 1345 747 oderunt,
1370 699 1437 749 qui
1456 712 1517 737 ac-

189 776 338 815 cusant,
362 768 430 818 qui
465 774 762 818 persequuntur,
787 780 878 805 cum
916 768 1022 817 apud
1057 774 1145 804 tuos
1174 764 1434 803 Mamertinos
1463 764 1516 802 in-

189 833 345 872 veniare
366 832 659 883 improbissima
679 832 829 870 ratione
849 845 934 871 esse
955 833 1175 882 praedatus.
1542 841 1577 863 ¹0

144 913 168 939 2
243 899 288 938 C.
340 898 468 936 Heius
526 906 584 936 est
644 897 904 936 Mamertinus
925 921 975 924 —
996 910 1135 935 omnes
1183 897 1259 934 hoc
1306 895 1403 933 mihi
1450 895 1517 945 qui

191 965 419 1002 Messanam
457 970 707 1002 accesserunt
745 962 858 1000 facile
897 960 1364 1000 concedunt—omnibus
1402 960 1518 998 rebus

190 1029 255 1067 illa
281 1027 322 1066 in
348 1027 505 1067 civitate
535 1027 815 1066 ornatissimus.
878 1027 1010 1066 Huius
1039 1028 1183 1066 domus
1210 1033 1269 1065 est
1288 1027 1348 1064 vel
1370 1024 1518 1075 optima

192 1095 417 1140 Messanae,
454 1092 660 1131 notissima
693 1092 854 1142 quidem
895 1100 999 1130 certe
1038 1100 1076 1130 et
1110 1091 1251 1130 nostris
1289 1089 1518 1128 hominibus

190 1157 436 1208 apertissima
465 1157 715 1206 maximeque
744 1156 959 1206 hospitalis.
1020 1158 1078 1195 Ea
1106 1157 1249 1195 domus
1282 1163 1374 1194 ante
1407 1155 1518 1194 istius
1541 1168 1576 1198 15

190 1223 405 1262 adventum
439 1229 576 1260 ornata
597 1221 652 1260 sic
673 1221 744 1260 fuit
765 1229 807 1259 ut
834 1220 920 1259 urbi
941 1235 1101 1272 quoque
1128 1229 1229 1260 esset
1259 1229 1493 1260 ornamento
1512 1234 1521 1267 ;

192 1301 283 1325 nam
304 1286 389 1337 ipsa
410 1288 606 1334 Messana,
626 1300 727 1337 quae
752 1286 828 1325 situ
857 1286 1066 1325 moenibus
1086 1295 1281 1337 portuque
1302 1293 1437 1324 ornata
1459 1286 1517 1332 sit,

191 1352 242 1390 ab
262 1351 323 1390 his
343 1351 460 1390 rebus
483 1350 626 1401 quibus
650 1350 723 1389 iste
751 1352 967 1389 delectatur
994 1364 1087 1390 sane
1118 1364 1241 1389 vacua
1267 1359 1386 1401 atque
1415 1352 1520 1389 nuda
1574 1362 1580 1368 ·

152 1434 173 1465 4
192 1424 261 1455 est.
335 1417 428 1454 Erat
461 1417 568 1466 apud
602 1415 752 1454 Heium
782 1415 992 1454 sacrarium
1022 1429 1164 1466 magna
1197 1429 1287 1454 cum
1331 1416 1520 1466 dignitate

192 1481 232 1519 in
252 1480 417 1519 aedibus
437 1494 460 1519 a
481 1479 693 1518 maioribus
714 1480 900 1519 traditum
921 1481 1208 1531 perantiquum,
1232 1480 1271 1519 in
1301 1494 1381 1531 quo
1412 1481 1521 1531 signa
1543 1497 1583 1520 20

192 1545 454 1596 pulcherrima
488 1553 673 1595 quattuor
704 1558 860 1584 summo
897 1545 1073 1593 artificio,
1111 1559 1266 1584 summa
1303 1545 1518 1592 nobilitate,

193 1624 294 1660 quae
333 1624 413 1648 non
453 1611 575 1649 modo
609 1610 727 1648 istum
766 1610 970 1649 hominem
1018 1610 1266 1661 ingeniosum
1305 1618 1343 1650 et
1377 1610 1523 1650 intelle-

193 1684 361 1725 gentem,
397 1689 532 1714 verum
572 1675 689 1714 etiam
724 1675 901 1725 quemvis
935 1683 1123 1722 nostrum,
1153 1689 1252 1726 quos
1282 1676 1354 1714 iste
1383 1675 1524 1715 idiotas

193 1742 375 1790 appellat,
413 1741 609 1779 delectare
641 1748 813 1790 possent,
850 1754 974 1779 unum
1015 1740 1223 1791 Cupidinis
1261 1754 1522 1780 marmoreum

195 1804 402 1853 Praxiteli,
442 1804 626 1843 nimirum
665 1804 787 1844 didici
819 1805 949 1852 etiam,
989 1807 1085 1845 dum
1123 1806 1163 1844 in
1202 1805 1320 1844 istum
1356 1805 1523 1856 inquiro,
1549 1820 1584 1851 ²5

193 1869 387 1908 artificum
427 1870 600 1908 nomina.
668 1871 793 1918 Idem,
835 1870 984 1921 opinor,
1025 1870 1161 1910 artifex
1200 1870 1377 1910 eiusdem
1417 1870 1524 1910 modi

195 1934 436 1985 Cupidinem
475 1935 567 1973 fecit
612 1934 722 1973 illum
762 1935 829 1985 qui
868 1942 927 1974 est
964 1935 1158 1986 Thespiis,
1200 1942 1358 1986 propter
1405 1948 1524 1986 quem

195 1999 393 2049 Thespiae
437 1999 641 2048 visuntur3
688 2014 780 2039 nam
827 2000 903 2039 alia
945 2000 1097 2040 visendi
1140 2014 1258 2039 causa
1300 2002 1407 2040 nulla
1454 2009 1522 2039 est.

197 2067 329 2114 Atque
358 2064 422 2103 ille
450 2067 492 2103 L.
520 2065 751 2112 Mummius,
775 2079 865 2104 cum
896 2066 1154 2116 Thespiadas,
1177 2079 1278 2116 quae
1307 2068 1357 2105 ad
1384 2067 1523 2105 aedem
1599 2115 1600 2118 Ἰ

199 2129 410 2168 Felicitatis
449 2138 551 2177 sunt,
593 2138 800 2180 ceteraque
834 2132 998 2180 profana
1032 2144 1078 2169 ex
1112 2131 1179 2169 illo
1227 2131 1376 2182 oppido
1414 2131 1523 2181 signa
1544 2128 1600 2187 30,

198 2195 362 2242 tolleret,
397 2196 502 2233 hunc
537 2208 800 2234 marmoreum
835 2195 1086 2246 Cupidinem,
1127 2197 1235 2246 quod
1273 2203 1354 2235 erat
1392 2209 1526 2235 conse·
1597 2197 1600 2241 i

199 2265 337 2305 cratus,
369 2273 449 2297 non
479 2260 616 2310 attigit.

370 2369 408 2391 12
431 2362 618 2393 concedent
628 2363 672 2402 pB
806 2373 848 2403 29
873 2363 909 2394 L.
917 2363 1010 2403 salso
1025 2365 1059 2395 in
1077 2363 1110 2394 R
1128 2364 1230 2396 deesse
1245 2364 1363 2396 dicitur
