1600 2704
76 107 134 145 49
160 105 218 135 ηε
531 99 587 135 Μ.
620 98 788 136 TVLLI
821 97 1127 137 CICERONIS

75 417 132 447 129

77 1737 129 1775 50

72 1798 126 1828 131

154 208 311 259 grandis
347 215 441 247 natu
478 208 678 247 Eubulida
713 209 788 247 hoc
822 216 974 247 tantum
1009 216 1143 248 exacta
1177 217 1304 249 aetate
1342 210 1486 249 laboris

155 272 382 323 itinerisque
407 273 590 323 suscepit,
615 285 694 311 non
724 280 765 311 ut
792 273 942 323 aliquid
963 274 1013 312 de
1038 273 1116 311 suis
1146 273 1261 313 bonis
1287 287 1487 324 recupera-

154 345 221 384 ret,
246 339 315 376 sed
346 346 398 384 ut,
423 338 566 388 quibus
595 337 718 376 oculis
747 345 927 376 cruentas
955 338 1124 377 cervices
1155 338 1207 376 fili
1238 338 1296 377 sui
1324 339 1484 386 viderat,

155 400 281 440 isdem
302 409 340 440 te
360 403 671 440 condemnatum
693 401 852 440 videret.
895 402 934 440 Si
955 415 1023 452 per
1044 403 1086 440 L.
1107 403 1314 441 Metellum
1335 403 1485 441 licitum

155 474 268 512 esset,
296 465 456 512 iudices,
485 473 626 504 matres
658 465 811 504 illorum
843 466 1072 506 miserorum
1103 479 1333 517 sororesque
1359 467 1486 505 venie-

154 530 275 578 bant;
318 544 484 581 quarum
519 543 607 577 una,
639 543 729 568 cum
759 544 833 580 ego
866 532 917 570 ad
953 532 1189 570 Heracleam
1224 539 1344 570 noctu
1378 545 1486 571 acce-

154 596 300 641 derem,
324 608 414 633 cum
436 594 623 633 omnibus
655 595 841 633 matronis
869 595 952 634 eius
982 595 1148 634 civitatis
1169 603 1207 634 et
1233 609 1325 634 cum
1353 596 1484 634 multis

154 659 304 697 facibus
348 658 443 697 mihi
488 658 646 698 obviam
690 659 806 705 venit,
854 666 892 698 et
938 659 1122 706 ita,—me
1161 673 1272 698 suam
1318 661 1483 699 salutem

152 724 366 773 appellans,
390 731 427 762 te
457 736 571 761 suum
599 723 822 761 carnificem
853 723 1073 770 nominans,
1101 723 1154 761 fili
1182 737 1326 763 nomen
1348 724 1484 775 implo-

153 787 408 835 rans‚—mihi
436 789 486 826 ad
515 788 636 838 pedes
665 787 804 826 misera
831 787 948 826 iacuit
970 788 1080 839 quasi
1108 801 1180 839 ego
1207 788 1290 827 eius
1317 789 1484 828 excitare

152 853 202 891 ab
242 852 374 891 inferis
408 852 532 891 filium
572 866 740 903 possem.
813 854 1025 892 Faciebant
1060 854 1136 892 hoc
1170 852 1306 892 itidem
1345 854 1483 893 ceteris

153 918 191 955 in
232 917 456 956 civitatibus
494 919 661 967 grandes
700 925 794 956 natu
834 926 976 957 matres
1015 925 1053 957 et
1091 917 1183 957 item
1226 918 1333 968 parvi
1373 918 1482 957 liberi

154 982 384 1021 miserorum
399 997 409 1029 3
439 995 607 1032 quorum
628 990 840 1033 utrumque
865 990 972 1021 aetas
998 982 1172 1021 laborem
1193 990 1231 1021 et
1252 983 1482 1022 industriam

154 1060 294 1094 meam,
318 1048 438 1085 fidem
467 1055 504 1086 et
535 1047 841 1086 misericordiam
862 1055 1030 1086 vestram
1050 1048 1281 1098 requirebat.
1343 1049 1483 1098 Itaque

153 1114 203 1150 ad
236 1124 309 1158 me,
342 1112 503 1158 iudices,
536 1112 637 1150 hanc
668 1113 953 1162 querimoniam
988 1120 1139 1162 praeter
1171 1121 1319 1152 ceteras
1353 1113 1483 1152 Sicilia

153 1176 292 1216 detulit
308 1191 318 1224 ;
357 1176 525 1214 lacrimis
555 1190 628 1227 ego
658 1178 747 1224 huc,
776 1190 855 1215 non
885 1177 1006 1227 gloria
1035 1177 1220 1217 inductus
1245 1178 1403 1226 accessi,
1433 1191 1483 1217 ne

152 1243 247 1279 falsa
269 1240 482 1287 damnatio,
503 1253 552 1279 ne
573 1253 713 1287 carcer,
733 1254 782 1280 ne
798 1249 970 1289 catenae,
991 1255 1040 1280 ne
1056 1242 1226 1290 verbera,
1244 1256 1294 1281 ne
1315 1256 1482 1289 secures,

154 1319 202 1344 ne
224 1305 417 1343 cruciatus
445 1304 653 1351 sociorum,
677 1318 727 1343 ne
754 1305 910 1355 sanguis
935 1305 1217 1354 innocentium,
1240 1320 1290 1346 ne
1311 1307 1483 1357 denique

153 1371 270 1410 etiam
301 1369 511 1420 exsanguia
541 1382 704 1420 corpora
730 1378 984 1418 mortuorum,
1012 1385 1063 1410 ne
1094 1385 1245 1410 maeror
1275 1380 1482 1422 parentum

152 1449 197 1473 ac
219 1434 530 1485 propinquorum
556 1434 843 1483 magistratibus
869 1434 1010 1473 nostris
1030 1435 1210 1486 quaestui
1231 1444 1363 1486 posset
1384 1449 1479 1475 esse.

154 1502 276 1539 Hunc
297 1512 371 1550 ego
391 1498 422 1537 si
451 1506 600 1537 metum
628 1498 783 1537 Siciliae
810 1499 1066 1539 damnatione
1092 1499 1202 1539 istius
1227 1513 1296 1551 per
1315 1509 1482 1540 vestram

153 1565 272 1604 fidem
300 1572 337 1603 et
364 1563 566 1602 veritatem
595 1563 787 1610 deiecero,
810 1564 971 1612 iudices,
994 1565 1086 1603 satis
1111 1565 1241 1604 officio
1268 1579 1369 1613 meo,
1391 1566 1484 1605 satis

153 1632 306 1670 illorum
343 1630 534 1669 voluntati
575 1629 640 1680 qui
675 1644 697 1669 a
737 1644 799 1669 me
838 1631 914 1669 hoc
953 1631 1173 1682 petiverunt
1211 1633 1358 1671 factum
1398 1646 1484 1672 esse

151 1696 378 1734 arbitrabor.

207 1762 456 1810 Quapropter
478 1760 508 1798 si
529 1773 647 1810 quem
669 1762 767 1799 forte
788 1760 981 1800 inveneris
998 1762 1065 1812 qui
1086 1763 1162 1800 hoc
1183 1763 1319 1801 navale
1335 1761 1483 1801 crimen
1507 1779 1519 1800 2

151 1832 315 1864 conetur
336 1825 560 1872 defendere,
584 1825 614 1863 is
636 1825 688 1863 ita
709 1826 896 1865 defendat
918 1832 963 1864 ut
980 1827 1043 1866 illa
1059 1827 1286 1866 communia
1307 1840 1408 1877 quae
1433 1828 1484 1866 ad

150 1903 309 1928 causam
338 1889 433 1927 nihil
471 1889 666 1939 pertinent
701 1891 992 1940 praetermittat,
1024 1905 1087 1931 me
1116 1894 1256 1942 culpae
1287 1893 1482 1931 fortunam

150 1956 365 2006 adsignare,
392 1955 655 1994 calamitatem
684 1956 836 1995 crimini
864 1958 968 2004 dare,
994 1971 1056 1997 me
1075 1957 1329 1997 amissionem
1351 1958 1484 1996 classis

196 2071 214 2097 4
241 2060 346 2090 isdem
367 2060 501 2097 (iisdem
538 2065 570 2090 te
592 2059 680 2099 Ῐζῄδι
704 2059 767 2090 iste
785 2036 847 2089 RS
945 2060 1008 2091 sibi
1026 2070 1085 2100 -pr-
1104 2059 1188 2090 RS:
1213 2070 1257 2090 au
1274 2060 1300 2091 si
1318 2060 1379 2091 sibi
1398 2062 1483 2100 per?

152 2113 170 2141 5
196 2112 397 2142 sororesque
416 2101 477 2133 RS
494 2114 500 2132 ε
527 2112 662 2133 sorores
680 2112 869 2142 uxoresque
890 2102 940 2133 V:
966 2113 1091 2135 uxores
1108 2113 1311 2143 sororesque
1329 2105 1345 2133 δ
1447 2114 1484 2134 10

153 2147 224 2176 eius
242 2156 307 2176 0111.
333 2145 363 2174 l'
476 2155 508 2175 11
536 2146 650 2176 itidem
669 2145 761 2176 st
781 2157 787 2175 :
813 2146 900 2176 idem
923 2146 989 2187 VpB
1104 2156 1142 2186 13
1167 2151 1347 2186 utrumque
1368 2145 1485 2177 VRS:

153 2195 371 2228 utrorumque
386 2191 427 2229 ῥδ
533 2199 569 2227 14
596 2189 788 2228 requirebat
809 2189 857 2219 V:
882 2194 953 2220 -ant
970 2189 1072 2230 Rsp5
1175 2200 1213 2229 19
1238 2189 1404 2229 exangula
1433 2190 1483 2219 V:

154 2234 375 2271 exsanguium
404 2231 519 2272 Rpk52
553 2232 732 2270 exangium
765 2231 794 2262 S
1005 2243 1048 2264 20
1071 2233 1178 2273 possit
1204 2233 1294 2263 Bake
1441 2243 1482 2262 22

154 2276 328 2306 veritatem
353 2276 383 2304 l·
412 2276 432 2306 i.
453 2278 468 2312 ξ
487 2277 513 2313 3'
538 2287 542 2304 :
574 2276 791 2306 severitatem
810 2274 872 2306 RS
890 2276 924 2310 (i,
947 2279 962 2314 ξ
981 2277 1058 2315 43ἳ;
1084 2276 1241 2308 virtutem
1255 2277 1298 2316 ps
1441 2277 1485 2305 26

155 2325 189 2349 ut
219 2319 324 2357 suppl.
358 2318 496 2348 Horam.
669 2328 708 2356 27
735 2319 852 2357 culpae
879 2319 1048 2350 fortunam
1079 2319 1127 2350 V:
1168 2320 1299 2359 culpam
1327 2319 1485 2350 fortunae

155 2362 237 2401 RSp
246 2364 261 2391 δ

1506 482 1525 514 5

1508 806 1547 828 10

1506 1128 1545 1160 15

1505 1455 1546 1478 20
