1600 2704
87 122 357 164 ACTIONIS
388 121 450 159 IN
480 119 527 158 C.
549 116 793 155 VERREM
823 111 1122 153 SECVNDAE
1153 110 1258 147 LIB.
1280 109 1317 144 V
1365 114 1415 154 55

91 245 310 283 numquam
346 231 419 269 sub
453 231 583 279 legum
623 233 662 265 et
695 224 930 265 iudiciorum
965 228 1201 272 potestatem
1236 231 1416 258 casurum

91 312 177 338 esse
206 296 380 337 duxisti?

146 365 199 401 At
220 375 322 412 quae
342 366 422 399 erat
449 358 521 397 ista
548 356 672 395 libido
699 351 939 393 crudelitatis
964 349 1215 394 exercendae,
1240 359 1341 397 quae
1361 353 1418 384 tot

90 429 283 466 scelerum
318 423 659 474 suscipiendorum
694 419 841 457 causa?
909 417 1038 461 Nulla,
1075 413 1237 459 iudices,
1270 418 1421 461 praeter

49 511 66 543 5
90 489 307 543 praedandi
339 501 482 528 novam
522 486 839 536 singularemque
878 480 1081 519 rationem.
1152 478 1257 515 Nam
1291 482 1333 513 ut
1367 473 1420 512 illi

91 570 191 607 quos
212 569 235 594 a
254 553 382 606 poetis
402 551 639 602 accepimus,
656 548 723 599 qui
745 547 852 586 sinus
869 545 1064 596 quosdam
1086 541 1291 581 obsedisse
1312 539 1422 578 mari-

93 623 210 662 timos
234 626 301 659 aut
330 618 461 668 aliqua
495 612 767 666 promunturia
796 618 863 650 aut
894 615 1101 660 praerupta
1129 619 1220 645 saxa
1249 604 1422 644 tenuisse

93 687 289 733 dicuntur,
310 691 353 722 ut
379 695 448 722 eos
469 681 536 732 qui
563 686 694 719 essent
723 675 878 728 adpulsi
907 673 1069 724 navigiis
1096 672 1313 710 interficere
1337 682 1423 719 pos-

95 760 192 798 sent,
211 750 266 789 sic
296 749 369 788 iste
398 747 438 786 in
468 745 602 785 onmia
632 743 752 782 maria
783 742 945 780 infestus
977 752 1024 778 ex
1052 736 1238 777 omnibus
1269 733 1423 774 Siciliae

37 832 74 855 10
95 815 270 868 partibus
300 811 542 852 imminebat.
603 809 891 857 Quaecumque
922 803 1030 842 navis
1058 815 1104 840 ex
1126 800 1231 847 Asia,
1252 812 1354 849 quae
1377 811 1425 837 ex

96 880 215 931 Syria,
248 891 349 929 quae
383 878 500 926 Tyro,
531 886 632 924 quae
668 869 905 910 Alexandria
941 873 1112 912 venerat,
1147 863 1278 903 statim
1312 861 1426 901 certis

96 944 295 984 indicibus
325 949 363 981 et
392 939 623 980 custodibus
655 935 862 975 tenebatur
878 948 888 981 3
917 939 1093 971 vectores
1117 941 1256 969 omnes
1283 927 1323 965 in
1350 928 1429 964 lau-

97 1008 240 1048 tumias
279 1005 587 1050 coniciebantur,
621 1013 742 1041 onera
780 1006 899 1048 atque
938 1007 1087 1035 merces
1122 994 1161 1031 in
1196 991 1428 1043 praetoriam

98 1075 263 1113 domum
299 1069 584 1110 deferebantur.
646 1063 886 1103 Versabatur
919 1060 959 1099 in
1000 1058 1131 1099 Sicilia
1164 1059 1283 1107 longo
1317 1056 1430 1093 inter-

41 1154 78 1187 15
98 1139 202 1177 vallo
228 1138 324 1174 alter
349 1147 431 1173 non
460 1130 674 1180 Dionysius
696 1129 760 1167 ille
780 1139 853 1166 nec
878 1121 1209 1170 Phalaris,—tulit
1236 1119 1342 1160 enim
1366 1119 1430 1156 illa

100 1202 303 1254 quondam
324 1199 452 1238 insula
474 1197 618 1234 multos
634 1200 672 1233 et
693 1191 861 1232 crudelis
882 1186 1207 1240 tyrannos‚-sed
1228 1184 1432 1235 quoddam

100 1280 249 1307 novum
279 1271 500 1304 monstrum
524 1274 571 1300 ex
594 1266 723 1298 vetere
749 1258 814 1296 illa
846 1253 1091 1294 immanitate
1115 1264 1216 1302 quae
1243 1250 1283 1288 in
1308 1249 1433 1287 isdem

102 1332 198 1371 locis
228 1336 379 1370 versata
408 1340 493 1367 esse
523 1324 674 1365 dicitur.
735 1323 829 1361 Non
861 1319 966 1359 enim
998 1309 1351 1366 Charybdimffam
1381 1312 1435 1350 in-

102 1399 243 1436 festam
273 1407 402 1444 neque
432 1392 602 1440 Scyllam
632 1387 760 1426 nautis
791 1398 910 1436 quam
946 1383 1063 1422 istum
1095 1381 1134 1418 in
1164 1366 1306 1419 eodem
1336 1378 1435 1416 freto

44 1480 86 1504 20
105 1462 224 1501 fuisse
258 1459 447 1504 arbitror3
489 1457 566 1494 hoc
605 1453 723 1492 etiam
763 1451 835 1489 iste
876 1447 1061 1492 infestior,
1094 1445 1203 1495 quod
1235 1444 1361 1481 multo
1395 1454 1436 1479 se

105 1526 282 1578 pluribus
304 1532 342 1563 et
363 1519 662 1561 immanioribus
684 1515 847 1555 canibus
875 1512 1129 1557 succinxerat,
1151 1508 1322 1558 Cyclops
1342 1507 1438 1544 alter

106 1592 232 1629 multo
252 1585 512 1639 importunior
526 1599 536 1632 5
569 1582 633 1621 hic
658 1581 764 1620 enim
790 1585 911 1618 totam
943 1576 1111 1615 insulam
1132 1572 1352 1617 obsidebat,
1374 1569 1438 1608 ille

107 1658 278 1695 Aetnam
300 1654 424 1692 solam
445 1658 484 1690 et
504 1662 592 1688 eam
614 1645 768 1686 Siciliae
791 1650 941 1694 partem
962 1639 1134 1680 tenuisse
1155 1637 1306 1676 dicitur.

161 1722 215 1758 At
243 1731 346 1769 quae
371 1728 490 1755 causa
519 1722 603 1752 tum
634 1709 899 1750 subiciebatur
930 1707 980 1745 ab
1005 1705 1102 1755 ipso,
1134 1702 1295 1748 iudices,
1324 1699 1440 1738 huius

49 1804 88 1837 ²5
108 1793 189 1824 tarn
210 1783 379 1823 nefariae
399 1777 670 1820 crudelitatis?
728 1775 880 1813 Eadem
898 1784 999 1822 quae
1023 1781 1127 1808 nunc
1149 1768 1189 1805 in
1210 1764 1441 1805 defensione

109 1846 494 1890 commemorabitur.
572 1841 827 1892 Quicumque
878 1840 1123 1876 accesserant
1170 1832 1222 1870 ad
1269 1829 1441 1869 Siciliam

110 1917 232 1967 paulo
248 1912 455 1965 pleniores,
477 1922 545 1948 eos
566 1906 808 1947 Sertorianos
831 1902 973 1941 milites
1003 1912 1087 1939 esse
1110 1904 1229 1947 atque
1249 1909 1271 1933 a
1298 1893 1442 1932 Dianio

110 1982 243 2031 fugere
276 1976 444 2017 dicebat.
504 1972 568 2012 Illi
605 1972 656 2010 ad
694 1967 990 2019 deprecandum
1028 1962 1245 2014 periculum
1278 1959 1443 2009 profere-

112 2046 207 2084 bant
226 2043 290 2081 alii
311 2052 523 2092 purpuram
543 2036 714 2087 Tyriam,
736 2041 797 2072 tus
817 2031 883 2071 alii
903 2038 1021 2081 atque
1053 2029 1194 2067 odores
1216 2031 1445 2071 vestemque

156 2148 178 2178 6
201 2145 258 2186 qui
272 2143 341 2176 secl.
361 2142 512 2174 Heraeus
622 2138 642 2168 8
666 2136 872 2175 intercipere
890 2132 1011 2164 Lamb.
1174 2138 1209 2158 11
1238 2124 1447 2157 Alexandria

114 2189 178 2223 SD
196 2189 261 2221 rell.
276 2191 406 2229 praeter
418 2185 460 2223 R,
479 2184 512 2214 in
530 2192 595 2223 quo
611 2185 657 2212 est
673 2191 716 2211 ex
734 2178 943 2210 Alexandria
1056 2183 1091 2213 17
1119 2171 1226 2203 veteri
1245 2169 1274 2201 S
1289 2169 1331 2200 al.
1353 2166 1444 2207 (Div.

116 2238 132 2272 ξ
151 2236 184 2273 5)
322 2232 428 2261 18-20
452 2238 520 2259 non
538 2226 628 2257 enirn
646 2248 653 2254 .
674 2247 682 2254 .
704 2247 710 2254 .
731 2222 876 2253 arbitror
892 2219 951 2251 del.
973 2217 1130 2249 Zielinski
1267 2223 1306 2252 19
1330 2212 1364 2242 in
1381 2221 1447 2241 om.

114 2276 180 2308 RS
310 2283 348 2304 21
376 2269 631 2303 immanioribus
648 2266 688 2306 Z,
707 2276 785 2297 corr.
806 2264 849 2302 D,
869 2267 906 2294 ut
921 2261 1105 2294 Memmius
1122 2271 1128 2289 :
1153 2255 1385 2288 immaioribus
1403 2253 1446 2290 R,

115 2320 150 2350 in
166 2318 350 2350 maioribus
369 2315 397 2347 S
412 2319 502 2355 etpr.
521 2312 577 2343 D:
600 2310 782 2342 maioribus
795 2307 860 2349 pk&
1014 2314 1057 2344 23
1081 2309 1116 2335 et
1133 2312 1200 2333 om.
1220 2299 1283 2330 RS
1300 2310 1307 2329 :
1331 2303 1365 2329 et
1383 2319 1390 2327 .
1410 2321 1417 2327 .
1439 2319 1447 2327 .

116 2368 248 2403 partem
265 2361 371 2392 abesse
388 2358 484 2389 malit
503 2356 649 2388 leomas

1439 120 1502 151 ¹44

1438 321 1492 369 56

1443 390 1502 421 145

1457 1315 1518 1357 146
