1600 2704
64 144 105 184 17
126 148 168 181 43
493 124 549 161 M.
580 117 749 159 TVLLI
780 106 1086 154 CICERONIS

127 244 236 284 modi
256 240 445 281 iudicium
465 236 543 281 det,
566 244 646 282 quo
667 225 812 267 iudicio
836 221 986 261 indicta
1005 227 1122 255 causa
1142 208 1307 251 fortunis
1327 204 1452 246 omni-

65 287 108 326 18
129 310 203 348 bus
224 304 342 346 everti
366 313 526 341 neeesse
546 297 624 336 sit?
680 291 863 331 Profecto
883 285 989 324 enim
1014 291 1155 330 negare
1175 288 1257 315 non
1280 279 1393 323 potes
1413 276 1452 307 te

67 358 109 390 44
130 387 177 412 ex
209 374 294 421 lege
333 367 492 417 Rupilia
525 359 651 401 sortiri
685 355 836 395 iudices
870 348 1065 393 debuisse,
1102 354 1193 382 cum
1227 333 1453 389 praesertim

134 434 340 476 Heraclius
364 432 404 470 id
429 428 652 479 postularet.
710 420 779 459 Sin
803 416 900 455 illud
926 411 1034 457 dicis,
1063 416 1102 447 te
1126 401 1303 445 Heraclii
1322 399 1458 438 volun-

133 509 212 541 tate
231 500 282 538 ab
301 500 386 546 lege
410 491 625 535 recessisse,
649 487 732 536 ipse
753 491 791 522 te
811 477 1014 530 impedies,
1037 475 1121 524 ipse
1141 478 1208 509 tua
1227 462 1459 507 defensione
1479 474 1498 506 5

135 563 385 616 implicabere
400 574 410 608 3
439 569 558 607 quare
578 552 683 593 enim
708 549 878 600 primum
898 544 962 581 ille
983 541 1122 579 adesse
1142 532 1282 579 noluit,
1302 541 1394 568 cum
1414 539 1462 564 ex

137 645 185 670 eo
205 639 369 667 numero
397 622 548 661 iudices
572 617 734 656 haberet
758 623 857 662 quos
884 604 1127 658 postularat?
1155 597 1302 640 deinde
1330 600 1374 632 tu
1394 603 1463 629 cur

138 701 227 746 post
254 691 354 729 illius
383 690 515 737 fugam
541 681 691 721 iudices
720 677 817 716 alios
845 672 1002 712 sortitus
1026 681 1078 714 es,
1108 665 1140 704 si
1169 676 1237 703 eos
1258 658 1325 711 qui
1355 661 1465 696 erant

140 766 255 798 antea
288 753 368 793 dati
400 750 603 798 utriusque
636 744 801 783 dederas
834 734 1064 777 voluntate?
1122 727 1280 767 Deinde
1318 728 1466 761 ceteras

142 824 250 863 dicas
277 817 404 859 omnis
435 815 502 853 illo
531 814 616 851 foro
646 810 702 846 M.
735 801 962 844 Postumius
990 802 1174 848 quaestor
1200 789 1358 830 sortitus
1385 791 1468 824 est:
1490 798 1528 821 10

144 891 247 927 hanc
268 885 390 923 solam
411 888 453 919 tu
473 878 540 917 illo
561 879 758 914 conventu
779 865 969 918 reperiere
989 860 1157 914 sortitus.

86 964 127 996 45
201 953 316 1000 Ergo,
347 944 497 996 inquiet
527 938 678 989 aliquis,
710 931 871 974 donavit
908 927 1057 979 populo
1091 925 1335 972 Syracusano
1366 915 1472 952 illam

147 1014 415 1057 hereditatem.
475 1006 661 1049 Primum,
693 1000 724 1039 si
753 999 794 1037 id
823 991 1001 1035 confiteri
1028 988 1157 1033 velim,
1189 992 1322 1023 tamen
1355 979 1474 1018 istum

150 1076 422 1122 condemnetis
460 1083 621 1112 necesse
653 1074 736 1112 est;
777 1073 907 1111 neque
940 1056 1046 1097 enim
1077 1049 1313 1104 permissum
1346 1052 1405 1083 est
1433 1049 1476 1080 ut

150 1148 313 1195 impune
336 1139 450 1180 nobis
479 1137 604 1181 liceat,
627 1131 735 1182 quod
764 1125 879 1166 alicui
910 1118 1176 1172 eripuerimus,
1199 1113 1241 1153 id
1268 1108 1378 1150 alteri
1407 1114 1478 1145 tra·
1500 1118 1535 1151 15

153 1212 256 1250 dere.
314 1208 462 1243 Verum
492 1215 538 1239 ex
566 1199 640 1237 ista
670 1189 869 1244 reperietis
898 1184 1115 1226 hereditate
1143 1180 1197 1218 ita
1225 1177 1343 1215 istum
1373 1184 1480 1223 prae-

154 1276 291 1315 datum
320 1277 363 1308 ut
388 1276 583 1318 perpauca
609 1260 763 1300 occulte
789 1252 922 1294 fecerit
937 1266 947 1299 3
974 1247 1167 1300 populum
1194 1243 1480 1292 Syracusanum

156 1339 195 1378 in
235 1333 443 1374 maximam
481 1327 670 1368 invidiam
709 1335 779 1361 sua
815 1315 987 1362 infamia,
1020 1311 1149 1351 alieno
1186 1302 1362 1357 praemio
1400 1312 1482 1350 per-

157 1400 320 1445 venisse,
360 1408 507 1447 paucos
546 1393 947 1441 Syracusanos‚—-eos
985 1376 1052 1428 qui
1090 1385 1197 1412 nunc
1241 1383 1282 1408 se
1324 1364 1482 1418 publice

158 1461 394 1505 laudationis
423 1471 541 1497 causa
566 1453 719 1493 venisse
746 1449 992 1492 dicunt,——et
1019 1449 1113 1479 tunc
1141 1434 1348 1488 participes
1377 1441 1484 1481 prae·
1505 1439 1545 1462 20

159 1532 234 1570 dae
254 1527 371 1566 fuisse
392 1532 430 1563 et
449 1535 555 1561 nunc
582 1531 663 1558 non
689 1516 741 1555 ad
767 1512 878 1552 istius
904 1505 1184 1548 laudationem,
1208 1499 1277 1538 sed
1303 1497 1354 1536 ad
1382 1506 1485 1533 com-

161 1605 321 1633 munem
352 1588 479 1628 litium
510 1581 824 1624 aestimationem
858 1573 1021 1613 venisse.
1082 1571 1345 1614 Posteaquam
1380 1561 1487 1598 dam-

162 1666 276 1698 natus
314 1662 372 1694 est
408 1653 561 1697 absens,
602 1660 683 1686 non
725 1645 852 1683 solum
898 1638 999 1677 illius
1045 1629 1271 1673 hereditatis
1316 1627 1367 1665 de
1411 1635 1489 1673 qua

163 1720 443 1770 ambigebatur,
467 1728 568 1766 quae
596 1719 677 1751 erat
705 1710 776 1747 HS
804 1704 972 1748 triciens,
996 1701 1066 1739 sed
1094 1695 1272 1737 omnium
1292 1692 1489 1730 bonorum

165 1794 415 1838 paternorum
444 1780 565 1831 ipsius
596 1773 783 1820 Heraclii,
806 1783 907 1821 quae
934 1781 1015 1806 non
1047 1763 1174 1803 minor
1201 1766 1282 1799 erat
1310 1753 1488 1807 pecunia,
1513 1767 1551 1799 25

167 1852 381 1902 palaestrae
412 1848 754 1895 Syracusanorum,
790 1838 867 1875 hoc
906 1840 964 1872 est
997 1823 1259 1880 Syracusanis,
1295 1816 1493 1870 possessio

109 1923 150 1965 46
169 1914 341 1954 traditur.
414 1911 529 1958 Quae
566 1914 624 1945 est
662 1904 734 1942 ista
779 1898 986 1952 praetura?
1062 1890 1190 1941 Eripis
1235 1883 1493 1925 hereditatem

171 1992 271 2028 quae
309 1982 468 2015 venerat
510 1986 533 2011 a
570 1969 806 2021 propinquo,
846 1967 1004 2002 venerat
1049 1959 1299 1998 testamento,
1337 1952 1495 1986 venerat

171 2044 349 2093 legibus3
378 2052 479 2090 quae
499 2039 606 2076 bona
629 2035 660 2072 is
681 2032 748 2083 qui
775 2032 1054 2069 testamentum
1082 2022 1226 2059 fecerat
1252 2013 1345 2053 huic
1373 2012 1496 2049 Hera-

219 2156 237 2176 2
262 2150 313 2176 est
332 2144 361 2174 O
376 2156 381 2174 :
407 2144 511 2174 everti
528 2144 571 2175 sit
589 2149 730 2173 necesse
748 2135 827 2167 com‘.
849 2128 1004 2162 Zielinski
1021 2130 1067 2166 (j).
1093 2124 1169 2163 1935
1299 2115 1413 2155 negari
1430 2123 1496 2144 non

176 2194 287 2240 POteSt
307 2188 337 2218 Ο
468 2199 486 2226 4
512 2188 594 2218 dicis
613 2186 643 2216 O
662 2186 693 2223 (ξ
717 2191 777 2211 12:
801 2178 845 2215 iii,
868 2178 882 2212 ξ
902 2174 957 2213 48)
975 2184 981 2202 z
1006 2171 1099 2201 dices
1116 2165 1180 2197 rell.
1311 2162 1333 2189 6
1356 2159 1414 2188 ille
1433 2156 1475 2187 Οι
1492 2167 1498 2186 :

177 2234 232 2283 {lle
250 2233 320 2270 5953
339 2231 403 2261 rell·
519 2242 535 2270 7
561 2228 746 2270 postularet
765 2222 804 2253 Ol
826 2220 901 2250 Par.
922 2216 1006 2256 7786
1118 2220 1155 2241 12
1172 2205 1278 2246 inquit
1305 2202 1347 2233 Ο1
1461 2200 1500 2228 16

179 2281 278 2307 istum
296 2275 340 2304 ita
360 2273 389 2302 O
408 2276 437 2310 (5
462 2286 473 2304 π
493 2287 499 2305 :
524 2275 556 2305 ii.
579 2277 593 2310 ς
616 2282 696 2302 100:
721 2268 765 2306 iii,
789 2268 804 2302 ξ
826 2263 900 2301 145³
1061 2265 1097 2293 17
1124 2250 1286 2293 populum
1306 2245 1369 2277 0¹:
1395 2252 1498 2283 popu-

180 2320 248 2350 lum
266 2318 399 2357 quidem
419 2318 484 2347 rell.
612 2326 650 2353 19
674 2321 762 2343 nunc
780 2319 816 2339 se
836 2304 909 2337 Orrk
925 2315 931 2333 :
957 2313 994 2333 se
1011 2309 1099 2331 nunc
1117 2294 1232 2333 bvnlg.
1354 2297 1397 2317 20
1419 2291 1498 2315 tunc

181 2363 245 2394 vrb:
270 2362 313 2391 dfi
333 2360 381 2390 O:
408 2366 475 2390 turn
491 2359 560 2390 edd,
717 2363 801 2385 21-‘2
825 2350 885 2380 sed
902 2348 944 2378 ad
961 2370 968 2377 .
989 2369 996 2376 .
1017 2368 1024 2375 .
1042 2341 1175 2372 venisse
1191 2346 1255 2367 om.
1274 2332 1320 2364 cO
1459 2336 1502 2365 29

183 2407 308 2437 fecerat
325 2403 450 2434 cArzts.
472 2404 569 2433 riless.
587 2413 593 2432 :
617 2401 768 2432 fecerant
788 2393 828 2424 0¹
848 2404 855 2423 ι
878 2391 955 2422 fecit
969 2387 1065 2429 prcll.
