1600 2704
78 114 212 153 53133
519 94 574 131 M.
605 88 774 129 TVLLI
805 80 1112 126 CICERONIS

152 208 395 251 concurritur
424 203 601 253 undique
629 200 680 238 ad
711 197 828 236 istum
855 196 1063 244 Syracusas
1078 204 1088 237 3
1125 185 1311 236 flagrabat
1341 184 1484 221 domus

154 283 237 315 tota
266 270 460 324 praetoria
489 265 621 307 studio
650 261 860 302 hominum
893 265 931 296 et
965 252 1205 304 cupiditate3
1240 261 1313 287 nec
1343 246 1486 285 mirum

157 339 342 380 omnibus
370 332 539 375 comitiis
566 337 624 369 tot
648 326 849 367 civitatum
878 333 997 361 unam
1021 318 1061 357 in
1089 318 1254 356 domum
1283 311 1484 355 revocatis,

158 413 346 454 tantaque
393 396 610 438 ambitione
657 388 882 443 provinciae
929 384 1049 424 totius
1092 382 1133 420 in
1180 391 1261 417 uno
1304 375 1489 415 cubiculo

159 471 320 509 inclusa.
382 460 594 513 Exquisitis
634 458 762 508 palam
802 450 935 504 pretiis
978 456 1016 488 et
1049 442 1331 485 licitationibus
1367 438 1492 485 factis,
1513 455 1529 485 5

161 531 401 575 discribebat
421 537 603 567 censores
625 521 739 560 binos
759 518 799 556 in
821 516 991 566 singulas
1011 512 1186 552 civitates
1207 504 1492 546 Timarchides.

163 602 203 639 Is
238 610 310 636 suo
344 595 478 633 labore
518 588 678 637 suisque
715 579 1011 622 accessionibus
1050 576 1166 614 huius
1205 571 1338 623 negoti
1377 577 1496 618 atque

163 662 292 713 operis
318 656 496 698 molestia
525 649 842 701 consequebatur
868 653 910 684 ut
930 645 981 683 ad
1007 642 1126 681 istum
1151 639 1234 677 sine
1255 638 1333 675 ulla
1360 632 1499 672 sollici-

166 726 304 766 tudine
329 734 483 762 summa
514 715 706 769 pecuniae
736 714 949 752 referretur.
1011 709 1097 745 Iam
1131 704 1195 742 hic
1225 698 1499 740 Timarchides

1595 515 1600 587 l

1596 589 1600 649 i

167 797 357 842 quantam
397 783 606 837 pecuniam
645 777 779 818 fecerit
818 777 935 826 plane
971 772 1103 811 adhuc
1142 778 1381 818 cognoscere
1419 775 1500 800 non
1526 777 1561 800 10
1598 801 1600 813 Ι

169 853 352 907 potuistis
369 867 378 900 3
409 861 544 889 verum
574 854 706 885 tamen
737 841 864 892 priore
898 837 1056 876 actione
1085 846 1204 884 quam
1234 830 1348 877 varie,
1382 840 1503 878 quam

170 919 352 971 improbe
373 915 582 966 praedatus
603 916 716 954 esset,
740 906 955 944 multorum
976 897 1211 940 testimoniis
1232 891 1484 946 cognovistis.

94 965 154 1047 ¹54
198 1015 201 1017 -
228 985 306 1023 Sed
345 995 395 1020 ne
434 974 629 1017 miremini
664 985 742 1023 qua
780 969 931 1008 ratione
965 966 1030 1004 hic
1060 971 1214 1003 tantum
1245 959 1353 1011 apud
1386 957 1506 996 istum

112 1026 155 1057 34
174 1050 336 1089 libertus
378 1042 558 1096 potuerit,
601 1049 796 1088 exponam
837 1032 950 1071 vobis
991 1029 1158 1069 breviter
1196 1025 1294 1077 quid
1333 1020 1507 1062 hominis

176 1114 239 1162 sit,
272 1120 315 1151 ut
349 1118 387 1149 et
421 1107 532 1147 istius
566 1101 783 1153 nequitiam
822 1097 889 1148 qui
922 1096 1032 1134 illum
1067 1104 1201 1132 secum
1236 1086 1429 1134 habuerit,
1460 1099 1509 1125 eo
1532 1100 1568 1132 15
1599 1074 1600 1128 i

112 1907 170 1938 ¹35

177 1176 405 1230 praesertim
454 1182 619 1211 numero
662 1180 707 1205 ac
750 1167 851 1211 loco,
896 1170 934 1200 et
977 1158 1241 1199 calamitatem
1284 1150 1510 1205 provinciae

179 1239 437 1294 cognoscatis.
500 1238 547 1275 In
568 1232 776 1272 mulierum
797 1224 1028 1277 corruptelis
1048 1231 1086 1263 et
1106 1222 1146 1260 in
1167 1219 1277 1260 omni
1298 1218 1381 1257 eius
1402 1214 1513 1254 modi

180 1307 331 1347 luxuria
365 1311 485 1353 atque
517 1296 692 1349 nequitia
726 1293 951 1333 mirandum
986 1289 1026 1327 in
1065 1287 1230 1326 modum
1269 1280 1513 1333 reperiebam

181 1376 289 1412 hunc
322 1364 621 1408 Timarchidem
655 1361 706 1400 ad
738 1358 849 1397 istius
884 1354 1094 1405 flagitiosas
1128 1349 1314 1389 libidines
1348 1345 1515 1396 singula-

183 1448 347 1486 remque
371 1429 588 1482 nequitiam
616 1433 752 1465 natum
775 1430 896 1472 atque
928 1426 1065 1470 aptum
1092 1416 1235 1462 fuisse3
1269 1410 1512 1460 investigare,
1536 1423 1576 1445 2c

184 1502 306 1548 adire,
336 1498 547 1549 appellare,
577 1501 838 1539 corrumpere,
870 1483 1026 1536 quidvis
1061 1483 1188 1520 facere
1223 1479 1263 1517 in
1293 1477 1378 1516 eius
1405 1473 1515 1514 modi

185 1568 303 1607 rebus
335 1561 515 1615 quamvis
550 1557 701 1603 callide,
736 1552 915 1605 quamvis
949 1550 1146 1594 audacter,
1184 1542 1364 1595 quamvis
1395 1541 1519 1590 impu-

188 1635 327 1671 denter
343 1645 353 1678 3
382 1627 555 1667 eundem
586 1623 683 1661 mira
705 1619 901 1670 quaedam
929 1613 1149 1664 excogitare
1168 1622 1310 1661 genera
1340 1604 1520 1645 furandi:

189 1709 281 1735 nam
316 1695 445 1745 ipsum
476 1692 639 1728 Verrem
671 1692 825 1724 tantum
854 1679 1015 1720 avaritia
1049 1689 1203 1726 semper
1234 1674 1369 1712 hiante
1401 1679 1521 1719 atque

189 1760 422 1799 imminente
449 1755 577 1800 fuisse,
601 1749 759 1801 ingenio
786 1755 824 1787 et
851 1743 1089 1796 cogitatione
1118 1742 1236 1786 nulla,
1262 1746 1303 1776 ut
1331 1733 1522 1787 quicquid
1544 1749 1581 1779 ²5

192 1839 261 1865 sua
281 1830 423 1874 sponte
447 1819 626 1864 faciebat,
649 1816 743 1854 item
765 1820 807 1852 ut
827 1824 896 1850 vos
920 1811 1074 1848 Romae
1101 1803 1351 1856 cognovistis,
1374 1800 1524 1849 eripere

192 1889 323 1942 potius
345 1899 464 1938 quam
489 1885 620 1922 fallere
641 1880 846 1918 videretur.
908 1877 1023 1914 Haec
1043 1885 1137 1911 vero
1163 1868 1278 1908 huius
1296 1873 1378 1905 erat
1404 1878 1465 1903 ars
1487 1871 1524 1901 et

194 1953 342 1994 malitia
377 1950 566 1995 miranda,
603 1946 712 1996 quod
747 1939 1039 1982 accuratissime
1077 1944 1160 1975 tota
1194 1930 1395 1984 provincia
1429 1927 1526 1979 quid

195 2020 338 2069 cuique
379 2014 598 2059 accidisset,
641 2009 737 2060 quid
782 2006 925 2056 cuique
959 2016 1059 2054 opus
1103 2008 1215 2047 esset,
1256 1998 1442 2046 indagare
1490 2000 1527 2031 et

245 2136 256 2154 1
285 2127 353 2154 tota
368 2122 486 2152 domus
507 2118 536 2149 O
700 2115 722 2144 6
746 2110 961 2143 describebat
978 2106 1065 2139 codd.
1248 2103 1268 2133 8
1294 2099 1448 2132 molestia
1459 2096 1506 2128 cO
1523 2107 1529 2126 z

199 2166 387 2197 molestiam
404 2169 427 2204 p
445 2161 510 2193 rell.
679 2167 700 2196 9
724 2154 890 2196 pecuniae
906 2151 954 2183 cO
971 2163 976 2181 :
1001 2148 1143 2191 pecunia
1156 2152 1181 2187 p
1197 2145 1263 2177 rell.
1433 2151 1468 2171 11
1496 2140 1529 2169 in

201 2210 313 2249 priore
332 2208 362 2239 Ο
522 2213 559 2234 12
585 2200 788 2233 testimoniis
807 2197 864 2228 cO¹
884 2208 889 2227 :
916 2206 958 2227 ex
979 2198 1054 2225 test.
1069 2198 1094 2233 p
1113 2190 1178 2222 rell.
1328 2187 1369 2218 28
1393 2193 1529 2217 accura-

202 2253 329 2284 tissime
346 2250 414 2282 cO:
439 2246 633 2279 acutissime
647 2244 691 2284 pb
709 2242 795 2283 vulg.
899 2239 978 2278 quid
997 2237 1118 2276 cuique
1136 2233 1316 2265 accidisset
1332 2230 1380 2261 cO
1395 2240 1402 2259 :
1426 2238 1493 2258 om.
1505 2231 1530 2266 p

202 2295 270 2327 rell.
365 2303 406 2333 29
431 2295 520 2323 esset
538 2297 679 2320 necesse
700 2286 861 2325 indagare
874 2283 919 2324 pb
936 2282 979 2314 al.
