1600 2704
28 111 85 156 64
108 116 165 155 165
479 111 536 147 M.
567 111 736 149 TVLLI
767 111 1074 152 C1CER0N1s

29 202 86 250 64
161 221 263 260 Cum
292 221 387 259 haec
412 221 545 259 omnia
576 234 677 271 quae
704 222 891 271 polliceor
917 225 1114 261 cumulate
1145 223 1220 262 tuis
1247 224 1434 274 proximis

23 262 81 301 165

18 1319 77 1350 166

104 285 221 334 plana
251 286 391 332 fecero,
427 292 510 323 tum
551 285 649 324 istuc
684 286 812 336 ipsum
847 287 991 325 tenebo
1023 288 1132 336 quod
1163 287 1235 326 abs
1264 295 1302 327 te
1336 288 1433 327 mihi

103 349 218 388 datur
234 364 244 396 ‚·
283 363 331 388 eo
365 358 596 389 contentum
631 364 716 390 esse
745 364 806 390 me
836 351 976 390 dicam.
1037 351 1147 400 Quid
1173 351 1279 390 enim
1308 366 1433 403 nuper

103 421 145 452 tu
165 413 259 464 ipse,
281 427 371 453 cum
399 415 534 465 populi
561 416 732 454 Romani
761 417 932 454 clamore
960 424 1079 467 atque
1108 416 1259 466 impetu
1287 425 1433 467 pertur-

104 479 218 517 batus
249 478 446 525 exsiluisfi,
482 479 589 528 quid,
626 479 799 529 inquam,
829 481 1008 518 elocutus
1034 482 1105 519 es?
1162 482 1292 528 Illum,
1323 483 1431 531 quod
1452 494 1471 525 5

103 555 253 581 moram
285 542 479 593 supplicio
511 550 724 592 quaereret,
748 543 839 582 ideo
870 544 1091 583 clamitasse
1118 558 1158 583 se
1188 558 1273 584 esse
1305 544 1431 584 civem

103 608 342 653 Romanum,
375 608 445 645 sed
475 608 762 656 speculatorem
791 606 921 645 fuisse.
982 609 1067 646 Iam
1098 609 1175 647 mei
1205 616 1323 648 testes
1352 610 1432 649 veri

102 678 201 710 sunt.
262 672 371 720 Quid
394 670 498 709 enim
519 670 615 710 dicit
634 671 743 710 aliud
764 672 811 712 C.
834 672 1092 720 Numitorius,
1113 673 1209 723 quid
1238 675 1294 712 M.
1323 682 1361 712 et
1387 677 1429 712 P.

102 735 238 782 Cottii,
269 734 507 787 nobilissimi.
539 735 721 774 homines
756 749 803 774 ex
836 748 930 786 agro
958 736 1306 785 Tauromenitano,
1333 738 1431 788 quid

101 799 150 847 Q.
188 799 394 846 Lucceius,
430 800 497 849 qui
528 799 786 849 argentariam
822 799 922 850 Regi
953 800 1163 839 maximam
1198 801 1298 849 fecit,
1333 802 1431 852 quid
1455 816 1494 839 10

99 863 248 902 ceteri?
303 865 449 903 Adhuc
473 864 580 902 enim
612 871 729 903 testes
756 878 803 904 ex
831 877 880 903 eo
908 878 1050 915 genere
1075 878 1099 904 a
1124 879 1186 904 me
1216 873 1306 904 sunt
1335 867 1428 915 dati,

100 941 181 968 non
208 928 276 979 qui
311 928 466 968 novisse
501 929 682 976 Gavium,
706 932 776 969 sed
805 943 846 968 se
880 929 1024 968 vidisse
1051 930 1236 978 dicerent,
1265 944 1358 970 cum
1384 932 1428 979 is,

100 993 168 1043 qui
189 1006 230 1032 se
257 993 383 1032 civem
405 995 635 1033 Romanum
661 1007 747 1033 esse
771 996 968 1042 clamaret,
991 994 1032 1033 in
1058 1008 1215 1034 crucem
1239 1005 1426 1046 ageretur.

102 1059 194 1096 Hoc
222 1065 274 1104 tu,
305 1060 459 1105 Verres,
480 1058 587 1097 idem
616 1058 726 1105 dicis,
751 1060 826 1098 hoc
857 1066 899 1098 tu
928 1059 1138 1106 confiteris,
1162 1059 1272 1098 illum
1299 1060 1430 1099 clami-

99 1129 202 1160 tasse
222 1135 263 1160 se
283 1121 410 1161 civem
438 1135 523 1161 esse
554 1124 782 1161 Romanum
800 1137 810 1171 3
838 1124 946 1174 apud
966 1131 1004 1162 te
1025 1137 1170 1163 nomen
1191 1123 1358 1163 civitatis
1379 1139 1429 1164 ne
1453 1139 1491 1172 15

98 1192 252 1224 tantum
279 1186 442 1236 quidem
469 1186 636 1226 valuisse
665 1194 708 1226 ut
736 1187 1027 1227 dubitationem
1055 1188 1229 1239 aliquam
1255 1187 1427 1242 [crucis]‚

99 1259 141 1289 ut
190 1251 450 1290 crudelissimi
499 1252 787 1302 taeterrimique
835 1253 1002 1303 supplici
1048 1253 1219 1304 aliquam
1270 1267 1429 1304 parvam

98 1328 249 1354 moram
288 1317 426 1354 saltem
466 1324 599 1366 posset
632 1318 792 1356 adferre.
867 1319 961 1356 Hoc
1000 1325 1130 1366 teneo,
1169 1319 1233 1358 hic
1272 1320 1426 1366 haereo,

97 1378 258 1426 iudices,
282 1381 358 1418 hoc
388 1393 476 1418 sum
504 1388 714 1420 contentus
742 1394 833 1429 uno,
855 1382 996 1421 omitto
1021 1395 1068 1421 ac
1088 1385 1253 1434 neglego
1273 1391 1429 1431 cetera3

96 1456 165 1482 sua
195 1444 444 1483 confessione
484 1444 668 1483 induatur
705 1459 751 1484 ac
786 1446 981 1496 iuguletur
1019 1460 1181 1487 necesse
1219 1456 1288 1486 est.
1348 1448 1429 1497 Qui
1451 1462 1492 1485 20

95 1515 197 1547 esset
218 1508 436 1558 ignorabas,
460 1511 746 1560 speculatorem
768 1524 853 1550 esse
873 1511 1123 1561 suspicabare
1141 1527 1151 1560 3
1179 1526 1261 1552 non
1282 1526 1429 1563 quaero

95 1586 173 1623 qua
202 1573 436 1623 suspicione,
470 1582 537 1612 tua
567 1582 604 1613 te
633 1588 778 1613 accuso
808 1576 1011 1615 oratione:
1041 1577 1167 1616 civem
1200 1579 1427 1616 Romanum

95 1651 135 1676 se
163 1651 248 1676 esse
277 1638 445 1677 dicebat.
505 1639 546 1678 Si
576 1647 617 1678 tu
648 1641 753 1690 apud
785 1642 922 1679 Persas
950 1649 1018 1680 aut
1045 1641 1085 1680 in
1115 1650 1286 1681 extrema
1313 1643 1428 1681 India

94 1703 321 1752 deprensus,
362 1705 515 1751 Verres,
555 1705 607 1743 ad
656 1705 893 1755 supplicium
940 1707 1138 1752 ducerere,
1179 1707 1276 1756 quid
1318 1707 1425 1745 aliud

93 1767 311 1805 clamitares
336 1767 410 1806 nisi
439 1775 477 1806 te
506 1768 633 1807 civem
664 1782 749 1807 esse
781 1771 1039 1808 Romanurn?
1067 1778 1105 1809 et
1132 1771 1162 1808 si
1193 1771 1264 1809 tibi
1291 1770 1426 1820 ignoto
1449 1786 1488 1817 25

92 1832 200 1881 apud
234 1831 399 1881 ignotos,
432 1835 540 1883 apud
572 1835 769 1879 barbaros,
802 1836 910 1884 apud
951 1835 1134 1874 homines
1172 1835 1213 1873 in
1245 1836 1426 1874 extremis

93 1902 211 1945 atque
228 1896 373 1934 ultimis
395 1898 578 1947 gentibus
600 1899 760 1949 positos,
784 1899 918 1938 nobile
939 1906 977 1938 et
998 1900 1159 1938 inlustre
1174 1902 1281 1950 apud
1297 1901 1426 1939 omnis

93 1972 240 1998 nomen
268 1960 433 2000 civitatis
456 1970 546 2001 tuae
578 1965 798 2012 profuisset,
822 1964 898 2011 ille,
920 1964 1098 2014 quisquis
1125 1972 1216 2011 erat,
1241 1978 1359 2015 quem
1385 1974 1425 2004 tu

94 2023 132 2062 in
167 2038 323 2064 crucem
359 2027 549 2077 rapiebas,
579 2028 647 2078 qui
677 2028 748 2067 tibi
777 2036 879 2068 esset
908 2028 1076 2078 ignotus,
1106 2042 1198 2068 cum
1228 2030 1355 2069 civem
1385 2044 1427 2069 56

140 2139 153 2158 1
181 2130 246 2159 tuis
271 2131 470 2171 proximisp
489 2131 551 2163 rell.
576 2143 582 2161 :
616 2132 757 2163 testibus
774 2132 950 2171 productis
966 2131 1098 2171 Lama,
1118 2132 1208 2163 Nohl
1225 2133 1271 2171 (ii,
1293 2133 1313 2171 i,
1334 2136 1348 2170 ξ
1372 2134 1423 2172 ῐ3)

93 2182 112 2209 3
138 2182 213 2203 6556
231 2183 283 2203 me
301 2186 321 2203 π
340 2186 346 2204 :
371 2185 424 2205 me
442 2185 519 2205 esse
537 2176 553 2204 δ
570 2174 637 2205 edd.
737 2185 756 2215 5
780 2175 932 2206 elocutus
949 2176 1013 2206 nk:
1037 2176 1167 2206 locutus
1185 2176 1284 2207 aedd.
1386 2187 1424 2216 15

94 2215 284 2246 Romanum
303 2227 378 2248 esse
396 2228 415 2256 q
433 2217 526 2256 (Ziel.
540 2223 573 2258 p.
591 2219 665 2256 198)
761 2220 800 2248 16
823 2219 933 2249 crucis
951 2219 993 2248 ⁷rk·
1010 2220 1041 2255 (e
1056 2219 1280 2250 crudelissimi
1297 2223 1419 2258 ortum,

93 2262 131 2288 ut
142 2258 288 2296 videtur,⁴
309 2260 379 2292 secl.
395 2264 457 2291 ant
468 2272 533 2292 om.
549 2261 618 2292 edd.
638 2262 724 2302 rece.)
737 2272 744 2292 τ
765 2261 963 2293 dilationem
977 2261 1122 2301 aliquam
1137 2263 1247 2293 crucis
1262 2262 1424 2293 Vt'clom'ns

97 2310 131 2338 17
159 2307 192 2332 ut
209 2312 274 2333 0171.
297 2304 313 2332 δ
450 2306 488 2335 18
513 2305 620 2343 possit
637 2316 658 2334 π
782 2315 823 2344 23
848 2315 884 2336 se
901 2315 965 2335 om.
984 2305 1026 2335 πΙε
1158 2316 1199 2343 24
1225 2306 1374 2345 depnsus
1385 2311 1423 2346 p,

93 2344 284 2383 deprensus
303 2346 360 2384 qu
375 2357 381 2376 z
400 2347 634 2385 deprehensus
650 2348 740 2387 vulg.
