1600 2704
57 127 108 166 32
129 123 166 152 δι
507 100 565 136 Μ.
594 89 765 132 TVLLI
793 75 1101 126 CICERONIS

134 225 221 272 mis,
249 231 365 272 porro
396 220 529 253 autem
550 202 687 258 populi
709 202 813 238 Rom

135 290 265 335 servis,
298 285 499 323 voluntate
534 267 802 322 supplicibus:

137 356 212 396 nisi
250 358 357 391 tanta
395 340 586 384 acerbitas
624 330 802 375 iniuriae,

142 411 403 468 Lampsaceni
424 402 671 447 moriendum
694 394 769 434 sibi
795 388 925 442 potius
946 393 1065 434 quarn
1085 388 1180 428 perp

143 491 281 529 tarent,
303 484 522 525 numquam
553 468 640 506 illos
661 463 702 500 in
721 470 813 499 eum
833 457 965 492 locum
986 449 1256 498 progressuros
1285 431 1405 471 fuisse
1433 433 1477 465 ut
1497 441 1514 471 5

147 543 419 591 vehementius
440 536 534 576 odio
554 526 729 571 libidinis
750 531 840 561 tuae
861 527 979 568 quam
999 504 1205 560 legationis
1225 506 1334 539 metu
1349 505 1479 534 move-

89 630 129 661 82
151 624 293 657 rentur.
353 605 499 649 Nolite,
531 611 600 650 per
634 596 731 633 deos
765 579 1006 626 immortalis,
1034 584 1172 624 cogere
1206 565 1335 606 socios
1364 567 1482 608 atque

154 689 303 721 exteras
333 671 512 712 nationes
541 666 619 702 hoc
645 666 702 697 uti
731 649 918 705 perfugio,
948 655 1040 694 quo,
1068 636 1143 677 nisi
1168 645 1239 672 vos
1264 622 1482 669 vindicatis,

518 730 524 737 '
576 759 582 766 .
640 724 933 769 Lampsacenos
962 709 1003 747 in
1032 705 1150 743 istum
1170 704 1390 744 numquam
1409 687 1489 726 ulla

961 774 1116 811 Rornae
1155 766 1338 803 daturum
1370 750 1492 793 credi·
1513 761 1554 784 10

975 836 1086 880 riam,
1115 839 1235 880 quarn
1269 822 1377 861 nulla
1408 819 1494 865 lege

164 939 255 979 satis
277 934 394 984 digne
415 921 598 979 persequi
619 920 793 969 possent,
811 917 945 948 tamen
975 893 1232 939 incommoda
1256 901 1326 927 sua
1354 879 1497 923 nostris

166 999 412 1044 committere
441 989 593 1041 legibus
623 992 661 1022 et
688 974 841 1018 iudiciis
875 980 994 1021 quam
1015 959 1142 1004 dolori
1175 968 1247 996 suo
1277 948 1501 1004 permittere

169 1069 401 1108 maluerunt.
460 1058 524 1094 Tu
545 1049 652 1094 mihi,
678 1055 769 1084 cum
794 1039 1072 1078 circumsessus
1093 1038 1116 1064 a
1143 1030 1224 1061 tam
1243 1012 1396 1057 inlustri
1415 1009 1504 1050 civi·

875 1111 952 1150 que
978 1090 1179 1142 flagitium,
1209 1096 1300 1124 cum
1333 1073 1506 1127 coegeris
1530 1085 1566 1116 15

172 1140 251 1172 tate
272 1129 322 1168 sis
343 1130 500 1177 propter
534 1125 646 1156 tuum
678 1108 805 1148 scelus
833 1109 872 1140 at

174 1194 356 1236 homines
377 1188 540 1227 miseros
561 1187 599 1219 et
620 1171 869 1216 calamitosos
891 1159 1003 1213 quasi
1023 1149 1237 1204 desperatis
1258 1142 1400 1185 nostris
1419 1137 1510 1188 legi-

837 266 879 298 ut
909 251 1160 307 perspicuum
1191 242 1241 282 sit
1269 235 1465 279 omnibus,

831 329 939 363 tanta
976 317 1033 356 vis
1072 308 1226 352 sceleris
1264 303 1399 343 fuisset
1428 305 1470 335 ut

1184 369 1386 412 etiendum
1406 375 1474 413 pu-

158 824 218 850 res
257 804 471 853 mitigasset
510 791 585 833 nisi
633 799 725 827 eum
763 790 912 832 poenas

161 876 334 915 dissent:
365 864 436 905 etsi
471 861 589 899 talem
624 851 857 899 acceperant
890 838 973 878 iniu

185 1469 277 1497 cum
298 1465 374 1503 apu
450 1479 457 1484 ,

188 1521 264 1561 tuis
291 1513 443 1569 probris
470 1504 704 1558 flagitiisque
731 1491 898 1537 violaris,
924 1498 1015 1526 cum
1042 1490 1080 1521 te
1107 1492 1154 1518 ex
1179 1477 1280 1514 ferro
1307 1467 1525 1508 amicorum

190 1583 327 1638 populi
350 1574 524 1619 Romani
545 1564 730 1620 eripueris
751 1568 870 1609 atque
891 1568 937 1594 ex

193 1652 258 1691 hic
292 1646 364 1687 tibi
398 1638 619 1694 perfugium
652 1640 782 1682 speras
815 1617 1018 1661 futurum?
1067 1613 1209 1649 Erras:
1252 1609 1295 1641 ut
1325 1600 1404 1637 huc
1438 1591 1532 1632 inci-

350 1722 431 1749 non
466 1713 508 1744 ut
541 1701 605 1740 liic
640 1691 951 1743 conquiesceres,
980 1678 1035 1718 illi
1065 1684 1104 1714 te
1136 1671 1270 1710 vivum
1298 1663 1402 1704 exire
1430 1655 1534 1710 passi

198 1719 320 1759 deres,

201 1788 291 1821 sunt
1558 1730 1597 1760 25

131 1829 182 1912 383
260 1847 310 1883 Et
330 1854 385 1880 ais
407 1837 596 1876 iudicium
619 1840 703 1868 esse
724 1826 871 1862 factum
892 1823 930 1854 te
951 1812 1090 1850 iniuria
1120 1804 1423 1842 circumsessum
1454 1798 1539 1827 esse

547 1898 573 1936 d
614 1889 873 1932 Philodamus
914 1889 1004 1917 cum
1044 1873 1125 1910 fiho
1160 1863 1449 1905 condemnatus
1480 1851 1528 1890 sit

211 1974 331 2025 Quid,
350 1971 381 2009 si
402 1970 540 2010 doceo,

213 2042 264 2080 ad
283 2041 386 2077 hanc
407 2045 488 2071 rem
510 2038 642 2068 tamen
664 2020 904 2060 idoneo——te
938 2008 1036 2057 ipso,
1069 2001 1245 2049 inquam,

216 2115 254 2144 te
293 2102 408 2141 huius
442 2083 776 2136 circumsessionis
806 2088 896 2118 tuae
931 2079 1090 2111 causam
1125 2069 1163 2102 et
1197 2072 1245 2097 cu

220 2165 472 2209 transtulisse,
490 2169 619 2207 neque
640 2154 678 2191 in
701 2161 780 2194 eos,
803 2154 902 2194 quos
923 2146 965 2176 tu
985 2129 1242 2173 insimularas,
1274 2131 1358 2158 esse
1378 2110 1553 2154 animad-

1221 2223 1282 2256 sibi
1301 2221 1344 2260 G2
1360 2231 1367 2250 ι
1392 2215 1454 2248 sibi
1472 2220 1555 2244 mor.

1213 2278 1252 2308 31
1279 2261 1463 2296 contulisse
1481 2255 1557 2286 Asc.

270 2282 289 2309 4
314 2264 523 2299 moriendum
550 2257 614 2290 sibi
640 2253 754 2295 potius

1168 2341 1173 2346 .
1191 2323 1231 2351 42
1253 2307 1374 2352 stabas)
1392 2316 1399 2335 :
1424 2301 1559 2333 insimu-

228 2320 296 2356 pot.
317 2311 351 2342 K
459 2307 479 2335 8
504 2302 593 2343 quod
609 2297 700 2330 codd.

230 2354 444 2390 insimularas
469 2347 523 2387 Dp
541 2343 619 2381 rcII.,
635 2348 714 2381 prae

233 2402 313 2434 laris
335 2396 403 2429 edd.
422 2392 489 2435 (cl.
508 2389 586 2420 Rcv.
604 2384 682 2416 xvii.
700 2379 776 2419 202}
