1600 2704
107 89 376 129 ACTIONIS
407 90 468 128 IN
498 90 545 130 C.
566 90 809 129 VERREM
841 90 1140 130 SECVNDAE
1171 92 1273 129 LIB.
1297 93 1334 128 V
1406 102 1441 129 11
1463 98 1504 128 28

105 201 236 252 palam
254 215 265 248 ,-
293 200 325 239 si
345 214 447 253 quae
467 200 652 240 castiores
674 208 794 247 erant,
817 202 868 239 ad
889 208 1044 252 tempus
1065 202 1288 248 veniebant,
1311 204 1441 241 lucem

107 273 429 316 conventumque
462 265 649 305 vitabant.
710 267 832 304 Erant
866 274 999 305 autem
1038 266 1218 305 convivia
1255 280 1336 306 non
1375 268 1442 307 illo

105 331 261 370 silentio
282 331 419 383 populi
434 330 607 371 Romani
624 338 848 382 praetorum
865 339 984 381 atque
1002 333 1296 382 imperatorum,
1312 346 1442 383 neque

106 410 153 435 eo
175 398 326 447 pudore
347 397 414 448 qui
441 397 481 436 in
514 396 810 448 magistratuum
836 396 1024 435 conviviis
1046 398 1186 436 versari
1215 398 1348 444 soleat,
1372 399 1442 436 sed

67 478 84 510 5
106 474 197 500 cum
219 461 390 501 maximo
411 463 583 501 clamore
604 469 722 512 atque
744 461 925 500 convicio
941 476 951 509 ,-
981 474 1061 500 non
1083 474 1302 512 numquam
1323 464 1441 501 etiarn

105 540 165 565 res
203 527 255 566 ad
293 540 466 578 pugnam
505 534 625 578 atque
662 528 713 566 ad
754 540 893 566 manus
929 527 1152 566 vocabatur.
1215 528 1296 567 Iste
1335 528 1440 566 enim

105 598 259 642 praetor
297 605 454 631 severus
490 605 537 631 ac
575 591 753 642 diligens,
795 592 862 642 qui
900 594 1037 644 populi
1077 594 1250 631 Romani
1290 593 1440 643 legibus

105 670 324 707 numquam
345 658 548 707 paruisset,
569 657 642 696 illis
663 657 815 708 legibus
838 671 938 708 quae
960 659 999 696 in
1017 658 1169 709 poculis
1191 659 1441 708 ponebantur

106 721 312 771 diligenter
333 722 643 773 obtemperabat.
704 724 845 773 Itaque
875 731 984 762 erant
1012 723 1136 762 exitus
1163 724 1246 762 eius
1268 724 1377 762 modi
1399 731 1440 761 ut

49 804 87 826 10
105 786 203 825 alius
238 786 339 826 inter
367 801 507 826 manus
537 800 559 826 e
587 788 769 826 convivio
800 796 1002 839 tamquam
1037 802 1058 827 e
1090 788 1239 839 proelio
1277 790 1442 828 auferre-

105 860 180 899 tur,
209 852 307 891 alius
342 860 545 904 tamquam
575 853 729 892 occisus
761 853 1055 903 relinqueretur,
1087 854 1263 904 plerique
1294 862 1335 892 ut
1365 855 1440 893 fusi

106 918 189 956 sine
225 925 358 957 mente
392 931 439 957 ac
477 917 562 957 sine
594 919 675 958 ullo
706 931 823 957 sensu
857 918 1142 966 iacerent‚—ut
1176 918 1314 969 quivis,
1347 932 1438 958 cum

104 983 330 1033 aspexisset,
366 996 447 1022 non
486 996 528 1022 se
567 984 754 1034 praetoris
795 984 1033 1030 convivium,
1074 986 1144 1024 sed
1185 986 1439 1025 Cannensem

105 1061 280 1098 pugnam
309 1048 509 1099 nequitiae
537 1050 670 1088 videre
698 1048 956 1088 arbitraretur.

48 1126 84 1159 15
161 1114 264 1153 Cum
297 1126 389 1152 vero
426 1120 552 1152 aestas
591 1126 746 1151 summa
784 1125 869 1151 esse
908 1122 1102 1164 coeperat,
1137 1115 1245 1165 quod
1284 1121 1440 1164 tempus

105 1189 244 1215 omnes
284 1176 439 1216 Siciliae
478 1190 633 1228 semper
673 1185 870 1228 praetores
903 1177 942 1216 in
973 1178 1177 1218 itineribus
1208 1192 1441 1218 consumere

105 1250 356 1289 consuerunt,
397 1250 604 1293 propterea
643 1243 752 1293 quod
792 1250 876 1281 tum
916 1252 1055 1294 putant
1095 1245 1323 1284 obeundam
1356 1257 1441 1284 esse

105 1308 275 1347 maxime
304 1307 558 1358 provinciam,
585 1321 676 1347 cum
707 1308 746 1346 in
776 1307 875 1346 areis
905 1309 1100 1348 frumenta
1131 1318 1231 1356 sunt,
1264 1310 1373 1360 quod
1403 1317 1441 1347 et

105 1373 275 1412 familiae
309 1380 596 1423 congregantur
630 1380 668 1411 et
700 1372 932 1423 magnitudo
965 1373 1094 1412 serviti
1134 1374 1365 1425 perspicitur
1403 1381 1441 1412 et

47 1454 87 1477 20
105 1439 217 1478 labor
248 1438 376 1489 operis
411 1437 580 1477 maxime
612 1438 787 1484 offendit,
830 1438 1014 1478 frumenti
1053 1439 1166 1489 copia
1198 1446 1438 1485 commonet,

105 1511 262 1554 tempus
291 1503 385 1541 anni
415 1516 496 1542 non
526 1503 715 1554 impedit:
747 1511 843 1549 tum,
876 1504 1050 1555 inquam,
1083 1517 1173 1543 curn
1204 1514 1440 1545 concursant

104 1569 223 1607 ceteri
256 1576 464 1619 praetoreS,
502 1567 575 1607 iste
604 1581 710 1607 novo
740 1569 916 1618 quodam
947 1582 1089 1619 genere
1120 1569 1330 1619 imperator
1360 1573 1439 1621 pul-

104 1634 299 1673 cherrimo
346 1635 625 1683 Syracusarum
665 1634 754 1672 loco
794 1633 932 1672 stativa
971 1633 1045 1672 sibi
1086 1643 1211 1673 castra
1258 1635 1436 1675 faciebat.

105 1701 211 1738 Nam
244 1699 283 1737 in
314 1699 399 1750 ipso
427 1698 538 1738 aditu
567 1706 686 1749 atque
717 1711 783 1738 ore
812 1707 958 1750 portus,
987 1698 1055 1737 ubi
1084 1699 1254 1749 primum
1285 1712 1331 1739 ex
1360 1702 1439 1739 alto

46 1781 84 1813 25
106 1765 213 1804 sinus
241 1765 292 1803 ab
317 1764 429 1803 litore
456 1765 508 1803 ad
536 1764 674 1803 urbem
703 1764 924 1810 inflectitur,
958 1764 1210 1803 tabernacula
1244 1765 1439 1804 carbaseis

104 1830 257 1869 intenta
276 1829 371 1868 velis
387 1829 634 1868 conlocabat.
695 1831 790 1868 Huc
816 1843 863 1869 ex
884 1830 948 1868 illa
969 1830 1091 1869 domo
1113 1830 1317 1880 praetoria,
1338 1844 1439 1880 quae

102 1896 201 1946 regis
220 1894 409 1934 Hieronis
429 1894 512 1941 fuit,
529 1894 585 1933 sic
605 1894 821 1945 emigrabat
843 1903 884 1934 ut
906 1908 996 1934 eum
1018 1908 1087 1945 per
1107 1894 1193 1933 illos
1215 1895 1298 1935 dies
1319 1908 1438 1934 nemo

103 1970 210 2001 extra
244 1960 354 1999 illum
387 1961 520 1999 locum
552 1959 685 1998 videre
716 1967 860 2010 posset.
922 1961 970 1998 In
1006 1973 1097 1999 eum
1136 1968 1268 1998 autem
1308 1959 1437 2010 ipsum

102 2028 235 2066 locum
263 2025 393 2065 aditus
425 2032 506 2063 erat
531 2024 691 2071 nemini,
722 2024 795 2063 nisi
821 2024 888 2075 qui
917 2033 984 2063 aut
1010 2025 1138 2063 socius
1171 2033 1237 2063 aut
1264 2024 1440 2064 minister

147 2142 166 2168 4
190 2129 299 2161 soleat
318 2127 412 2160 RSw
428 2139 434 2159 :
459 2127 547 2159 solet
558 2130 601 2168 pb
726 2129 747 2159 6
770 2128 953 2159 vocabatur
969 2127 1054 2168 RSp
1072 2140 1078 2159 z
1103 2128 1262 2159 veniebat
1279 2129 1296 2158 δ
1419 2139 1435 2167 7

103 2174 160 2212 qui
178 2184 244 2204 om.
275 2171 339 2204 RS
509 2181 571 2211 p.r.
598 2176 794 2211 praetorum
821 2171 906 2203 RS:
949 2178 1143 2211 praetorum
1169 2173 1185 2201 δ
1212 2172 1272 2209 (iv,
1303 2175 1319 2209 ξ
1350 2173 1435 2209 146;

102 2226 135 2256 v,
167 2219 183 2254 ξ
213 2217 272 2257 81)
416 2224 451 2245 11
479 2220 514 2245 ut
540 2213 626 2245 RS:
661 2225 728 2245 om.
753 2216 795 2255 ρδ
932 2224 971 2245 12
996 2216 1107 2254 quivis
1136 2220 1169 2245 ut
1196 2215 1293 2254 Nohl,
1322 2213 1437 2246 Muell.

106 2269 144 2298 13
170 2269 236 2290 non
266 2264 301 2290 ut
328 2269 366 2290 se
392 2257 485 2289 st
619 2259 679 2289 sed
708 2258 813 2289 Cann.
847 2256 965 2289 Lmnb.
987 2270 992 2289 :
1021 2259 1082 2289 sed
1112 2263 1147 2289 ut
1173 2259 1280 2290 Cann.
1299 2257 1435 2299 stp2

103 2303 163 2334 sed
181 2303 233 2333 vel
251 2302 356 2334 Cann.
375 2301 490 2333 Eberh.
596 2311 633 2341 15
659 2311 735 2332 esse
754 2302 818 2331 iarn
832 2303 874 2341 ῥδ
989 2311 1024 2340 17
1051 2307 1130 2332 tunc
1148 2301 1213 2333 RS
1325 2313 1366 2333 22
1392 2312 1437 2332 ex

104 2355 229 2385 genere
241 2347 284 2386 p&
417 2356 457 2383 24
484 2350 518 2375 ut
537 2345 679 2385 primum
701 2344 816 2384 stp

1459 1089 1507 1117 12

1462 1150 1502 1180 ²9

1460 1713 1504 1744 30
