1600 2704
108 120 162 149 20

128 431 163 462 51

143 1526 182 1557 52

183 221 438 267 fortunasque
471 222 667 254 aratorum
702 209 831 250 omnis
864 206 973 245 istius
1007 203 1126 242 fuisse
1155 200 1257 247 dico,
1288 196 1510 248 Apronium

184 283 456 332 Veneriosque
486 275 796 325 servos,-—quod
824 273 899 311 isto
920 277 1096 320 praetore
1116 265 1189 305 fuit
1216 276 1365 304 novum
1388 272 1511 311 genus

186 349 788 401 publicanorum,—ceterosque
823 338 1066 376 decumanos
1096 336 1367 382 procuratores
1403 324 1513 363 istius

187 404 373 464 quaestus
393 417 431 449 et
452 406 703 447 administros
724 402 947 452 rapinarum
969 397 1087 436 fuisse
1107 395 1209 435 dico.
1256 396 1264 412 ‘
1279 394 1371 441 Quo
1392 389 1514 428 modo

188 481 263 517 hoc
302 475 472 516 doces?’
530 474 623 520 Quo
661 469 783 506 modo
821 480 868 504 ex
906 464 970 501 illa
1008 460 1204 500 locatione
1242 458 1515 495 columnarum
1537 463 1553 494 5

188 541 307 583 docui
336 541 453 578 istum
480 549 564 575 esse
591 534 846 584 praedatum:
882 528 1032 577 opinor,
1066 539 1112 563 ex
1136 537 1184 562 eo
1211 520 1381 560 maxime
1408 517 1516 567 quod

189 608 365 657 iniquam
396 606 523 653 legem
564 610 786 646 novamque
825 593 995 633 dixisset.
1056 588 1156 638 Quis
1191 586 1296 626 enim
1328 594 1516 632 umquam
1598 627 1600 629 Ι

190 677 354 710 conatus
375 675 433 707 est
454 667 537 704 iura
564 661 698 702 omnia
719 668 756 699 et
778 655 1105 697 consuetudinem
1135 650 1314 691 omnium
1344 658 1519 685 commu·
1598 639 1600 663 ²

191 746 272 775 tare
292 747 384 773 cum
404 728 690 781 vituperatione
718 725 801 763 sine
823 722 1018 773 quaestu?
1089 720 1252 766 Pergam
1279 721 1397 762 atque
1422 711 1520 748 inse·
1576 676 1600 767 ζ

192 813 289 851 quar
316 796 481 846 longius.
543 791 686 841 Iniqua
715 791 799 837 lege
829 785 1039 830 vendebas,
1062 794 1142 832 quo
1171 778 1290 830 pluris
1317 777 1516 815 venderes.
1541 766 1600 824 10}

194 867 275 905 Cur
294 861 464 901 addictis
484 860 561 897 iam
583 864 620 896 et
642 852 810 894 venditis
835 849 1026 895 decumis,
1045 860 1136 886 cum
1157 845 1235 883 iam
1254 845 1306 882 ad
1326 852 1521 881 summam
1598 827 1600 841 ³

194 931 451 968 decumarum
499 922 607 968 nihil,
657 920 708 958 ad
756 926 867 955 tuum
916 920 1123 964 quaestum
1176 910 1343 947 multum
1391 910 1524 956 posset

195 995 394 1038 accedere,
413 989 546 1029 subito
565 994 683 1035 atque
704 997 750 1022 ex
771 990 949 1030 tempore
969 990 1071 1016 nova
1091 975 1353 1014 nascebantur
1373 969 1524 1009 edicta?

199 1062 302 1099 Nam
330 1065 372 1096 ut
392 1052 662 1094 vadimonium
691 1050 928 1092 decumano,
950 1053 1204 1093 quocumque
1225 1038 1256 1076 is
1284 1038 1411 1083 vellet,
1442 1047 1525 1085 pro-

200 1124 425 1167 mitteretur,
446 1127 487 1158 ut
509 1132 555 1157 ex
575 1128 673 1162 area,
698 1112 771 1151 nisi
793 1118 930 1161 pactus
951 1114 1063 1154 esset,
1086 1112 1213 1144 arator
1233 1116 1283 1141 ne
1304 1102 1466 1146 tolleret,
1483 1105 1527 1136 ut
1549 1110 1600 1142 15-

199 1197 290 1228 ante
325 1186 528 1225 Kalendas
562 1179 715 1220 Sextilis
750 1178 938 1216 decumas
971 1174 1195 1221 deportatas
1227 1168 1399 1213 haberet,
1430 1166 1528 1203 haec
1599 1152 1600 1156 Ἰ

201 1252 334 1292 onmia
358 1251 436 1289 iam
463 1244 632 1287 venditis
662 1240 841 1282 decumis
871 1251 976 1277 anno
1006 1235 1120 1275 tertio
1150 1242 1188 1272 te
1218 1231 1385 1271 edixisse
1413 1229 1530 1275 dico,

201 1331 303 1368 quae
342 1315 374 1354 si
412 1313 466 1352 rei
504 1310 686 1362 publicae
725 1319 842 1345 causa
880 1305 1037 1348 faceres,
1075 1300 1114 1338 in
1145 1297 1362 1337 vendundo
1400 1301 1531 1333 essent

202 1380 454 1432 pronuntiata
469 1393 478 1426 3
502 1375 595 1427 quia
615 1382 682 1412 tua
701 1384 818 1410 causa
837 1368 1019 1414 faciebas
1038 1365 1146 1416 quod
1167 1370 1247 1402 erat
1267 1358 1532 1412 imprudentia

203 1444 532 1498 praetermissum,
573 1440 613 1478 id
652 1443 817 1488 quaestu
855 1447 901 1472 ac
934 1440 1111 1481 tempore
1148 1426 1375 1466 admonitus
1409 1438 1532 1475 repre·
1552 1433 1592 1456 20

204 1509 387 1551 hendisti.
439 1507 544 1546 Illud
565 1517 657 1543 vero
678 1501 741 1541 cui
762 1497 917 1552 probari
937 1502 1078 1547 potest,
1101 1502 1139 1532 te
1161 1492 1244 1532 sine
1264 1499 1333 1530 tuo
1354 1496 1529 1540 quaestu,

205 1590 250 1615 ac
272 1574 444 1613 maximo
468 1577 644 1621 quaestu,
669 1574 817 1606 tantam
845 1572 953 1601 tuam
980 1559 1193 1605 infamiam,
1217 1564 1370 1595 tantum
1396 1553 1533 1604 capitis

207 1641 262 1680 tui
301 1642 623 1685 fortunarumque
657 1641 812 1671 tuarum
851 1627 1067 1678 periculum
1101 1621 1316 1673 neglexisse
1354 1627 1407 1667 ut,
1443 1631 1533 1657 cum

209 1705 328 1744 totius
376 1701 530 1742 Siciliae
578 1697 724 1737 cotidie
764 1693 932 1744 gemitus
980 1686 1325 1740 querimoniasque
1367 1683 1531 1729 audires,

210 1782 312 1814 cum,
346 1775 388 1806 ut
427 1766 510 1816 ipse
541 1762 681 1808 dixisti,
723 1772 832 1798 reum
864 1765 902 1795 te
936 1757 1018 1793 sore
1049 1760 1216 1804 putareS,
1251 1763 1342 1788 cum
1373 1748 1536 1787 huiusce
1557 1760 1594 1792 25

211 1833 330 1873 iudici
355 1830 565 1870 discrimen
593 1828 643 1866 ab
674 1824 862 1876 opinione
886 1830 954 1860 tua
983 1833 1064 1858 non
1093 1818 1330 1862 abhorreret,
1364 1822 1537 1864 paterere

211 1908 345 1936 tamen
387 1903 556 1934 aratores
604 1886 885 1941 indignissimis
933 1883 1081 1923 iniuriis
1128 1880 1254 1920 vexari
1302 1893 1348 1918 ac
1396 1877 1540 1927 diripi?

214 1963 407 2007 Profecto,
417 1970 658 2010 quamquam
673 1968 713 1994 es
728 1950 911 2002 singulari
927 1947 1157 1988 crudelitate
1173 1953 1211 1984 et
1223 1943 1399 1989 audacia,
1407 1951 1539 1981 tamen

214 2028 284 2066 abs
314 2034 352 2065 te
381 2032 503 2064 totam
534 2018 744 2061 abalienari
775 2014 1029 2067 provinciam,
1057 2019 1115 2051 tot
1142 2009 1322 2049 homines
1352 2006 1541 2046 honestis-

185 125 226 157 50
551 104 606 141 M.
639 100 807 140 TVLLI
839 92 1146 138 CICERONIS
1592 0 1600 292 1

1595 294 1600 361 l

1595 398 1600 511 l

1596 533 1600 562 l

264 2141 275 2158 1
303 2139 422 2159 omnes
436 2132 605 2158 aratorum
623 2124 652 2155 O
741 2133 759 2160 4
785 2118 1001 2152 administros
1016 2114 1077 2147 cO:
1099 2114 1300 2154 ministrosp
1315 2111 1380 2142 rell.
1435 2110 1538 2140 fuisse

218 2173 293 2203 dico
310 2172 358 2202 cO
375 2183 381 2201 :
406 2171 481 2201 dico
501 2170 603 2200 fuisse
618 2172 641 2207 p
659 2166 725 2197 rell.
826 2173 846 2203 5
871 2163 927 2193 illa
945 2160 1112 2191 locatione
1128 2157 1158 2188 O
1174 2169 1181 2188 ι
1206 2157 1267 2187 loc.
1289 2155 1333 2186 ill.
1352 2154 1417 2185 rell.
1521 2151 1542 2181 6

219 2225 295 2246 esse
306 2226 373 2245 om.
387 2215 429 2244 vrk
495 2224 516 2252 9
540 2211 656 2251 atque]
672 2214 706 2241 et
721 2208 751 2239 O
835 2217 847 2237 1
858 2216 870 2236 1
896 2203 1038 2236 addictis
1052 2203 1116 2233 iam
1130 2201 1161 2232 Ο
1177 2212 1183 2231 :
1204 2200 1268 2230 iam
1280 2199 1424 2229 addictis
1436 2202 1460 2237 j>
1474 2195 1538 2226 rell.

224 2268 261 2297 15
286 2263 322 2288 ut
339 2263 415 2288 ante
432 2257 480 2287 cO
497 2268 503 2287 :
527 2261 605 2286 ante
622 2266 643 2283 π
789 2252 827 2281 16
850 2249 989 2280 haberet
1009 2246 1059 2277 O:
1084 2245 1246 2276 haberent
1258 2248 1282 2283 p
1299 2242 1365 2272 rell.
1505 2238 1542 2268 18

221 2302 402 2332 vendundo
422 2300 471 2339 Op
490 2299 554 2329 rell.
571 2310 577 2329 :
602 2295 780 2327 vendendo
798 2292 869 2324 edd.
1019 2300 1060 2320 20
1077 2286 1283 2327 deprehend.
1304 2285 1351 2316 cO
1503 2290 1542 2319 23

223 2351 353 2375 tuarum
372 2343 419 2373 cO
438 2355 442 2372 z
469 2353 534 2373 om.
549 2347 573 2381 p
590 2340 656 2371 rell.
791 2347 832 2376 29
855 2333 1034 2366 abalienari
1054 2331 1118 2362 Vc:
1141 2329 1282 2361 alienari
1295 2334 1320 2368 p
1337 2327 1402 2359 rell.
