1600 2704
141 60 411 103 ACTIONIS
444 67 504 105 IN
536 69 580 108 C.
604 71 846 115 VERREM
877 80 1177 127 SECVNDAE
1209 92 1312 131 LIB·
1338 97 1355 133 I
1398 107 1447 146 27
1467 62 1547 148 6975.

110 176 259 218 postea,
296 173 418 213 levius
458 189 594 217 eorum
632 192 841 230 peccatum
877 189 959 228 fore
997 192 1028 230 si
1068 195 1220 237 homini
1255 205 1443 247 scelerato

107 235 375 283 pepercissent
395 253 513 289 quam
535 243 566 281 si
587 244 716 295 legato
738 262 818 288 non
838 255 1116 303 pepercissent.

159 297 224 336 Sic
245 299 317 340 iste
338 305 463 343 multo
483 308 707 349 sceleratior
726 320 763 352 et
785 317 952 366 nequior
972 333 1091 370 quam
1122 324 1186 365 ille
1213 329 1440 374 Hadrianus
1463 352 1502 384 70

101 361 305 412 aliquanto
331 367 449 408 etiam
474 371 622 412 felicior
642 376 723 415 fuit.
785 380 867 428 Ille,
887 386 996 432 quod
1017 386 1100 426 eius
1120 392 1320 434 avaritiam
1336 398 1439 439 cives

61 440 79 472 5
102 426 274 468 Romani
302 432 399 472 ferre
428 448 509 474 non
538 446 762 490 potuerunt,
790 446 929 487 Vticae
956 451 1066 490 domi
1091 467 1184 495 suae
1212 459 1322 499 vivus
1350 477 1439 504 exu-

98 497 181 530 stus
203 501 272 542 est,
292 494 414 547 idque
434 499 487 538 ita
503 500 557 540 illi
574 505 714 545 merito
733 509 925 551 accidisse
946 515 1209 560 existimatum
1227 532 1285 563 est
1306 536 1347 565 ut
1363 530 1436 568 lae-

96 562 271 596 tarentur
292 574 431 602 omnes
449 578 580 617 neque
601 570 680 609 ulla
699 572 989 619 animadversio
1010 584 1314 628 constitueretur
1332 608 1339 630 :
1370 594 1433 633 hic

93 620 290 662 sociorum
326 628 532 669 ambustus
564 632 752 676 incendio
780 647 910 681 tamen
937 658 983 683 ex
1011 646 1075 685 illa
1099 650 1258 691 flamma
1283 657 1432 705 pericu-

91 683 210 734 loque
231 691 409 739 evolavit,
429 707 559 746 neque
579 700 711 740 adhuc
738 716 896 745 causam
919 710 1037 749 ullam
1060 715 1280 766 excogitare
1300 723 1428 770 potuit

30 763 68 786 10
88 760 207 797 quam
235 754 288 792 ob
315 768 396 795 rem
425 762 676 812 commiserit,
705 775 772 806 aut
799 771 894 819 quid
922 777 1104 824 evenerit,
1135 788 1176 818 ut
1205 781 1243 820 in
1272 791 1424 827 tantum

86 814 305 861 periculum
346 822 503 863 veniret.
564 828 658 866 Non
693 831 798 870 enim
831 844 961 885 potest
995 840 1137 889 dicere,
1179 848 1292 886 ‘cum
1326 853 1424 891 sedi-

83 877 232 920 tionem
255 885 392 924 sedare
413 890 565 938 vellem,
592 905 683 932 cum
710 896 951 939 frumentum
979 902 1223 957 imperarem,
1247 925 1338 952 cum
1360 917 1422 955 sti·
1452 965 1463 977 ⁶

79 946 271 993 pendium
299 962 492 1001 cogerem,
519 968 609 994 cum
636 958 786 1009 aliquid
813 964 986 1015 denique
1013 969 1066 1008 rei
1093 973 1276 1021 publicae
1303 992 1419 1019 causa

75 1021 261 1060 gererem,
299 1018 408 1064 quod
446 1019 573 1059 acrius
621 1022 820 1074 imperavi,
856 1032 966 1079 quod
1004 1034 1274 1087 animadverti,
1308 1048 1417 1094 quod

17 1085 53 1117 15
76 1073 247 1116 minatus
269 1082 382 1118 sum.'
440 1084 554 1131 Quae
589 1086 621 1125 si
653 1088 812 1138 diceret,
842 1100 973 1134 tamen
1006 1098 1156 1148 ignosci
1189 1118 1269 1145 non
1302 1121 1414 1159 opor-

73 1146 179 1185 teret,
200 1141 230 1179 si
252 1142 369 1184 nimis
390 1148 572 1189 atrociter
592 1151 826 1203 imperando
843 1160 959 1199 sociis
980 1162 1018 1200 in
1042 1172 1192 1206 tantum
1215 1172 1411 1214 adductus

72 1204 290 1252 periculum
312 1209 518 1253 videretur.
570 1217 691 1256 Nunc
707 1222 895 1272 cumipse
916 1239 1074 1268 causam
1094 1231 1196 1272 illius
1218 1241 1408 1279 tumultus
1431 1219 1482 1256 ²8

68 1281 198 1318 neque
219 1284 349 1312 veram
371 1276 502 1317 dicere
524 1293 653 1331 neque
682 1285 818 1325 falsam
849 1292 1074 1343 confingere
1100 1300 1255 1348 audeat,
1285 1303 1406 1344 homo
1430 1286 1466 1320 7¹

65 1342 197 1373 autem
219 1338 367 1378 ordinis
388 1342 447 1381 sui
469 1345 761 1398 frugalissimus,
785 1353 852 1402 qui
874 1361 956 1394 tum
978 1371 1168 1401 accensus
1191 1366 1234 1404 C.
1256 1367 1406 1408 Neroni

5 1411 44 1432 20
64 1397 147 1445 fuit,
164 1401 203 1439 P.
224 1403 390 1452 Tettius,
406 1407 505 1447 haec
534 1413 674 1451 eadem
708 1428 750 1454 se
783 1418 992 1469 Lampsaci
1025 1437 1218 1475 cognosse
1251 1431 1400 1481 dixerit,

61 1461 117 1500 vir
137 1466 323 1507 omnibus
360 1472 476 1511 rebus
505 1476 786 1527 ornatissimus,
808 1483 853 1522 C.
883 1485 1017 1534 Varro,
1044 1490 1111 1539 qui
1143 1500 1224 1532 turn
1247 1495 1284 1533 in
1307 1499 1402 1538 Asia

59 1526 227 1568 militum
268 1533 447 1575 tribunus
477 1539 560 1587 fuit,
586 1542 685 1582 haec
716 1547 856 1585 eadem
882 1548 965 1599 ipse
996 1565 1038 1591 se
1077 1570 1123 1593 ex
1162 1558 1398 1602 Philodamo

55 1592 213 1633 audisse
234 1596 349 1646 dicat,
380 1604 544 1650 potestis
577 1607 759 1648 dubitare
775 1612 870 1661 quin
900 1614 1016 1654 istum
1039 1619 1193 1660 fortuna
1214 1638 1294 1664 non
1317 1634 1395 1666 tam

55 1668 101 1694 ex
135 1658 202 1699 illo
222 1663 398 1711 periculo
418 1668 566 1719 eripere
587 1674 751 1713 voluerit
778 1690 896 1726 quam
922 1682 973 1719 ad
1003 1692 1174 1725 vestrum
1203 1688 1393 1732 iudicium

0 1732 32 1766 25
52 1728 274 1765 reservare?
330 1730 416 1770 Nisi
433 1746 524 1773 vero
546 1735 642 1776 illud
658 1738 774 1787 dicet,
793 1744 901 1791 quod
922 1752 960 1783 et
981 1745 1020 1785 in
1038 1750 1144 1788 Tetti
1165 1754 1392 1796 testimonio

51 1786 179 1833 priore
218 1792 374 1833 actione
406 1795 668 1849 interpellavit
699 1805 1077 1862 Hortensius—quo
1101 1823 1278 1867 tempore
1308 1823 1390 1871 qui-

48 1850 140 1889 dem
171 1853 270 1904 signi
300 1858 392 1897 satis
422 1862 543 1911 dedit,
567 1865 598 1903 si
628 1867 724 1917 quid
749 1878 851 1909 esset
881 1876 990 1922 quod
1017 1887 1151 1926 posset
1180 1882 1324 1932 dicere,
1346 1900 1387 1925 se

46 1922 175 1956 tacere
196 1932 276 1958 non
298 1935 424 1971 posse,
452 1935 504 1974 ut,
535 1941 654 1978 quam
689 1932 757 1971 diu
797 1937 918 1974 tacuit
957 1939 996 1977 in
1036 1944 1173 1983 ceteris
1204 1948 1381 1997 testibus,

45 1979 142 2020 scire
164 1995 302 2023 omnes
324 2000 530 2036 possemus
551 1993 648 2032 nihil
670 1996 855 2038 habuisse
871 2004 980 2050 quod
995 2004 1142 2046 diceret
1162 2024 1168 2046 :
1199 2011 1276 2051 hoc
1298 2021 1380 2053 turn

4 2055 25 2078 0
43 2043 149 2092 dixit,
167 2048 447 2092 Philodamum
468 2064 506 2095 et
527 2057 650 2097 filium
667 2060 750 2100 eius
771 2076 793 2101 a
810 2065 854 2103 C.
874 2067 1035 2108 Nerone
1056 2084 1141 2112 esse
1157 2075 1376 2119 damnatos.

38 2156 378 2231 Teitifics'tgirssssltius
395 2159 489 2243 DK2⁶>3
502 2162 731 2247 ιηῐῗεῖἰῖῑὶιὲᾎῖἶ
749 2165 856 2241 Βψεε
883 2175 1246 2254 milizrissffiffzatl'rrb.
1269 2193 1377 2266 mfls‘ss

37 2233 164 2270 (errant
178 2237 315 2281 Zumpt,
334 2243 438 2284 Iord.)
455 2247 496 2277 br
561 2249 635 2289 ipse
651 2253 730 2284 coni.
748 2251 906 2288 Benecke:
933 2258 1005 2297 ipsa
1016 2261 1104 2293 codd.
1124 2274 1131 2294 ε
1156 2265 1229 2305 ipso
1245 2267 1370 2309 Haase,

36 2276 139 2318 KayS.
232 2285 274 2314 26
297 2296 362 2324 quo
376 2293 530 2329 tempore
547 2293 682 2332 quidem
696 2294 753 2335 Dp
766 2296 830 2328 rell.
846 2299 1000 2340 (praeter
1015 2304 1094 2343 G2K
1103 2317 1167 2347 quo
1185 2313 1283 2350 temp.
1298 2312 1370 2352 ipse

35 2323 108 2362 qu.)
130 2335 137 2354 :
161 2334 227 2364 quo
244 2329 379 2366 quidem
398 2337 500 2374 temp.
522 2335 662 2377 Siesbye.
684 2337 797 2371 Muell.
