1600 2704
32 487 48 517 5

1442 70 1461 79 „-

73 105 342 144 ACTIONIS
374 106 435 143 IN
466 105 510 146 c.
533 105 775 142 VERREM
805 105 1106 144 SECVNDAE
1138 108 1241 144 LIB.
1266 108 1308 144 11
1344 107 1403 152 69
1428 83 1515 142 {514³

72 214 318 264 exstingere?
350 228 412 262 an,
443 227 612 265 quorum
638 222 680 252 tu
710 214 942 253 auctoritate
967 222 1114 253 statuas
1144 218 1404 255 cohonestare

72 287 158 317 tuas
185 286 350 317 conatus
377 292 430 326 es,
461 291 599 317 eorum
625 292 699 329 ego
726 278 918 329 dignitate
948 279 1243 318 accusationem
1275 294 1402 319 meam

71 344 331 394 comprobare
350 357 432 382 non
452 345 621 394 potero?

125 408 212 447 Nisi
239 410 339 447 forte
367 409 476 458 quod
506 409 614 458 apud
643 408 878 459 publicanos
912 409 1105 459 gratiosus
1137 409 1254 456 fuisti,
1287 409 1324 447 in
1358 424 1404 448 ea
1429 416 1487 456 169

71 487 111 512 re
149 486 238 523 spes
276 480 314 512 te
352 472 483 523 aliqua
520 474 756 512 consolatur.
817 475 933 523 Quae
966 474 1089 524 gratia
1120 488 1170 513 ne
1203 474 1300 524 quid
1332 474 1403 512 tibi

70 539 258 589 prodesse
278 545 411 588 posset
432 551 506 588 ego
527 551 614 576 mea
635 537 838 587 diligentia
859 538 1004 588 perfeci
1021 553 1029 586 3
1059 546 1102 577 ut
1123 538 1239 577 etiarn
1262 538 1403 577 obesse

69 603 230 641 deberet
250 611 292 641 tu
313 611 379 641 tua
395 602 586 653 sapientia
605 602 759 641 curasti.
802 603 961 641 Etenim
983 617 1064 642 rem
1086 611 1219 651 totam,
1239 604 1404 651 iudices,
1423 612 1476 649 70

69 667 237 706 breviter
260 668 496 718 cognoscite.
558 669 605 706 In
634 667 825 718 scriptura
852 668 1008 707 Siciliae
1032 682 1104 719 pro
1133 669 1318 719 magistro
1344 678 1402 708 est

68 732 229 782 quidam
252 734 295 771 L.
315 732 575 783 Carpinatius,
598 733 665 783 qui
687 740 724 771 et
746 732 805 771 sui
826 741 1012 783 quaestus
1033 746 1161 780 causa,
1181 741 1219 772 et
1240 735 1402 772 fortasse

11 811 49 834 10
67 798 176 847 quod
197 797 394 836 sociorum
416 797 604 836 interesse
627 797 899 845 arbitrabatur,
923 799 1025 837 bene
1050 800 1207 848 penitus
1229 798 1268 837 in
1291 799 1400 837 istius

8 1134 45 1166 ¹5

5 1462 45 1484 20

67 860 367 900 familiaritatem
396 875 482 900 sese
502 861 623 900 dedit.
686 863 724 900 Is
746 875 837 900 cum
858 871 1077 912 praetorem
1100 863 1245 902 circum
1267 864 1401 902 omnia

67 927 150 963 fora
183 933 394 964 sectaretur
428 939 559 975 neque
592 926 644 963 ab
673 939 722 964 eo
751 939 940 976 umquam
971 926 1204 973 discederet,
1240 928 1278 965 in
1313 941 1398 966 eam

67 990 145 1027 iam
181 998 339 1028 venerat
365 987 706 1042 [familiaritatem]
751 989 1199 1043 consuetudinem[que]
1240 992 1278 1029 in
1311 1005 1401 1029 ven-

66 1054 209 1093 dendis
243 1054 353 1093 istius
387 1054 554 1093 decretis
588 1062 626 1092 et
660 1053 816 1092 iudiciis
847 1054 1188 1104 transigendisque
1221 1055 1396 1105 negotiis,

67 1126 109 1157 ut
142 1132 266 1169 prope
296 1120 392 1157 alter
426 1118 700 1156 Timarchides
731 1127 1026 1164 numeraretur:
1060 1120 1136 1158 hoc
1171 1128 1250 1158 erat
1282 1120 1486 1166 ctiam170

65 1183 278 1233 capitalior,
298 1184 406 1233 quod
427 1183 533 1221 idem
553 1183 742 1233 pecunias
764 1183 809 1221 iis
829 1183 897 1233 qui
917 1183 969 1221 ab
989 1183 1065 1222 isto
1084 1184 1235 1234 aliquid
1256 1198 1399 1223 merca-

65 1249 208 1287 bantur
228 1247 376 1286 saenori
401 1247 531 1287 dabat.
593 1249 651 1285 Ea
671 1255 802 1285 autem
829 1248 1044 1286 faeneratio
1069 1257 1149 1287 erat
1170 1249 1254 1287 eius
1276 1250 1395 1290 modi.

63 1312 225 1359 iudices,
267 1321 308 1350 ut
351 1312 468 1351 etiam
508 1311 540 1350 is
579 1320 765 1361 quaestus
808 1312 900 1350 huic
940 1314 1122 1362 cederet;
1165 1327 1255 1352 nam
1301 1327 1398 1364 quas

63 1378 250 1429 pecunias
280 1378 428 1416 ferebat
457 1376 504 1414 iis
533 1389 724 1426 expensas
759 1377 996 1427 quibuscum
1028 1380 1299 1425 contrahebat,
1333 1393 1398 1418 eas

62 1451 130 1481 aut
150 1442 300 1481 scribae
320 1441 431 1480 istius
451 1449 518 1479 aut
539 1441 782 1480 Timarchidi
803 1450 869 1480 aut
890 1443 1007 1481 etiam
1030 1443 1091 1481 isti
1113 1443 1186 1493 ipsi
1207 1445 1397 1483 referebat

61 1515 257 1558 acceptas.
315 1507 429 1546 Idem
469 1513 667 1556 praeterea
706 1507 893 1557 pecunias
932 1507 1042 1546 istius
1074 1509 1397 1548 extraordinarias

61 1573 218 1624 grandis
243 1585 315 1610 suo
344 1571 507 1610 nomine
529 1571 811 1610 faenerabatur.
874 1572 954 1611 Hic
983 1572 1111 1623 primo
1132 1574 1394 1624 Carpinatius,
1421 1589 1476 1620 171

61 1647 274 1688 antequam
296 1637 336 1675 in
357 1636 467 1675 istius
488 1636 790 1675 familiaritatem
808 1645 957 1676 tantam
979 1639 1230 1688 pervenisset,
1248 1639 1396 1689 aliquo-

62 1704 163 1742 tiens
185 1704 237 1742 ad
258 1702 386 1742 socios
410 1702 556 1740 litteras
581 1703 631 1740 de
660 1702 771 1740 istius
796 1702 945 1741 iniuriis
967 1703 1123 1743 miserat
1140 1719 1150 1752 ,-
1181 1705 1395 1744 Canuleius

29 1784 40 1792 -
62 1781 165 1815 vero,
206 1767 274 1818 qui
312 1767 353 1806 in
387 1775 502 1817 portu
537 1768 736 1816 Syracusis
767 1781 906 1818 operas
937 1769 1069 1814 dabat,
1102 1769 1203 1806 furta
1234 1782 1395 1819 quoque

62 1833 172 1872 istius
199 1833 394 1883 permulta
423 1831 657 1870 nominatim
682 1832 734 1870 ad
755 1833 886 1870 socios
912 1832 1200 1883 perscripserat,
1224 1847 1269 1872 ea
1291 1847 1395 1884 quae

60 1898 144 1936 sine
173 1897 347 1948 portorio
377 1896 576 1947 Syracusis
605 1903 715 1934 erant
744 1904 973 1946 exportata;
1006 1906 1163 1947 portum
1193 1906 1325 1936 autern
1355 1907 1393 1937 et

60 1962 291 2012 scripturam
331 1962 471 2000 eadem
513 1960 681 1999 societas
720 1961 903 2000 habebat.
964 1963 1026 1999 Ita
1064 1963 1212 2000 factum
1253 1971 1311 2001 est
1351 1971 1392 2001 ut

59 2034 190 2066 essent
217 2027 411 2077 permulta
434 2038 536 2075 quae
557 2038 603 2062 ex
623 2024 821 2064 societatis
841 2025 978 2064 litteris
1003 2025 1134 2064 dicere
1154 2026 1193 2064 in
1216 2026 1333 2065 istum
1354 2036 1392 2066 et

106 2140 120 2160 1
147 2134 182 2161 tu
206 2134 293 2160 auct.
317 2127 424 2160 VCO:
456 2132 544 2158 auct.
564 2131 636 2166 tup
653 2127 718 2159 rell.
892 2137 930 2157 12
954 2137 1026 2158 eam
1046 2138 1111 2159 om.
1132 2127 1190 2159 CO
1356 2141 1392 2169 ¹3

60 2173 339 2205 consuetudinem
359 2170 437 2203 CO:
471 2170 730 2202 familiaritatem
749 2170 1100 2210 consuetudinemque
1114 2177 1137 2212 p
1154 2172 1220 2202 rell.
1357 2174 1389 2204 in

59 2227 124 2248 om.
144 2218 233 2257 (post
250 2216 336 2253 -em)
354 2215 414 2246 CO
537 2216 576 2244 16
600 2213 652 2243 liis
671 2213 771 2254 COpb
907 2224 944 2253 17
969 2214 1067 2244 huius
1083 2215 1174 2246 modi
1194 2215 1238 2246 Cb
1353 2226 1392 2256 19

61 2260 160 2300 iisp:
184 2259 212 2290 is
230 2258 295 2289 Cb:
320 2259 372 2289 his
392 2257 423 2289 Ο
498 2268 555 2288 eas
574 2256 602 2287 C
618 2255 695 2299 (aea
713 2256 755 2296 O„
774 2269 780 2287 :
805 2267 870 2289 om.
890 2257 956 2289 rell.
1070 2268 1112 2288 20
1136 2258 1189 2288 isti
1207 2259 1270 2297 ipsi
1290 2257 1367 2290 COb
1384 2271 1391 2289 z

60 2302 123 2343 ipsi
138 2302 193 2334 isti
206 2307 230 2342 p
247 2301 314 2333 rell.
486 2311 528 2331 22
554 2302 661 2340 primo
679 2311 743 2332 om.
765 2299 824 2331 CO
1000 2310 1042 2340 23
1065 2301 1142 2333 sam.
1162 2307 1287 2332 tantam
1308 2301 1368 2332 CO
1383 2314 1389 2331 :

61 2351 142 2377 tant.
164 2346 240 2376 fam.
256 2350 279 2386 p
296 2345 363 2376 rell.
453 2345 647 2384 perveniret
665 2356 686 2373 π
