1600 2704
66 116 334 156 ACTIONIS
365 116 426 154 IN
456 115 502 155 C.
524 116 767 153 VERREM
797 116 1097 156 SECVNDAE
1128 118 1232 155 LIB.
1256 118 1316 155 IV
1367 117 1450 155 818

66 233 226 277 questus
257 233 327 274 est,
361 225 454 276 quia
487 224 664 276 religioni
694 238 787 264 suae
822 238 904 264 non
936 226 1059 264 modo
1093 225 1132 264 in
1167 226 1228 265 dis
1262 227 1395 277 patriis

65 290 287 341 repetendis
321 291 393 330 sed
425 289 544 329 etiam
575 289 616 328 in
655 289 742 341 ipso
780 290 1007 329 testimonio
1037 303 1083 329 ac
1114 290 1197 329 iure
1230 291 1396 330 iurando

64 355 265 406 proximus
286 355 368 404 fuit,
391 355 595 394 hominem
617 355 780 393 missum
802 356 854 394 ab
875 355 951 394 isto
972 355 1112 394 scitote
1142 369 1228 394 esse
1250 358 1397 395 Messa-

63 433 155 459 nam
185 421 236 459 de
267 420 403 470 legatis
427 420 732 467 unum,——illum
758 420 888 471 ipsum
916 419 983 470 qui
1007 420 1096 459 navi
1124 420 1235 459 istius
1265 420 1397 460 aedifi-

27 486 215 531 5candae
248 485 406 536 publice
440 485 743 536 praesum-qui
778 499 801 524 a
839 492 977 525 senatu
1009 493 1159 536 peteret
1190 493 1233 524 ut
1267 486 1396 525 Heius

63 551 296 589 adficeretur
321 550 547 600 ignominia.

118 615 255 653 Homo
293 614 574 663 amentissime,
615 616 711 666 quid
759 616 938 666 putasti?
990 615 1288 666 impetraturum
1330 599 1445 680 te?19

62 679 199 730 quanti
229 679 261 718 is
289 693 314 718 a
342 679 494 719 civibus
515 680 594 719 suis
616 682 735 727 fieret,
760 681 898 731 quanti
927 681 1138 720 auctoritas
1168 681 1252 720 eius
1280 681 1397 720 habe·
1437 659 1456 691 9

63 751 166 782 retur
197 744 435 794 ignorabas?
492 747 641 784 Verum
675 747 735 784 fac
771 753 809 784 te
845 745 1123 796 impetravisse,
1152 747 1212 784 fac
1246 746 1396 796 aliquid

8 825 46 848 ιο
61 808 214 859 gravius
254 809 294 847 in
327 809 477 848 Heium
512 810 693 849 statuisse
728 810 1014 849 Mamertinos:
1058 818 1247 860 quantam
1281 818 1396 861 putas

62 873 335 913 auctoritatem
370 875 608 914 laudationis
643 889 779 914 eorum
815 877 997 922 futuram,
1024 875 1056 913 si
1087 875 1127 913 in
1155 889 1245 914 eum
1276 888 1393 925 quem

62 946 216 977 constet
237 953 373 978 verum
396 953 468 990 pro
488 940 718 978 testimonio
739 939 882 979 dixisse
903 953 1072 990 poenam
1094 939 1397 978 constituerint?

62 1003 239 1042 Tametsi
274 1018 376 1054 quae
405 1013 463 1043 est
493 1004 567 1043 ista
595 1005 782 1051 laudatio,
808 1018 899 1043 cum
929 1005 1108 1043 laudator
1138 1004 1396 1054 interrogatus

63 1069 193 1107 laedat
213 1082 376 1107 necesse
397 1070 489 1108 est?
547 1069 689 1119 Quid?
719 1069 781 1107 isti
802 1070 1024 1108 laudatores
1045 1068 1100 1107 tui
1122 1082 1256 1107 nonne
1276 1076 1395 1108 testes

5 1146 42 1178 15
63 1133 141 1172 mei
175 1136 296 1172 sunt?
354 1134 480 1173 Heius
514 1143 572 1173 est
606 1136 811 1173 laudator:
860 1134 970 1173 laesit
1008 1133 1244 1184 gravissime.
1305 1136 1394 1173 Pro-

62 1199 207 1237 ducam
239 1207 414 1238 ceteros:
446 1199 668 1238 reticebunt
700 1213 801 1249 quae
837 1207 1022 1250 poterunt
1051 1197 1228 1246 libenter,
1261 1199 1394 1238 dicent

61 1276 162 1313 quae
192 1277 354 1303 necesse
384 1264 455 1303 erit
485 1264 670 1314 ingratiis.
731 1265 888 1314 Negent
918 1264 980 1302 isti
1007 1263 1223 1302 onerariam
1252 1277 1391 1302 navem

60 1328 272 1367 maximam
294 1329 543 1368 aedificatam
566 1343 651 1368 esse
669 1330 913 1368 Messanae?
970 1330 1139 1378 Negent,
1162 1328 1192 1366 si
1214 1336 1390 1378 possunt.

60 1394 218 1444 Negent
248 1394 284 1433 ei
314 1394 404 1433 navi
436 1394 645 1433 faciundae
676 1402 899 1433 senatorem
927 1393 1211 1432 Mamertinum
1234 1393 1393 1443 publice

3 1475 42 1498 20
59 1458 306 1508 praefuisse?
362 1458 525 1497 Vtinam
565 1462 736 1509 negent!
798 1460 898 1496 Sunt
937 1457 1054 1496 etiam
1094 1465 1247 1505 cetera3
1290 1470 1392 1507 quae

60 1524 165 1561 malo
194 1522 344 1574 integra
375 1537 583 1571 reservare,
607 1531 650 1562 ut
680 1536 800 1574 quam
831 1522 1039 1561 minimum
1070 1523 1162 1561 dem
1194 1521 1268 1560 illis
1298 1530 1391 1560 tem-

58 1587 163 1637 poris
183 1589 235 1627 ad
260 1588 536 1628 meditandum
564 1589 965 1638 confirmandumque
993 1587 1217 1638 periurium.
1278 1587 1391 1626 Haec
1413 1603 1450 1624 20

57 1651 129 1690 tibi
150 1652 325 1691 laudatio
346 1654 536 1704 procedat
557 1652 597 1691 in
619 1654 862 1692 numerum?
891 1652 931 1690 hi
960 1659 997 1690 te
1025 1651 1206 1690 homines
1226 1651 1390 1690 auctori—

57 1724 136 1757 tate
156 1731 227 1757 sua
247 1719 484 1757 sublevent?
513 1718 581 1769 qui
602 1726 640 1757 te
660 1732 791 1768 neque
811 1718 960 1757 debent
975 1716 1160 1756 adiuvare
1177 1717 1207 1755 si
1224 1717 1390 1766 possint,

0 1797 37 1829 25
57 1796 188 1833 neque
208 1790 374 1834 possunt
390 1783 422 1822 si
437 1782 558 1822 velint
576 1798 586 1831 ,-
615 1783 760 1833 quibus
777 1790 818 1821 tu
832 1781 1012 1833 privatim
1030 1781 1188 1819 iniurias
1202 1782 1388 1831 plurimas

56 1847 394 1898 contumeliasque
423 1847 656 1898 imposuisti,
684 1861 764 1898 quo
796 1849 835 1885 in
865 1847 1016 1897 oppido
1047 1847 1189 1884 multas
1223 1846 1388 1884 familias

54 1919 156 1951 totas
185 1912 226 1950 in
252 1920 487 1963 perpetuum
512 1912 669 1951 infamis
700 1912 777 1950 tuis
809 1912 951 1962 stupris
983 1910 1217 1961 flagitiisque
1248 1910 1384 1948 fecisti.

54 1978 108 2014 At
136 1976 296 2027 publice
324 1977 598 2016 commodasti.
659 1978 752 2015 Non
783 1976 867 2014 sine
897 1988 1041 2025 magno
1062 1975 1224 2024 quidem
1245 1974 1298 2012 rei
1318 1987 1387 2023 pu-

54 2041 180 2080 blicae
211 2041 516 2092 provinciaeque
542 2041 698 2080 Siciliae
726 2040 975 2080 detrimento.
1035 2039 1170 2077 Tritici
1205 2038 1385 2077 modium
1406 2037 1482 2087 (ει)

96 2145 117 2175 8
140 2144 168 2176 is
185 2144 287 2184 RSp:
312 2155 376 2175 om.
402 2144 433 2174 V
575 2155 614 2176 10
637 2150 798 2184 quantam
820 2144 906 2184 Vpa:
932 2153 1030 2183 quam
1048 2142 1112 2174 RS
1259 2152 1296 2182 13
1320 2142 1385 2174 ista

53 2187 198 2219 laudatio
220 2187 321 2228 VRp:
346 2188 433 2220 laud.
448 2188 512 2219 ista
529 2187 632 2227 sm,
651 2187 710 2218 sed
723 2186 753 2218 S
767 2198 843 2219 cum
859 2187 982 2218 levibus
1002 2187 1106 2227 sngm's
1123 2186 1384 2226 transpositionis

56 2240 95 2269 14
119 2241 230 2262 nonne
251 2232 318 2272 Vp&
334 2244 339 2263 :
365 2242 432 2263 non
450 2230 516 2263 RS
533 2232 564 2270 (ξ
579 2233 621 2270 84
639 2232 726 2272 infra
743 2242 751 2270 ;
776 2242 806 2269 ν,
829 2234 844 2269 5
863 2231 938 2270 149)
1021 2240 1056 2268 17
1083 2230 1236 2269 ingratiis
1253 2229 1380 2268 MuelL,

53 2272 225 2306 anlinski:
249 2275 389 2315 ingratis
406 2274 506 2312 codd„
523 2274 592 2306 edd.
767 2284 806 2314 19
829 2274 1005 2305 faciundae
1017 2274 1060 2313 pl3
1076 2286 1081 2305 :
1107 2283 1170 2303 om.
1190 2271 1256 2303 RS
1271 2273 1304 2313 (§
1325 2274 1381 2312 23)

53 2326 91 2346 21
118 2319 194 2348 dem
211 2318 287 2358 Rp:
311 2318 355 2350 sit
381 2317 410 2349 S
436 2328 510 2348 cum
533 2318 697 2358 plerisque
722 2317 785 2357 (CI.
805 2317 887 2348 Rev.
905 2317 994 2348 xviii.
1016 2317 1095 2356 210)
1229 2326 1269 2354 27
1295 2320 1382 2347 totas

53 2370 118 2391 om.
133 2365 158 2400 p
288 2372 330 2402 29
354 2361 485 2393 modios
502 2361 565 2392 RS
