1600 2704
1400 30 1495 51 5⁴2

72 97 340 136 ACTIONIS
361 98 423 136 IN
444 97 490 138 C.
507 98 750 136 VERREM
771 98 1071 137 SECVNDAE
1094 100 1197 137 LIB.
1222 100 1287 136 111
1351 108 1401 147 72
1424 103 1484 136 168

70 209 178 255 tavit,
211 216 265 255 ut,
306 222 397 247 curn
436 217 596 248 senatus
634 221 751 247 usura
789 209 1025 259 publicanos
1064 222 1181 259 saepe
1228 210 1401 256 iuvisset,

70 273 316 324 magistratus
331 287 354 313 a
367 273 588 325 publicanis
608 273 818 325 pecuniam
834 287 906 324 pro
921 287 1038 312 usura
1053 275 1215 313 auderet
1228 276 1402 313 auferre?

71 339 187 378 Certe
207 338 301 377 huic
321 338 473 377 homini
493 352 583 389 spes
614 340 722 377 nulla
742 339 878 377 salutis
898 346 1013 385 esset,
1036 338 1067 377 si
1088 338 1300 388 publicani,
1324 340 1400 378 hoc

69 410 126 441 est
147 402 179 441 si
198 402 350 454 equites
378 402 550 441 Romani
571 402 789 441 iudicarent
809 417 816 441 z
837 403 965 442 minor
985 416 1071 442 esse
1097 416 1214 449 nunc,
1238 402 1399 449 iudices,
1426 407 1486 449 169

30 483 46 515 5
68 466 180 507 vobis
209 467 523 518 disceptantibus
555 467 687 514 debet,
710 475 749 506 et
769 475 881 506 tanto
907 468 1036 506 minor
1065 476 1216 518 quanto
1243 475 1300 506 est
1335 469 1401 507 ho-

68 531 217 571 nestius
237 531 373 571 alienis
393 531 544 570 iniuriis
565 545 684 583 quam
705 546 745 572 re
765 545 835 571 sua
863 533 1116 572 commoveri.

122 596 232 645 Quid
251 597 303 636 ad
324 597 422 636 haec
442 597 682 647 respondere
702 596 850 648 cogitas
866 598 884 635 Ρ
912 606 1043 635 utrum
1063 598 1211 636 factum
1239 597 1401 647 negabis

67 675 117 699 an
138 660 210 699 tibi
230 663 308 701 hoc
327 661 478 701 licitum
499 674 586 701 esse
605 663 829 701 defendes?
886 663 1041 712 Negare
1067 662 1134 712 qui
1162 664 1308 713 potes?
1349 675 1398 700 an

69 734 110 764 ut
130 733 239 765 tanta
262 726 494 766 auctoritate
520 726 747 775 litterarum,
776 735 834 766 tot
864 726 1030 765 testibus
1060 726 1280 777 publicanis
1310 739 1400 765 con·

11 806 49 830 10
68 790 256 830 vincare?
311 791 489 831 Licuisse
505 805 598 831 vero
618 792 716 842 qui?
762 791 803 831 Si
824 793 982 831 hercule
1003 800 1042 830 te
1061 800 1168 830 tuam
1190 791 1397 842 pecuniam

67 863 286 906 praetorem
304 857 343 895 in
364 856 565 907 provincia
594 859 837 896 faeneratum
857 859 1054 903 docerem,
1078 866 1211 895 tamen
1232 858 1400 906 effugere

67 934 146 959 non
168 934 304 971 posses
321 936 330 969 ;
358 923 428 961 sed
449 922 660 972 publicam,
679 923 749 961 sed
771 922 823 961 ob
843 923 1083 961 frumentum
1105 923 1314 968 decretam,
1331 923 1400 960 sed

66 999 88 1024 a
109 985 331 1036 publicanis
351 987 511 1026 faenore
530 994 746 1036 acceptam,
770 987 847 1025 hoc
867 986 1024 1025 licuisse
1051 986 1235 1036 cuiquam
1265 987 1400 1036 proba<

67 1051 158 1090 bis?
186 1064 267 1101 quo
297 1064 378 1091 non
405 1053 527 1090 modo
556 1052 686 1099 ceteri,
709 1053 779 1090 sed
809 1059 850 1089 tu
876 1051 961 1102 ipse
991 1051 1088 1089 nihil
1115 1051 1304 1089 audacius
1333 1051 1401 1088 im-

9 1131 46 1164 ¹5
66 1116 309 1167 probiusque
346 1116 484 1155 fecisti.
543 1117 637 1155 Non
677 1117 902 1155 mehercule
941 1118 1027 1162 hoc,
1070 1117 1178 1166 quod
1213 1116 1398 1154 omnibus

65 1181 259 1231 singulare
288 1181 563 1229 videtur,—de
583 1194 664 1232 quo
685 1181 780 1219 mihi
808 1180 996 1231 deinceps
1027 1181 1242 1220 dicendum
1273 1189 1394 1229 est,—

65 1259 238 1298 possum,
262 1247 422 1294 iudices,
438 1247 569 1286 dicere
588 1246 778 1285 audacius
798 1259 884 1285 esse
903 1255 969 1285 aut
991 1246 1271 1297 impudentius,
1290 1248 1398 1296 quod

65 1312 268 1362 permultis
315 1311 538 1350 civitatibus
577 1324 649 1362 pro
681 1312 880 1350 frumento
918 1311 1015 1349 nihil
1055 1311 1169 1349 solvit
1207 1311 1397 1351 omnino:

66 1377 189 1415 maior
218 1378 316 1416 haec
344 1378 491 1428 praeda
520 1378 694 1423 fortasse,
718 1378 787 1416 sed
818 1376 882 1414 illa
912 1376 1159 1427 impudentia
1186 1384 1290 1415 certe
1316 1390 1396 1416 non

8 1456 46 1480 20
66 1442 204 1481 minor.
260 1442 310 1480 Et
340 1441 529 1492 quoniam
560 1443 610 1480 de
639 1441 705 1480 illa
734 1441 1000 1480 faeneratione
1030 1441 1122 1480 satis
1150 1441 1298 1481 dictum
1327 1450 1396 1489 est,
1424 1454 1482 1485 170

66 1519 173 1546 nunc
193 1507 244 1545 de
265 1508 339 1546 hac
359 1515 442 1546 tota
462 1507 631 1557 pecunia
651 1520 798 1554 aversa,
820 1520 980 1557 quaeso,
1004 1508 1242 1558 cognoscite.

120 1571 274 1611 Siciliae
321 1572 497 1611 civitates
537 1574 684 1610 multae
727 1579 827 1619 sunt,
871 1572 1032 1619 iudices,
1073 1580 1233 1611 ornatae
1279 1580 1399 1623 atque
1418 1579 1469 1619 73

65 1638 267 1683 honestae,
307 1649 354 1675 ex
401 1636 546 1687 quibus
594 1637 633 1676 in
682 1636 817 1688 primis
865 1639 1109 1676 numeranda
1158 1646 1215 1676 est
1263 1637 1399 1676 civitas

67 1701 284 1740 Halaesina
301 1715 311 1749 ,·
348 1703 498 1740 nullam
529 1702 636 1741 enim
668 1702 870 1753 reperietis
905 1711 972 1741 aut
1007 1702 1144 1741 officiis
1179 1702 1396 1741 fideliorem

7 1781 23 1803 2
28 1780 45 1812 5
65 1775 132 1806 aut
147 1766 272 1817 copiis
289 1768 587 1817 locupletiorem
601 1775 668 1806 aut
681 1767 914 1806 auctoritate
930 1767 1158 1818 graviorem.
1202 1768 1309 1806 Huic
1327 1768 1397 1806 iste

66 1830 106 1869 in
122 1844 248 1870 annos
265 1830 439 1881 singulos
457 1844 550 1870 cum
570 1844 762 1882 sexagena
784 1832 890 1871 milia
907 1832 1022 1870 tritici
1040 1833 1217 1871 modium
1236 1833 1397 1884 impera-

64 1896 193 1942 visset,
225 1909 297 1945 pro
326 1896 455 1935 tritico
493 1909 678 1935 nummos
712 1897 887 1946 abstulit,
917 1897 1053 1948 quanti
1086 1906 1167 1937 erat
1197 1898 1235 1936 in
1267 1898 1397 1937 Sicilia

64 1960 234 1999 triticum
251 1975 262 2008 3
290 1973 390 2011 quos
403 1962 454 2000 de
467 1961 629 2012 publico
641 1975 827 2001 nummos
840 1970 1056 2013 acceperat,
1075 1962 1234 2002 retinuit
1254 1963 1394 2002 omnis.

113 2070 123 2090 1
152 2069 254 2091 usura
271 2059 348 2100 pub.
374 2059 435 2090 VO
455 2071 462 2090 :
487 2060 567 2100 pub.
586 2065 720 2100 usurap
737 2060 804 2093 rell.
973 2071 992 2090 2
1018 2070 1120 2091 usura
1140 2060 1201 2091 VO
1219 2072 1226 2090 :
1250 2062 1360 2092 usuris
1373 2067 1398 2102 p

67 2102 131 2134 rell.
257 2114 276 2141 4
301 2113 378 2134 esse
400 2103 476 2134 VcO
494 2115 499 2133 ι
524 2113 601 2134 esse
618 2113 696 2134 cura
708 2108 733 2143 p
750 2103 814 2135 rell.
940 2114 962 2143 9
987 2104 1210 2144 [publicanis]
1229 2103 1395 2144 Zielinski,

60 2151 95 2186 p.
118 2148 178 2186 196
314 2157 354 2178 10
377 2146 515 2177 hercule
537 2146 583 2176 V:
608 2146 723 2178 hercle
742 2146 772 2178 Ο
788 2158 795 2177 :
820 2157 873 2178 me
890 2147 1064 2187 herculep
1082 2147 1148 2178 rell.
1167 2150 1199 2187 (ξ
1219 2157 1261 2187 32
1277 2149 1395 2189 supra)

67 2195 155 2220 tuam
173 2190 352 2230 pecuniam
374 2190 422 2230 Vp
440 2190 529 2222 rell.:
554 2199 626 2230 pec.
648 2195 739 2221 tuam
755 2189 803 2221 cO
926 2200 959 2220 11
986 2196 1179 2230 praetorem
1201 2191 1278 2222 VcO
1296 2203 1301 2222 :
1327 2202 1394 2223 non

419 2243 427 2259 1

68 2267 183 2307 populi
208 2267 354 2298 Romani
381 2268 455 2307 (·pr·
476 2266 517 2308 p)
538 2272 564 2308 p
581 2267 646 2298 rell.
795 2276 833 2306 13
858 2272 1031 2308 acceptam
1053 2267 1102 2298 V:
1127 2274 1308 2309 acceptos>
1327 2269 1391 2299 rell.

69 2310 173 2349 (faen.
193 2317 323 2350 accept.
342 2321 408 2342 om.
431 2309 474 2351 O)
651 2320 688 2349 14
715 2315 749 2341 tu
766 2312 839 2351 ipse
860 2310 937 2341 VcO
955 2323 961 2341 :
986 2311 1096 2352 ipsep
1117 2311 1182 2344 rell.
1357 2323 1395 2352 15

68 2354 278 2385 mehercules
295 2353 327 2386 O
498 2364 537 2394 19
562 2354 706 2385 fortasse
727 2353 788 2386 VO
804 2365 809 2384 :
836 2354 981 2386 fortasse
999 2359 1050 2386 est
1062 2359 1087 2395 p
1104 2355 1170 2387 rell.
1350 2357 1394 2386 26

70 2400 142 2470 (ἐξιῇ
164 2398 237 2470 17ῗέ
256 2408 427 2437 sexagena
444 2397 493 2428 cO
508 2409 514 2427 :
540 2398 716 2437 sexaginta
728 2402 754 2437 p
771 2397 836 2429 rell,
991 2397 1081 2429 milia
1098 2399 1198 2430 tritici
1221 2398 1268 2429 V:
1294 2399 1394 2430 tritici

70 2450 112 2470 mi
128 2451 157 2471 ia
175 2452 207 2471 re
233 2465 240 2472 .
