1600 2704
117 105 166 143 72
193 98 253 140 176
558 93 615 130 M.
648 93 816 130 TVLLI
848 92 1154 132 CICERONIS

190 217 374 254 magnum
396 216 603 242 numerum
625 203 819 250 frumenti,
843 202 920 241 vim
942 203 1068 241 mellis
1088 202 1297 242 maximam
1319 203 1518 252 Syracusis

188 277 436 319 exportasse3
466 268 526 307 his
547 281 618 318 pro
638 269 753 306 rebus
774 269 883 318 quod
907 267 1121 317 portorium
1144 280 1225 305 non
1246 275 1347 306 esset
1368 269 1515 314 datum,

188 333 332 372 litteras
353 334 404 372 ad
429 333 557 371 socios
579 332 730 370 misisse
752 334 794 370 L.
820 331 1066 378 Canuleium,
1089 331 1157 381 qui
1182 331 1220 369 in
1242 339 1356 381 portu
1381 344 1518 381 operas

109 415 166 446 17,-
189 400 309 437 daret.
370 398 523 437 Satisne
567 410 753 447 magnum
793 397 941 435 crimen
985 398 1061 434 hoc
1099 396 1282 435 videtur?
1339 397 1516 443 Nullum,

189 463 340 513 opinor,
373 462 509 501 maius.
571 462 649 510 Qui
683 463 870 500 defendet
901 461 1169 500 Hortensius?
1227 460 1447 499 Postulabit
1476 469 1519 499 ut

189 528 334 566 litteras
370 526 536 566 Canulei
571 527 795 575 proferam?
833 526 981 564 crimen
1017 525 1100 564 eius
1139 525 1248 564 modi
1278 525 1352 564 nisi
1383 525 1519 564 litteris

189 593 442 630 confirmetur
474 590 591 628 inane
623 603 708 628 esse
747 589 881 628 dicet?
938 590 1132 629 Clamabo
1166 590 1312 629 litteras
1350 597 1520 628 remotas

190 670 274 694 esse
306 657 356 694 de
395 654 539 701 medio,
574 655 734 693 decreto
766 654 961 692 sociorum
1001 662 1133 704 erepta
1168 654 1264 692 mihi
1295 667 1381 693 esse
1410 653 1520 692 istius

191 720 336 759 indicia
382 732 428 758 ac
475 726 735 758 monumenta
777 720 979 757 furtorum.
1053 721 1134 757 Aut
1179 720 1255 757 hoc
1304 719 1519 757 contendat

190 797 408 834 numquam
448 796 533 822 esse
571 784 730 829 factum,
761 791 827 821 aut
868 783 1002 822 omnia
1040 785 1117 821 tela
1155 783 1321 833 excipiat
1359 796 1520 821 necesse

188 858 256 888 est.
327 851 459 899 Negas
507 862 592 887 esse
640 850 817 887 factum?
883 849 1017 887 Placet
1064 847 1137 886 ista
1184 848 1280 886 mihi
1328 848 1520 895 defensio,

188 915 414 961 descendo,
457 926 584 963 aequa
615 913 719 952 enim
755 912 969 960 contentio,
999 925 1171 962 aequum
1205 920 1402 951 certamen
1436 926 1521 963 pro-

189 978 357 1029 ponitur.
428 979 650 1016 Producam
696 977 816 1024 testis,
859 985 897 1016 et
945 978 1162 1027 producam
1210 977 1330 1027 pluris
1377 978 1520 1016 eodem

190 1052 366 1092 tempore
381 1058 390 1090 3
425 1042 614 1092 quoniam
639 1050 721 1081 tum
752 1055 843 1080 cum
869 1049 1000 1081 actum
1031 1049 1089 1081 est
1119 1055 1197 1080 una
1221 1044 1387 1090 fuerunt,
1414 1055 1520 1080 nunc

189 1121 350 1158 quoque
390 1120 468 1145 una
507 1107 608 1154 sint;
651 1120 742 1145 cum
781 1106 1133 1157 interrogabuntur,
1175 1107 1397 1157 obligentur
1439 1120 1520 1145 non

190 1174 317 1212 solum
343 1172 434 1211 iuris
456 1172 610 1211 iurandi
636 1180 755 1222 atque
776 1172 1075 1211 existimationis
1100 1172 1285 1222 periculo,
1308 1173 1379 1211 sed
1402 1172 1520 1210 etiam

110 1244 168 1285 178
189 1236 393 1276 communi
421 1236 520 1274 inter
541 1249 582 1274 se
608 1235 859 1274 conscientia.
920 1236 959 1274 Si
980 1237 1142 1286 planum
1168 1237 1210 1274 fit
1231 1238 1307 1275 hoc
1328 1236 1381 1274 ita
1401 1250 1520 1286 quem

188 1302 239 1339 ad
262 1302 425 1339 modum
454 1300 544 1339 dico
567 1314 651 1339 esse
679 1302 835 1347 factum,
860 1314 955 1338 num
977 1301 1121 1350 poteris
1148 1300 1290 1348 dicere,
1315 1301 1518 1348 Hortensi,

189 1365 286 1404 nihil
321 1365 360 1403 in
396 1364 478 1403 istis
515 1365 633 1403 fuisse
668 1364 804 1403 litteris
834 1366 943 1415 quod
972 1367 1136 1404 Verrem
1165 1367 1369 1404 laederet?
1426 1367 1520 1404 Non

190 1431 314 1469 modo
341 1429 382 1468 id
403 1443 483 1467 non
511 1430 630 1476 dices,
654 1431 723 1468 sed
745 1443 794 1468 ne
815 1429 912 1468 illud
939 1429 1101 1479 quidem
1122 1429 1193 1468 tibi
1221 1430 1352 1469 dicere
1372 1429 1519 1477 licebit,

189 1502 342 1533 tantum
368 1501 560 1544 quantum
591 1507 664 1544 ego
693 1493 823 1532 dicam
854 1507 935 1532 non
964 1493 1093 1532 fuisse.
1155 1495 1259 1545 Ergo
1289 1495 1364 1533 hoc
1391 1503 1520 1533 vestro

189 1559 356 1598 consilio
377 1566 415 1598 et
434 1559 555 1609 gratia
576 1558 803 1609 perfecistis,
826 1566 879 1605 ut,
902 1572 1022 1609 quem
1042 1560 1093 1597 ad
1115 1560 1280 1598 modum
1295 1561 1415 1609 paulo
1429 1567 1521 1598 ante

189 1625 280 1671 dixi,
313 1632 350 1662 et
380 1624 476 1662 mihi
509 1638 663 1663 summa
698 1625 861 1662 facultas
892 1625 944 1663 ad
973 1626 1245 1664 accusandum
1279 1625 1446 1672 daretur,
1482 1632 1521 1663 et

189 1689 309 1728 iudici
332 1689 454 1727 libera
474 1697 646 1739 potestas
667 1690 718 1728 ad
738 1690 993 1728 credendum.

244 1755 366 1803 Quod
400 1767 490 1792 cum
518 1754 571 1792 ita
604 1753 663 1801 sit,
695 1754 792 1792 nihil
823 1754 968 1804 fingam
997 1761 1142 1792 tamen.
1202 1754 1426 1793 Meminero
1455 1768 1519 1793 me

190 1832 270 1856 non
305 1818 519 1868 sumpsisse
557 1831 676 1868 quem
710 1831 946 1865 accusarem,
983 1819 1053 1857 sed
1091 1818 1284 1869 recepisse
1317 1832 1418 1869 quos
1456 1821 1521 1858 de-

190 1883 391 1921 fenderem
407 1897 416 1930 3
445 1896 515 1921 vos
543 1896 589 1922 ex
611 1897 673 1922 me
700 1896 859 1922 causam
889 1896 970 1921 non
999 1896 1021 1920 a
1051 1896 1116 1921 me
1140 1884 1343 1933 prolatam,
1373 1884 1444 1923 sed
1470 1885 1521 1922 ad

191 1960 253 1985 me
275 1948 446 1986 delatam
467 1947 603 1986 audire
630 1955 834 1998 oportere3
863 1960 927 1985 me
948 1946 1088 1985 Siculis
1109 1946 1202 1985 satis
1223 1961 1308 1986 esse
1327 1949 1520 1987 facturum

118 1728 168 1767 73

110 1787 168 1822 Ι79

233 2061 252 2089 4
276 2050 401 2081 crimen
422 2051 485 2081 hoc
505 2050 562 2081 CO
579 2061 584 2080 :
609 2050 673 2081 hoc
691 2051 853 2090 crimenp
872 2050 935 2081 rell.
1039 2060 1058 2089 5
1083 2050 1139 2089 qui
1156 2049 1317 2081 defendet
1335 2050 1416 2082 CO:
1439 2051 1519 2090 quid

190 2093 377 2134 defenditp
395 2094 457 2124 rell.
479 2106 485 2124 ε
514 2094 569 2133 qui
588 2094 620 2124 id
637 2094 703 2124 def.
721 2093 790 2125 edd.
811 2104 882 2125 recc.
902 2094 951 2133 (ii,
972 2094 990 2133 i,
1015 2095 1030 2130 ξ
1054 2094 1128 2131 116)
1308 2103 1347 2124 10
1370 2094 1518 2124 omnium

193 2136 252 2167 CO
267 2148 273 2167 :
298 2137 409 2167 omnia
426 2147 498 2167 mea
517 2137 563 2169 H.
583 2137 627 2167 A.
648 2137 738 2167 Koclz
869 2147 879 2166 1
891 2147 903 2167 1
931 2137 994 2167 ista
1012 2136 1093 2166 mihi
1111 2135 1158 2176 Cp
1173 2147 1180 2168 z
1206 2136 1287 2166 mihi
1305 2137 1367 2167 ista
1385 2136 1435 2166 Ob
1452 2137 1518 2168 rell.

194 2189 232 2209 12
258 2180 429 2210 contentio
448 2179 528 2219 COp
545 2192 551 2211 :
577 2180 722 2210 conditio
735 2185 760 2220 p
775 2190 854 2211 corr.
873 2184 903 2210 et
918 2180 985 2211 rell.
1167 2189 1205 2218 13
1229 2190 1268 2210 eo
1294 2184 1445 2219 tempore
1463 2179 1523 2210 CO

194 2232 231 2260 15
256 2233 322 2252 una
338 2224 404 2253 sint
424 2222 492 2262 Cpq
509 2223 550 2254 al.
569 2235 574 2252 z
600 2233 664 2253 una
682 2223 793 2254 adsint
813 2223 852 2253 0¹
871 2223 941 2254 cdd.
1078 2222 1116 2252 18
1141 2232 1218 2252 num
1238 2221 1284 2262 Cp
1304 2224 1416 2263 (unum
1438 2221 1496 2259 0¹)
1513 2235 1520 2254 :

192 2276 259 2295 non
276 2266 292 2293 l)
312 2266 377 2297 rell.
542 2276 583 2304 23
608 2271 641 2296 et
658 2267 738 2296 mihi
758 2266 804 2306 Cp
821 2266 887 2297 rell.
905 2278 912 2299 :
939 2266 1017 2296 mihi
1037 2264 1078 2296 Ο1
1183 2270 1217 2296 et
1234 2266 1334 2296 iudici
1352 2278 1373 2296 π
1388 2277 1395 2297 :
1419 2266 1520 2296 iudici

194 2307 252 2339 CO
397 2318 438 2346 24
464 2310 672 2340 cernendum
692 2308 762 2340 CO¹
898 2310 940 2339 26
964 2319 1046 2347 quos
1063 2307 1123 2339 CO
1139 2319 1146 2339 :
1169 2308 1256 2347 quod
1268 2314 1293 2348 p
1309 2309 1373 2339 rell.

1537 474 1555 505 5

1544 797 1580 819 10

1543 1122 1579 1155 15

1540 1450 1579 1471 20

1539 1772 1579 1805 25
