1600 2704
111 108 164 145 24

119 323 168 360 25

128 373 170 414 64

187 103 229 142 63
557 90 613 127 M.
646 85 816 125 TVLLI
848 77 1155 122 CICERONIS

187 203 428 249 hominibus,
457 199 514 239 uti
544 198 703 237 videant
734 202 772 233 et
806 189 1040 239 investigent
1074 197 1199 235 ecqua
1229 182 1336 233 virgo
1370 180 1418 220 sit
1450 186 1518 218 aut

190 269 327 309 mulier
356 267 475 318 digna
496 276 615 315 quam
644 261 697 300 ob
717 272 799 297 rem
829 257 912 306 ipse
934 249 1142 302 Lampsaci
1171 247 1317 287 diutius
1345 257 1520 285 commo-

191 342 345 374 raretur.
407 333 500 370 Erat
520 339 654 368 comes
675 325 757 364 eius
780 319 953 361 Rubrius
981 317 1154 367 quidam,
1176 315 1298 352 homo
1324 312 1449 348 factus
1469 309 1520 346 ad

192 400 302 439 istius
323 396 519 441 libidines,
544 392 609 443 qui
638 390 737 429 miro
758 384 933 431 artificio,
958 391 1212 433 quocumque
1231 382 1401 422 venerat,
1423 375 1521 412 haec

193 463 425 512 investigare
457 457 590 499 omnia
623 455 785 494 solebat.
846 452 885 488 Is
919 449 970 486 ad
1002 458 1093 485 eum
1127 457 1208 482 rem
1242 442 1356 480 istam
1386 440 1522 484 defert,
1545 450 1561 480 5

196 529 475 569 Philodamum
496 535 581 562 esse
602 518 814 570 quendam,
830 525 983 564 genere,
1002 513 1163 555 honore,
1180 506 1315 557 copiis,
1335 503 1526 543 existima-

195 595 303 632 tione
338 590 450 629 facile
480 585 698 638 principem
731 583 1122 629 Lampsacenorum3
1161 572 1243 611 eius
1278 583 1363 609 esse
1392 568 1522 613 filiam,

196 670 297 708 quae
318 667 408 694 curn
430 660 537 703 patre
550 648 743 688 habitaret
757 651 963 696 propterea
984 640 1093 690 quod
1105 637 1231 676 virum
1250 648 1333 674 non
1353 633 1525 678 haberet,

198 721 402 761 mulierem
423 715 563 756 eximia
582 709 875 764 pulchritudine
890 722 900 756 3
930 707 1000 745 sed
1021 717 1107 744 earn
1135 714 1290 741 summa
1310 697 1529 748 integritate

199 783 470 838 pudicitiaque
500 775 721 819 existimari.
781 775 932 818 Homo,
951 778 993 809 ut
1014 771 1111 807 haec
1136 765 1296 812 audivit,
1316 764 1370 802 sic
1391 761 1530 801 exarsit
1554 779 1592 801 10

200 853 251 890 ad
272 851 312 889 id
333 848 442 899 quod
458 858 539 884 non
554 843 675 881 modo
691 840 774 890 ipse
788 848 1006 886 numquam
1023 833 1183 878 viderat,
1199 831 1269 868 sed
1290 842 1340 868 ne
1355 826 1531 866 audierat

203 916 365 968 quidem
395 912 446 951 ab
476 923 523 949 eo
548 907 616 958 qui
646 906 729 956 ipse
753 902 926 948 vidisset,
949 907 991 938 ut
1022 897 1151 937 statim
1181 897 1232 934 ad
1254 894 1533 933 Philodamum

204 981 367 1031 migrare
392 990 434 1015 se
467 974 614 1014 diceret
641 972 750 1009 velle.
811 969 974 1016 Hospes
1009 962 1167 1009 Ianitor,
1191 959 1258 1010 qui
1287 958 1385 997 nihil
1414 955 1536 1007 suspi-

205 1052 367 1090 caretur,
391 1040 535 1080 veritus
566 1050 615 1075 ne
646 1034 743 1085 quid
770 1033 810 1071 in
840 1031 926 1081 ipso
957 1042 997 1068 se
1028 1027 1302 1071 offenderetur,
1331 1022 1535 1061 hominem

207 1123 361 1151 summa
389 1107 426 1145 vi
456 1105 621 1144 retinere
653 1099 793 1151 coepit.
854 1099 946 1143 Iste,
980 1094 1047 1145 qui
1086 1090 1251 1142 hospitis
1290 1087 1537 1138 relinquendi
1561 1100 1597 1131 15

208 1188 367 1216 causam
389 1170 555 1222 reperire
575 1181 656 1206 non
677 1171 820 1216 posset,
839 1161 915 1200 alia
935 1159 1009 1199 sibi
1030 1158 1180 1197 ratione
1196 1155 1298 1194 viam
1315 1153 1468 1192 munire
1488 1153 1539 1191 ad

210 1248 387 1291 stuprum
420 1234 550 1285 coepit
567 1248 576 1281 3
606 1229 814 1275 Rubrium,
850 1225 1009 1265 delicias
1040 1235 1139 1269 suas,
1172 1221 1211 1259 in
1242 1218 1427 1258 omnibus
1457 1217 1540 1255 eius

212 1304 321 1344 modi
360 1302 477 1341 rebus
516 1297 737 1337 adiutorem
773 1305 887 1331 suum
929 1298 966 1329 et
1002 1286 1217 1332 conscium,
1259 1296 1398 1335 parum
1436 1283 1541 1320 laute

178 1390 188 1395 -
212 1366 407 1410 deversari
436 1364 530 1404 dicit
546 1377 556 1411 3
596 1362 647 1400 ad
668 1358 948 1398 Philodamum
978 1351 1123 1393 deduci
1152 1351 1272 1389 iubet.
1332 1348 1454 1397 Quod
1474 1345 1541 1385 ubi

213 1443 271 1474 est
304 1432 540 1471 Philodamo
579 1424 814 1469 nuntiatum,
847 1418 1003 1459 tametsi
1038 1424 1118 1457 erat
1156 1415 1312 1469 ignarus
1350 1419 1542 1464 quantum
1566 1426 1600 1449 2c

215 1499 288 1539 sibi
327 1511 372 1536 ac
410 1493 541 1534 liberis
577 1490 655 1530 suis
694 1488 771 1527 iam
811 1494 893 1524 tum
930 1482 1021 1522 mali
1060 1481 1371 1526 constitueretur,
1412 1485 1544 1516 tamen

216 1566 266 1604 ad
293 1563 412 1601 istum
432 1557 539 1598 venit
554 1571 564 1605 3
594 1552 768 1595 ostendit
791 1562 935 1589 munus
963 1548 1060 1587 illud
1091 1559 1205 1585 suurn
1235 1557 1317 1583 non
1346 1556 1458 1590 esse3
1492 1555 1544 1588 se,

218 1642 308 1669 cum
331 1639 423 1666 suae
443 1631 571 1675 partes
592 1626 722 1660 essent
754 1615 955 1667 hospitum
982 1612 1309 1664 recipiendorum,
1337 1617 1421 1647 tum
1442 1607 1548 1657 ipsos

220 1703 353 1733 tamen
391 1696 589 1741 praetores
629 1692 666 1723 et
712 1683 906 1727 consules,
943 1692 1024 1718 non
1070 1679 1285 1727 legatorum
1330 1673 1545 1718 adseculaS,

221 1758 393 1808 recipere
421 1756 556 1792 solere.
603 1753 698 1797 Iste,
722 1747 791 1798 qui
824 1759 903 1785 una
929 1743 1144 1794 cupiditate
1178 1747 1385 1790 raperetur,
1421 1744 1548 1776 totum
1572 1750 1599 1780 25

221 1823 324 1862 illius
355 1820 597 1871 postulatum
631 1825 871 1862 causamque
907 1809 1076 1860 neglexit
1094 1822 1103 1855 3
1145 1819 1213 1856 per
1243 1805 1321 1843 vim
1360 1803 1411 1842 ad
1445 1814 1547 1846 eum,

152 1894 204 1931 26
225 1888 292 1939 qui
312 1886 484 1936 recipere
503 1895 585 1921 non
605 1879 788 1925 debebat,
813 1875 1007 1915 Rubrium
1032 1871 1174 1912 deduci
1197 1867 1410 1920 imperavit.
1471 1865 1551 1904 Hic

227 1953 495 1997 Philodamus,
522 1954 781 1999 posteaquam
812 1942 872 1980 ius
900 1952 1013 1979 suurn
1042 1937 1220 1977 obtinere
1240 1948 1320 1973 non
1345 1931 1483 1983 potuit,
1510 1937 1552 1968 ut

274 2067 286 2086 1
314 2060 349 2086 ut
364 2055 405 2085 πῖ)
557 2053 709 2090 hecquae
724 2054 757 2089 p,
778 2055 904 2085 ecquae
924 2056 936 2075 ς
956 2054 962 2073 :
988 2051 1053 2081 qua
1069 2038 1168 2077 DGlz
1194 2038 1222 2068 si
1239 2046 1305 2076 qua
1322 2035 1401 2073 KG,
1534 2043 1552 2063 2
1599 2055 1600 2067 2

229 2103 455 2130 commoretur
471 2096 552 2127 Ern.
572 2098 655 2126 auct.
676 2092 784 2129 Klotz,
804 2089 907 2128 Kays.
1009 2095 1028 2122 5
1053 2085 1149 2114 istam
1167 2081 1221 2121 Dp
1243 2080 1308 2111 rell.
1326 2090 1333 2110 ε
1357 2079 1402 2109 ita
1418 2077 1550 2117 Plzoaeg„
1598 2076 1600 2117 ᾖ

228 2142 354 2174 Ματίυ..
375 2140 486 2171 Muell.
584 2148 621 2177 13
647 2135 775 2167 Ianitor
791 2133 858 2163 secl.
878 2129 979 2167 Bake,
999 2127 1114 2166 Kays„
1132 2124 1242 2156 Mnell.
1335 2132 1378 2152 20
1403 2125 1475 2151 erat
1492 2124 1554 2150 tres
1597 2135 1600 2162 3

229 2186 322 2226 ng.‚
337 2184 424 2215 Non.
444 2196 450 2214 :
476 2193 543 2213 non
563 2186 634 2212 erat
651 2178 775 2217 prrb
793 2188 799 2207 :
824 2179 895 2206 erat
910 2182 976 2202 non
995 2182 1014 2210 q
1031 2170 1074 2200 al.
1166 2178 1203 2198 21
1231 2165 1308 2196 mali
1326 2165 1385 2196 vrb:
1411 2174 1475 2195 om.
1490 2163 1554 2193 ΒΨ
1596 2163 1600 2206 ἦ

230 2239 269 2259 22
294 2238 415 2258 munus
440 2227 522 2257 illud
547 2233 644 2256 suum
669 2220 798 2253 Dan:
823 2217 906 2248 illud
931 2223 1051 2245 munus
1075 2221 1172 2242 suum
1192 2209 1287 2248 G,K:
1314 2217 1435 2238 munus
1458 2215 1552 2236 suum
1596 2203 1600 2242 ξ

232 2272 312 2302 illud
333 2271 372 2309 G1
515 2278 556 2307 23
580 2268 672 2307 ipsos
689 2268 817 2295 tantum
835 2261 895 2301 Lg.
915 2269 956 2298 42
1103 2265 1143 2292 24
1169 2252 1343 2283 adseculas
1364 2249 1459 2290 (ass.)
1476 2249 1553 2280 Drr:
1595 2270 1596 2276 ,

230 2315 377 2346 asseclas
395 2312 458 2344 rell.
