1600 2704
112 140 162 186 78
190 147 246 177 182
551 143 605 178 M.
638 142 806 179 TVLLI
839 141 1145 180 CICERONIS

185 265 258 290 nus
279 253 433 299 habeat,
457 252 496 290 in
518 252 634 291 tantis
657 252 884 302 praesertim
911 250 1032 289 aerari
1053 250 1242 300 angustiis
1259 265 1270 298 3
1298 251 1358 289 sin
1378 260 1509 289 autem

185 326 222 355 et
243 319 412 367 populus
436 319 641 356 Romanus
662 316 795 364 voluit,
819 324 857 354 et
877 329 1047 366 aequum
1070 322 1128 354 est
1155 314 1210 353 ita
1235 315 1331 353 solvi
1358 314 1511 353 aratori-

186 383 269 429 bus,
306 390 396 420 tuus
430 382 626 433 apparitor
665 395 783 432 parva
821 382 1003 420 mercede
1038 379 1175 430 populi
1208 381 1430 418 conductus
1461 380 1511 417 de

183 455 381 485 aratorum
417 447 532 486 bonis
564 446 848 497 praedabitur?
906 448 955 484 Et
979 445 1018 483 in
1049 447 1124 484 hac
1154 458 1272 484 causa
1298 443 1511 482 scribarum

183 512 364 551 ordinem
395 512 435 550 in
463 525 526 550 me
553 511 768 550 concitabit
798 510 1036 550 Hortensius
1066 518 1105 548 et
1134 523 1271 548 eorum
1301 509 1512 546 commoda
1532 525 1550 553 5

183 590 206 614 a
231 590 293 615 me
320 576 545 614 labefactari
574 583 693 625 atque
724 574 941 625 oppugnari
971 574 1053 613 iura
1082 574 1218 613 dicet?
1278 573 1401 622 Quasi
1423 585 1512 610 vero

184 642 260 679 hoc
282 640 418 678 scribis
440 642 520 678 ullo
541 641 723 690 exemplo
744 639 791 678 sit
811 647 878 678 aut
898 641 980 678 ullo
1000 639 1082 677 iure
1102 652 1346 677 concessum.
1404 637 1510 685 Quid

184 718 257 754 ego
277 713 407 742 vetera
437 712 611 753 repetam
641 712 708 742 aut
732 704 829 753 quid
859 716 995 742 eorum
1023 702 1237 741 scribarum
1269 703 1509 741 mentionem

185 769 325 807 faciam
347 782 448 819 quos
478 776 633 807 constat
663 768 930 807 sanctissimos
962 767 1143 806 homines
1174 775 1293 817 atque
1328 767 1512 805 innocen-

185 833 355 871 tissimos
376 833 495 871 fuisse
511 835 528 870 ?
585 834 678 870 Non
699 846 761 870 me
783 831 892 882 fugit,
907 831 1068 878 iudices,
1091 838 1222 871 vetera
1243 833 1421 881 exempla
1441 844 1512 881 pro
1535 846 1573 869 10

186 897 285 936 fictis
319 898 462 936 fabulis
497 897 574 935 iam
608 896 733 936 audiri
764 904 883 946 atque
914 896 1074 935 haberi:
1108 896 1149 934 in
1180 895 1240 934 his
1270 895 1512 946 temporibus

185 963 368 1001 versabor
399 962 548 1000 miseris
582 976 628 1000 ac
660 961 831 1012 perditis.
907 962 1053 1011 Nuper,
1092 961 1297 1009 Hortensi,
1331 970 1513 1011 quaestor

184 1027 303 1066 fuisti.
361 1027 470 1076 Quid
498 1027 552 1065 tui
584 1026 734 1065 scribae
765 1025 936 1072 fecerint,
966 1034 1008 1064 tu
1035 1033 1148 1076 potes
1177 1025 1331 1065 dicere:
1361 1039 1434 1076 ego
1463 1027 1513 1064 de

186 1092 282 1131 meis
322 1093 398 1130 hoc
433 1092 535 1138 dico,
573 1105 664 1130 cum
700 1092 739 1129 in
771 1092 910 1130 eadem
946 1091 1019 1130 ista
1051 1090 1182 1129 Sicilia
1215 1105 1285 1141 pro
1317 1092 1513 1129 frumento

185 1156 394 1206 pecuniam
416 1155 639 1194 civitatibus
661 1158 851 1194 solverem
874 1164 911 1194 et
933 1169 1089 1194 mecum
1111 1157 1212 1194 duos
1234 1155 1512 1205 frugalissimos
1537 1172 1572 1203 ¹5

185 1220 366 1259 homines
387 1220 532 1259 scribas
560 1221 758 1267 haberem,
783 1222 824 1257 L.
851 1220 1074 1258 Mamilium
1095 1228 1134 1258 et
1155 1222 1198 1258 L.
1222 1220 1409 1270 Sergium,
1432 1235 1512 1259 non

186 1287 307 1323 modo
342 1285 433 1323 istas
468 1287 566 1323 duas
605 1284 964 1334 quinquagesimas,
998 1285 1067 1322 sed
1107 1284 1271 1323 omnino
1305 1299 1512 1323 nummum

111 1361 165 1399 79
185 1352 336 1388 nullum
359 1349 544 1399 cuiquam
566 1362 651 1388 esse
676 1350 904 1388 deductum.
967 1348 1150 1387 Dicerem
1172 1351 1248 1388 hoc
1270 1350 1365 1388 mihi
1387 1359 1512 1388 totum

185 1428 270 1453 esse
294 1414 603 1460 attribuendum,
627 1413 790 1460 iudices,
811 1413 843 1451 si
870 1413 923 1451 illi
946 1427 1134 1463 umquam
1160 1415 1236 1452 hoc
1256 1428 1280 1453 a
1300 1428 1362 1453 me
1384 1423 1513 1464 postu-

105 1485 165 1523 183
185 1481 340 1525 lassent,
378 1478 409 1516 si
445 1491 634 1527 umquam
670 1477 834 1515 omnino
868 1477 1114 1527 cogitassent.
1177 1480 1309 1527 Quam
1344 1480 1397 1516 ob
1432 1491 1511 1516 rem
1535 1496 1574 1517 20

185 1544 292 1583 enim
327 1543 454 1581 scriba
487 1544 670 1589 deducat,
700 1556 746 1580 ac
777 1556 857 1580 non
890 1541 1020 1592 potius
1050 1542 1174 1581 mulio
1202 1543 1270 1593 qui
1302 1544 1509 1589 advexerit,

186 1608 409 1647 tabellarius
440 1608 551 1646 cuius
581 1609 753 1646 adventu
784 1607 968 1647 certiores
997 1607 1088 1646 facti
1118 1607 1348 1658 petiverunt,
1373 1622 1514 1658 praeco

186 1672 254 1723 qui
282 1672 390 1711 adire
420 1672 541 1718 iussit,
579 1672 703 1710 viator
731 1680 798 1710 aut
827 1672 1021 1710 Venerius
1051 1672 1118 1722 qui
1154 1673 1293 1712 fiscum
1328 1673 1515 1712 sustulit?

187 1740 302 1787 Quae
323 1752 410 1789 pars
431 1752 573 1788 operae
592 1747 659 1776 aut
681 1738 982 1788 opportunitatis
1003 1739 1042 1777 in
1063 1739 1191 1778 scriba
1210 1747 1268 1779 est
1289 1754 1357 1779 cur
1377 1740 1411 1779 ei
1434 1754 1513 1778 non

187 1805 309 1841 modo
339 1816 488 1841 merces
510 1811 619 1841 tanta
638 1804 762 1850 detur,
786 1804 855 1842 sed
882 1817 951 1841 cur
971 1817 1061 1842 cum
1089 1817 1137 1842 eo
1162 1811 1292 1843 tantae
1323 1805 1513 1855 pecuniae
1536 1817 1573 1849 25
1598 1816 1600 1833 ¹

187 1867 342 1917 partitio
372 1869 468 1905 fiat?
527 1871 535 1886 ‘
552 1868 663 1906 Ordo
687 1875 745 1905 est
775 1869 989 1906 honestus.'
1057 1868 1158 1917 Quis
1185 1878 1310 1919 negat,
1330 1878 1396 1908 aut
1418 1869 1514 1920 quid

187 1947 233 1971 ea
263 1946 323 1971 res
357 1933 407 1970 ad
440 1934 542 1970 hanc
574 1946 655 1970 rem
690 1932 889 1981 pertinet?
946 1934 1018 1971 Est
1046 1946 1139 1972 vero
1170 1935 1370 1981 honestus,
1406 1935 1514 1984 quod

187 2011 323 2035 eorum
353 1997 561 2035 hominum
592 1997 683 2036 fidei
718 1997 874 2036 tabulae
906 1997 1087 2047 publicae
1117 1998 1368 2049 periculaque
1399 1999 1514 2049 magi·
1596 2005 1600 2040 ε’

188 2070 377 2100 stratuum
399 2061 709 2100 committuntur.
759 2063 898 2111 Itaque
915 2075 961 2100 ex
982 2062 1042 2100 his
1059 2062 1195 2102 scribis
1212 2063 1279 2113 qui
1295 2063 1402 2114 digni
1424 2070 1513 2102 sunt

1595 2129 1598 2144 A

232 2176 252 2195 2
275 2171 327 2196 est
345 2166 389 2195 ita
409 2166 439 2195 O
458 2177 464 2195 ε
490 2166 535 2196 ita
552 2171 603 2196 est
621 2166 688 2197 rell.
867 2177 886 2205 3
911 2166 1027 2206 populi
1044 2167 1200 2197 mercede
1220 2167 1251 2198 O
1415 2177 1431 2206 7
1457 2172 1513 2198 aut
1594 2145 1597 2206 i

190 2209 256 2238 ullo
281 2208 352 2238 iure
376 2209 420 2238 sit
446 2210 476 2238 ()
668 2211 688 2239 8
712 2220 776 2248 ego
795 2216 820 2250 p
843 2215 872 2240 et
889 2210 988 2249 plen:
1024 2219 1105 2248 ergo
1130 2209 1192 2240 VO
1386 2220 1424 2242 10
1447 2221 1510 2240 non
1592 2214 1596 2250 1

190 2251 350 2289 praeterit
372 2251 403 2280 V
578 2255 615 2283 18
640 2257 745 2283 totum
765 2253 846 2284 mihi
864 2265 885 2282 π
1053 2263 1089 2282 21
1117 2263 1154 2282 ac
1177 2254 1225 2286 (et
1244 2253 1292 2287 O)
1316 2264 1383 2284 non
1402 2254 1512 2292 potius
1591 2278 1600 2289 ,⁴

189 2294 292 2324 mulio
310 2294 356 2324 cO
375 2306 380 2323 z
406 2306 473 2325 non
493 2296 592 2326 mulio
611 2297 685 2335 plus
702 2299 782 2335 (om.
796 2300 849 2333 ac)
869 2296 901 2325 V
963 2296 1138 2326 advexerit
1154 2296 1202 2336 Vp
1212 2296 1327 2336 εἰμεν.
1346 2307 1353 2326 t
1377 2295 1512 2327 advexit
1590 2291 1600 2335 ἓξ

192 2337 222 2366 Ο
349 2348 389 2367 22
414 2349 481 2368 non
501 2340 613 2369 tabell.
636 2339 667 2368 V
794 2350 834 2377 24
861 2349 919 2370 cur
934 2340 964 2369 ei
988 2338 1084 2370 VcO:
1108 2339 1161 2370 cui
1178 2339 1263 2379 reip
1280 2340 1342 2370 rell.
1472 2348 1511 2376 25
1591 2333 1600 2366 Γ

191 2381 290 2410 modo
307 2390 372 2411 om.
392 2381 439 2411 cO
