<?xml version="1.0" encoding="UTF-8"?>
<!DOCTYPE html PUBLIC "-//W3C//DTD XHTML 1.0 Transitional//EN"
    "http://www.w3.org/TR/xhtml1/DTD/xhtml1-transitional.dtd">
<html xmlns="http://www.w3.org/1999/xhtml" xml:lang="en" lang="en">
 <head>
  <title>
</title>
<meta http-equiv="Content-Type" content="text/html;charset=utf-8" />
  <meta name='ocr-system' content='tesseract 3.04.00' />
  <meta name='ocr-capabilities' content='ocr_page ocr_carea ocr_par ocr_line ocrx_word'/>
</head>
<body>
  <div class='ocr_page' id='page_1' title='image "./orationesrecogno02ciceuoft/orationesrecogno02ciceuoft_0457.png"; bbox 0 0 1600 2704; ppageno 0'>
   <div class='ocr_carea' id='block_1_1' title="bbox 116 80 1507 131">
    <p class='ocr_par' dir='ltr' id='par_1_1' title="bbox 116 52 1577 131">
     <span class='ocr_line' id='line_1_1' title="bbox 116 80 1507 131; baseline 0.001 -12"><span class='ocrx_word' id='word_1_1' title='bbox 116 80 384 121; x_wconf 81' lang='lat' dir='ltr'>ACT1oN1s</span> <span class='ocrx_word' id='word_1_2' title='bbox 415 81 476 120; x_wconf 83' lang='lat' dir='ltr'>IN</span> <span class='ocrx_word' id='word_1_3' title='bbox 507 80 551 120; x_wconf 91' lang='lat' dir='ltr'>c.</span> <span class='ocrx_word' id='word_1_4' title='bbox 575 81 819 119; x_wconf 79' lang='lat' dir='ltr'><strong>VERREM</strong></span> <span class='ocrx_word' id='word_1_5' title='bbox 850 81 1150 121; x_wconf 84' lang='lat' dir='ltr'>SECVNDAE</span> <span class='ocrx_word' id='word_1_6' title='bbox 1181 83 1284 121; x_wconf 81' lang='lat' dir='ltr'><strong>LIB.</strong></span> <span class='ocrx_word' id='word_1_7' title='bbox 1308 84 1345 119; x_wconf 82' lang='lat' dir='ltr'>v</span> <span class='ocrx_word' id='word_1_8' title='bbox 1406 92 1449 131; x_wconf 88' lang='lat'>15</span> <span class='ocrx_word' id='word_1_9' title='bbox 1468 89 1507 128; x_wconf 81' lang='lat'>38</span> 
     </span>
    </p>
   </div>
   <div class='ocr_carea' id='block_1_2' title="bbox 0 193 1511 1996">
    <p class='ocr_par' dir='ltr' id='par_1_2' title="bbox 113 193 1448 245">
     <span class='ocr_line' id='line_1_2' title="bbox 113 193 1448 245; baseline 0 -12"><span class='ocrx_word' id='word_1_10' title='bbox 113 194 231 233; x_wconf 80' lang='lat' dir='ltr'>adfici</span> <span class='ocrx_word' id='word_1_11' title='bbox 264 193 544 245; x_wconf 90' lang='lat' dir='ltr'>pronuntiavit,</span> <span class='ocrx_word' id='word_1_12' title='bbox 575 200 618 232; x_wconf 88' lang='lat' dir='ltr'>ut</span> <span class='ocrx_word' id='word_1_13' title='bbox 650 194 727 232; x_wconf 92' lang='lat' dir='ltr'>hoc</span> <span class='ocrx_word' id='word_1_14' title='bbox 766 200 933 243; x_wconf 88' lang='lat' dir='ltr'>putares,</span> <span class='ocrx_word' id='word_1_15' title='bbox 962 194 1135 244; x_wconf 81' lang='lat' dir='ltr'>aliquam</span> <span class='ocrx_word' id='word_1_16' title='bbox 1175 194 1228 232; x_wconf 91' lang='lat' dir='ltr'>rei</span> <span class='ocrx_word' id='word_1_17' title='bbox 1266 194 1448 244; x_wconf 87' lang='lat' dir='ltr'>publicae</span> 
     </span>
    </p>

    <p class='ocr_par' dir='ltr' id='par_1_3' title="bbox 112 257 1449 310">
     <span class='ocr_line' id='line_1_3' title="bbox 112 257 1449 310; baseline 0 -12"><span class='ocrx_word' id='word_1_18' title='bbox 112 267 262 310; x_wconf 90' lang='lat' dir='ltr'>partem</span> <span class='ocrx_word' id='word_1_19' title='bbox 290 259 362 298; x_wconf 92' lang='lat' dir='ltr'>tibi</span> <span class='ocrx_word' id='word_1_20' title='bbox 390 258 592 306; x_wconf 87' lang='lat' dir='ltr'>creditam,</span> <span class='ocrx_word' id='word_1_21' title='bbox 613 271 763 296; x_wconf 89' lang='lat' dir='ltr'>annum</span> <span class='ocrx_word' id='word_1_22' title='bbox 792 257 864 297; x_wconf 92' lang='lat' dir='ltr'>tibi</span> <span class='ocrx_word' id='word_1_23' title='bbox 884 258 995 296; x_wconf 91' lang='lat' dir='ltr'>illurn</span> <span class='ocrx_word' id='word_1_24' title='bbox 1021 272 1145 297; x_wconf 90' lang='lat' dir='ltr'>unum</span> <span class='ocrx_word' id='word_1_25' title='bbox 1172 260 1295 298; x_wconf 90' lang='lat' dir='ltr'>domo</span> <span class='ocrx_word' id='word_1_26' title='bbox 1320 273 1449 298; x_wconf 89' lang='lat' dir='ltr'>caren-</span> 
     </span>
    </p>

    <p class='ocr_par' dir='ltr' id='par_1_4' title="bbox 112 323 1450 374">
     <span class='ocr_line' id='line_1_4' title="bbox 112 323 1450 374; baseline 0 -11"><span class='ocrx_word' id='word_1_27' title='bbox 112 326 208 363; x_wconf 89' lang='lat' dir='ltr'>dum</span> <span class='ocrx_word' id='word_1_28' title='bbox 247 337 333 364; x_wconf 91' lang='lat' dir='ltr'>esse</span> <span class='ocrx_word' id='word_1_29' title='bbox 371 323 617 364; x_wconf 89' lang='lat' dir='ltr'>meretricis?</span> <span class='ocrx_word' id='word_1_30' title='bbox 674 324 778 363; x_wconf 90' lang='lat' dir='ltr'>Cum</span> <span class='ocrx_word' id='word_1_31' title='bbox 817 323 888 362; x_wconf 92' lang='lat' dir='ltr'>tibi</span> <span class='ocrx_word' id='word_1_32' title='bbox 927 331 1030 362; x_wconf 84' lang='lat' dir='ltr'>sorte</span> <span class='ocrx_word' id='word_1_33' title='bbox 1065 323 1270 374; x_wconf 85' lang='lat' dir='ltr'>obtigisset</span> <span class='ocrx_word' id='word_1_34' title='bbox 1304 325 1359 362; x_wconf 91' lang='lat' dir='ltr'>uti</span> <span class='ocrx_word' id='word_1_35' title='bbox 1391 325 1450 363; x_wconf 91' lang='lat' dir='ltr'>ius</span> 
     </span>
    </p>

    <p class='ocr_par' dir='ltr' id='par_1_5' title="bbox 111 387 1448 439">
     <span class='ocr_line' id='line_1_5' title="bbox 111 387 1448 439; baseline 0 -12"><span class='ocrx_word' id='word_1_36' title='bbox 111 389 274 437; x_wconf 85' lang='lat' dir='ltr'>diceres,</span> <span class='ocrx_word' id='word_1_37' title='bbox 307 397 500 439; x_wconf 89' lang='lat' dir='ltr'>quantum</span> <span class='ocrx_word' id='word_1_38' title='bbox 540 388 684 438; x_wconf 91' lang='lat' dir='ltr'>negoti,</span> <span class='ocrx_word' id='word_1_39' title='bbox 718 387 816 438; x_wconf 89' lang='lat' dir='ltr'>quid</span> <span class='ocrx_word' id='word_1_40' title='bbox 851 387 981 427; x_wconf 92' lang='lat' dir='ltr'>oneris</span> <span class='ocrx_word' id='word_1_41' title='bbox 1013 388 1193 436; x_wconf 84' lang='lat' dir='ltr'>haberes,</span> <span class='ocrx_word' id='word_1_42' title='bbox 1231 402 1448 439; x_wconf 86' lang='lat' dir='ltr'><strong>numquam</strong></span> 
     </span>
    </p>

    <p class='ocr_par' dir='ltr' id='par_1_6' title="bbox 74 452 1451 505">
     <span class='ocr_line' id='line_1_6' title="bbox 74 452 1451 505; baseline 0.001 -14"><span class='ocrx_word' id='word_1_43' title='bbox 74 471 92 502; x_wconf 82' lang='lat'>5</span> <span class='ocrx_word' id='word_1_44' title='bbox 111 453 322 503; x_wconf 86' lang='lat' dir='ltr'>cogitasti?</span> <span class='ocrx_word' id='word_1_45' title='bbox 358 466 489 503; x_wconf 89' lang='lat' dir='ltr'>neque</span> <span class='ocrx_word' id='word_1_46' title='bbox 518 453 616 491; x_wconf 92' lang='lat' dir='ltr'>illud</span> <span class='ocrx_word' id='word_1_47' title='bbox 646 452 805 491; x_wconf 92' lang='lat' dir='ltr'>rationis</span> <span class='ocrx_word' id='word_1_48' title='bbox 828 452 1011 500; x_wconf 85' lang='lat' dir='ltr'>habuisti,</span> <span class='ocrx_word' id='word_1_49' title='bbox 1035 452 1065 491; x_wconf 93' lang='lat' dir='ltr'>si</span> <span class='ocrx_word' id='word_1_50' title='bbox 1087 454 1186 492; x_wconf 90' lang='lat' dir='ltr'>forte</span> <span class='ocrx_word' id='word_1_51' title='bbox 1207 462 1244 493; x_wconf 91' lang='lat' dir='ltr'>te</span> <span class='ocrx_word' id='word_1_52' title='bbox 1272 468 1451 505; x_wconf 79' lang='lat' dir='ltr'>experge-</span> 
     </span>
    </p>

    <p class='ocr_par' dir='ltr' id='par_1_7' title="bbox 111 517 1450 570">
     <span class='ocr_line' id='line_1_7' title="bbox 111 517 1450 570; baseline 0.002 -15"><span class='ocrx_word' id='word_1_53' title='bbox 111 519 239 557; x_wconf 81' lang='lat' dir='ltr'>facere</span> <span class='ocrx_word' id='word_1_54' title='bbox 254 530 403 569; x_wconf 88' lang='lat' dir='ltr'>posses,</span> <span class='ocrx_word' id='word_1_55' title='bbox 420 530 507 556; x_wconf 89' lang='lat' dir='ltr'>earn</span> <span class='ocrx_word' id='word_1_56' title='bbox 524 517 780 568; x_wconf 88' lang='lat' dir='ltr'>provinciam,</span> <span class='ocrx_word' id='word_1_57' title='bbox 798 530 917 568; x_wconf 90' lang='lat' dir='ltr'>quarn</span> <span class='ocrx_word' id='word_1_58' title='bbox 935 517 1035 557; x_wconf 89' lang='lat' dir='ltr'>tueri</span> <span class='ocrx_word' id='word_1_59' title='bbox 1058 517 1241 569; x_wconf 85' lang='lat' dir='ltr'>singulari</span> <span class='ocrx_word' id='word_1_60' title='bbox 1259 519 1450 570; x_wconf 85' lang='lat' dir='ltr'>sapientia</span> 
     </span>
    </p>

    <p class='ocr_par' dir='ltr' id='par_1_8' title="bbox 109 581 1449 632">
     <span class='ocr_line' id='line_1_8' title="bbox 109 581 1449 632; baseline 0.002 -12"><span class='ocrx_word' id='word_1_61' title='bbox 109 590 229 632; x_wconf 90' lang='lat' dir='ltr'>atque</span> <span class='ocrx_word' id='word_1_62' title='bbox 278 581 499 632; x_wconf 88' lang='lat' dir='ltr'>integritate</span> <span class='ocrx_word' id='word_1_63' title='bbox 537 582 695 621; x_wconf 87' lang='lat' dir='ltr'>difficile</span> <span class='ocrx_word' id='word_1_64' title='bbox 743 590 856 630; x_wconf 89' lang='lat' dir='ltr'>esset,</span> <span class='ocrx_word' id='word_1_65' title='bbox 908 584 960 622; x_wconf 89' lang='lat' dir='ltr'>ad</span> <span class='ocrx_word' id='word_1_66' title='bbox 1010 596 1205 621; x_wconf 88' lang='lat' dir='ltr'>summam</span> <span class='ocrx_word' id='word_1_67' title='bbox 1245 584 1449 623; x_wconf 86' lang='lat' dir='ltr'>stultitiam</span> 
     </span>
    </p>

    <p class='ocr_par' dir='ltr' id='par_1_9' title="bbox 111 647 1450 698">
     <span class='ocr_line' id='line_1_9' title="bbox 111 647 1450 698; baseline 0.001 -12"><span class='ocrx_word' id='word_1_68' title='bbox 111 647 410 698; x_wconf 89' lang='lat' dir='ltr'>nequitiamque</span> <span class='ocrx_word' id='word_1_69' title='bbox 447 647 634 686; x_wconf 87' lang='lat' dir='ltr'>venisse?</span> <span class='ocrx_word' id='word_1_70' title='bbox 691 648 833 698; x_wconf 90' lang='lat' dir='ltr'>Itaque</span> <span class='ocrx_word' id='word_1_71' title='bbox 881 660 961 686; x_wconf 92' lang='lat' dir='ltr'>non</span> <span class='ocrx_word' id='word_1_72' title='bbox 1002 649 1124 686; x_wconf 88' lang='lat' dir='ltr'>modo</span> <span class='ocrx_word' id='word_1_73' title='bbox 1162 661 1184 686; x_wconf 91' lang='lat' dir='ltr'>a</span> <span class='ocrx_word' id='word_1_74' title='bbox 1222 649 1345 687; x_wconf 89' lang='lat' dir='ltr'>domo</span> <span class='ocrx_word' id='word_1_75' title='bbox 1383 657 1450 687; x_wconf 90' lang='lat' dir='ltr'>tua</span> 
     </span>
    </p>

    <p class='ocr_par' dir='ltr' id='par_1_10' title="bbox 50 711 1511 1737">
     <span class='ocr_line' id='line_1_10' title="bbox 111 711 1450 762; baseline -0.001 -10"><span class='ocrx_word' id='word_1_76' title='bbox 111 711 376 752; x_wconf 89' lang='lat' dir='ltr'>Chelidonem</span> <span class='ocrx_word' id='word_1_77' title='bbox 409 711 449 750; x_wconf 89' lang='lat' dir='ltr'>in</span> <span class='ocrx_word' id='word_1_78' title='bbox 481 720 661 762; x_wconf 88' lang='lat' dir='ltr'>praetura</span> <span class='ocrx_word' id='word_1_79' title='bbox 696 713 904 751; x_wconf 81' lang='lat' dir='ltr'>excludere</span> <span class='ocrx_word' id='word_1_80' title='bbox 943 712 1116 760; x_wconf 90' lang='lat' dir='ltr'>noluisti,</span> <span class='ocrx_word' id='word_1_81' title='bbox 1146 713 1215 751; x_wconf 95' lang='lat' dir='ltr'>sed</span> <span class='ocrx_word' id='word_1_82' title='bbox 1250 712 1289 750; x_wconf 92' lang='lat' dir='ltr'>in</span> <span class='ocrx_word' id='word_1_83' title='bbox 1321 713 1450 752; x_wconf 92' lang='lat' dir='ltr'>Cheli-</span> 
     </span>
     <span class='ocr_line' id='line_1_11' title="bbox 55 776 1511 827; baseline 0.001 -13"><span class='ocrx_word' id='word_1_84' title='bbox 55 793 92 815; x_wconf 89' lang='lat'>10</span> <span class='ocrx_word' id='word_1_85' title='bbox 111 777 227 816; x_wconf 89' lang='lat' dir='ltr'>donis</span> <span class='ocrx_word' id='word_1_86' title='bbox 247 778 413 816; x_wconf 88' lang='lat' dir='ltr'>domum</span> <span class='ocrx_word' id='word_1_87' title='bbox 439 784 661 827; x_wconf 88' lang='lat' dir='ltr'>praeturam</span> <span class='ocrx_word' id='word_1_88' title='bbox 688 785 812 815; x_wconf 90' lang='lat' dir='ltr'>totam</span> <span class='ocrx_word' id='word_1_89' title='bbox 841 776 1026 816; x_wconf 88' lang='lat' dir='ltr'>detulisti.</span> <span class='ocrx_word' id='word_1_90' title='bbox 1086 777 1227 816; x_wconf 88' lang='lat' dir='ltr'>Secuta</span> <span class='ocrx_word' id='word_1_91' title='bbox 1249 778 1450 827; x_wconf 85' lang='lat' dir='ltr'>provincia</span> <span class='ocrx_word' id='word_1_92' title='bbox 1471 792 1511 827; x_wconf 80' lang='lat'>39</span> 
     </span>
     <span class='ocr_line' id='line_1_12' title="bbox 110 841 1449 893; baseline 0.001 -12"><span class='ocrx_word' id='word_1_93' title='bbox 110 850 168 881; x_wconf 92' lang='lat' dir='ltr'>est</span> <span class='ocrx_word' id='word_1_94' title='bbox 187 856 197 890; x_wconf 89' lang='grc'>,·</span> <span class='ocrx_word' id='word_1_95' title='bbox 226 842 267 881; x_wconf 92' lang='lat' dir='ltr'>in</span> <span class='ocrx_word' id='word_1_96' title='bbox 287 855 366 893; x_wconf 91' lang='lat' dir='ltr'>qua</span> <span class='ocrx_word' id='word_1_97' title='bbox 386 855 605 892; x_wconf 88' lang='lat' dir='ltr'>numquam</span> <span class='ocrx_word' id='word_1_98' title='bbox 626 841 698 880; x_wconf 91' lang='lat' dir='ltr'>tibi</span> <span class='ocrx_word' id='word_1_99' title='bbox 719 842 825 881; x_wconf 91' lang='lat' dir='ltr'>venit</span> <span class='ocrx_word' id='word_1_100' title='bbox 847 841 887 880; x_wconf 92' lang='lat' dir='ltr'>in</span> <span class='ocrx_word' id='word_1_101' title='bbox 909 850 1084 881; x_wconf 89' lang='lat' dir='ltr'>mentem</span> <span class='ocrx_word' id='word_1_102' title='bbox 1106 855 1186 881; x_wconf 89' lang='lat' dir='ltr'>non</span> <span class='ocrx_word' id='word_1_103' title='bbox 1209 842 1279 881; x_wconf 92' lang='lat' dir='ltr'>tibi</span> <span class='ocrx_word' id='word_1_104' title='bbox 1301 842 1449 883; x_wconf 89' lang='lat' dir='ltr'>idcirco</span> 
     </span>
     <span class='ocr_line' id='line_1_13' title="bbox 110 906 1449 958; baseline 0 -12"><span class='ocrx_word' id='word_1_105' title='bbox 110 908 226 947; x_wconf 89' lang='lat' dir='ltr'>fascis</span> <span class='ocrx_word' id='word_1_106' title='bbox 246 921 292 948; x_wconf 89' lang='lat' dir='ltr'>ac</span> <span class='ocrx_word' id='word_1_107' title='bbox 313 907 459 947; x_wconf 89' lang='lat' dir='ltr'>securis</span> <span class='ocrx_word' id='word_1_108' title='bbox 480 915 518 946; x_wconf 92' lang='lat' dir='ltr'>et</span> <span class='ocrx_word' id='word_1_109' title='bbox 538 915 688 946; x_wconf 88' lang='lat' dir='ltr'>tantam</span> <span class='ocrx_word' id='word_1_110' title='bbox 710 907 848 958; x_wconf 90' lang='lat' dir='ltr'>imperi</span> <span class='ocrx_word' id='word_1_111' title='bbox 877 906 955 945; x_wconf 88' lang='lat' dir='ltr'>vim</span> <span class='ocrx_word' id='word_1_112' title='bbox 987 915 1218 958; x_wconf 83' lang='lat' dir='ltr'>tantamque</span> <span class='ocrx_word' id='word_1_113' title='bbox 1245 920 1449 947; x_wconf 88' lang='lat' dir='ltr'>ornamen-</span> 
     </span>
     <span class='ocr_line' id='line_1_14' title="bbox 109 972 1449 1023; baseline -0.001 -11"><span class='ocrx_word' id='word_1_114' title='bbox 109 982 240 1012; x_wconf 90' lang='lat' dir='ltr'>torum</span> <span class='ocrx_word' id='word_1_115' title='bbox 279 972 459 1012; x_wconf 89' lang='lat' dir='ltr'>omnium</span> <span class='ocrx_word' id='word_1_116' title='bbox 498 972 731 1023; x_wconf 89' lang='lat' dir='ltr'>dignitatem</span> <span class='ocrx_word' id='word_1_117' title='bbox 770 973 903 1011; x_wconf 87' lang='lat' dir='ltr'>datam</span> <span class='ocrx_word' id='word_1_118' title='bbox 943 979 985 1009; x_wconf 90' lang='lat' dir='ltr'>ut</span> <span class='ocrx_word' id='word_1_119' title='bbox 1019 984 1153 1010; x_wconf 91' lang='lat' dir='ltr'>earum</span> <span class='ocrx_word' id='word_1_120' title='bbox 1186 985 1313 1011; x_wconf 88' lang='lat' dir='ltr'>rerum</span> <span class='ocrx_word' id='word_1_121' title='bbox 1344 972 1380 1010; x_wconf 93' lang='lat' dir='ltr'>vi</span> <span class='ocrx_word' id='word_1_122' title='bbox 1411 981 1449 1011; x_wconf 92' lang='lat' dir='ltr'>et</span> 
     </span>
     <span class='ocr_line' id='line_1_15' title="bbox 108 1036 1449 1087; baseline 0 -11"><span class='ocrx_word' id='word_1_123' title='bbox 108 1037 342 1077; x_wconf 88' lang='lat' dir='ltr'>auctoritate</span> <span class='ocrx_word' id='word_1_124' title='bbox 363 1037 497 1076; x_wconf 90' lang='lat' dir='ltr'>omnia</span> <span class='ocrx_word' id='word_1_125' title='bbox 518 1038 702 1087; x_wconf 87' lang='lat' dir='ltr'>repagula</span> <span class='ocrx_word' id='word_1_126' title='bbox 728 1036 889 1087; x_wconf 91' lang='lat' dir='ltr'>pudoris</span> <span class='ocrx_word' id='word_1_127' title='bbox 911 1036 1095 1086; x_wconf 85' lang='lat' dir='ltr'>officique</span> <span class='ocrx_word' id='word_1_128' title='bbox 1117 1037 1384 1087; x_wconf 89' lang='lat' dir='ltr'>perfringeres,</span> <span class='ocrx_word' id='word_1_129' title='bbox 1407 1046 1449 1076; x_wconf 92' lang='lat' dir='ltr'>ut</span> 
     </span>
     <span class='ocr_line' id='line_1_16' title="bbox 52 1102 1445 1153; baseline 0 -12"><span class='ocrx_word' id='word_1_130' title='bbox 52 1114 90 1148; x_wconf 84' lang='lat'>15</span> <span class='ocrx_word' id='word_1_131' title='bbox 109 1102 290 1141; x_wconf 89' lang='lat' dir='ltr'>omnium</span> <span class='ocrx_word' id='word_1_132' title='bbox 320 1103 427 1141; x_wconf 90' lang='lat' dir='ltr'>bona</span> <span class='ocrx_word' id='word_1_133' title='bbox 455 1103 642 1153; x_wconf 88' lang='lat' dir='ltr'>praedam</span> <span class='ocrx_word' id='word_1_134' title='bbox 672 1109 780 1140; x_wconf 89' lang='lat' dir='ltr'>tuam</span> <span class='ocrx_word' id='word_1_135' title='bbox 811 1102 988 1148; x_wconf 83' lang='lat' dir='ltr'>duceres,</span> <span class='ocrx_word' id='word_1_136' title='bbox 1016 1110 1058 1140; x_wconf 90' lang='lat' dir='ltr'>ut</span> <span class='ocrx_word' id='word_1_137' title='bbox 1088 1102 1233 1140; x_wconf 91' lang='lat' dir='ltr'>nullius</span> <span class='ocrx_word' id='word_1_138' title='bbox 1263 1116 1322 1141; x_wconf 93' lang='lat' dir='ltr'>res</span> <span class='ocrx_word' id='word_1_139' title='bbox 1353 1111 1445 1149; x_wconf 91' lang='lat' dir='ltr'>tuta,</span> 
     </span>
     <span class='ocr_line' id='line_1_17' title="bbox 109 1166 1449 1218; baseline 0 -12"><span class='ocrx_word' id='word_1_140' title='bbox 109 1167 254 1206; x_wconf 88' lang='lat' dir='ltr'>nullius</span> <span class='ocrx_word' id='word_1_141' title='bbox 284 1168 429 1206; x_wconf 89' lang='lat' dir='ltr'>domus</span> <span class='ocrx_word' id='word_1_142' title='bbox 458 1168 601 1214; x_wconf 88' lang='lat' dir='ltr'>clausa,</span> <span class='ocrx_word' id='word_1_143' title='bbox 631 1166 775 1205; x_wconf 90' lang='lat' dir='ltr'>nullius</span> <span class='ocrx_word' id='word_1_144' title='bbox 805 1166 884 1204; x_wconf 86' lang='lat' dir='ltr'>vita</span> <span class='ocrx_word' id='word_1_145' title='bbox 914 1174 1060 1217; x_wconf 86' lang='lat' dir='ltr'>saepta,</span> <span class='ocrx_word' id='word_1_146' title='bbox 1083 1167 1228 1205; x_wconf 91' lang='lat' dir='ltr'>nullius</span> <span class='ocrx_word' id='word_1_147' title='bbox 1259 1168 1449 1218; x_wconf 84' lang='lat' dir='ltr'>pudicitia</span> 
     </span>
     <span class='ocr_line' id='line_1_18' title="bbox 110 1231 1449 1282; baseline 0.002 -13"><span class='ocrx_word' id='word_1_148' title='bbox 110 1231 262 1270; x_wconf 89' lang='lat' dir='ltr'>munita</span> <span class='ocrx_word' id='word_1_149' title='bbox 282 1240 419 1270; x_wconf 88' lang='lat' dir='ltr'>contra</span> <span class='ocrx_word' id='word_1_150' title='bbox 447 1238 554 1269; x_wconf 87' lang='lat' dir='ltr'>tuam</span> <span class='ocrx_word' id='word_1_151' title='bbox 583 1231 841 1282; x_wconf 88' lang='lat' dir='ltr'>cupiditatem</span> <span class='ocrx_word' id='word_1_152' title='bbox 870 1239 908 1270; x_wconf 92' lang='lat' dir='ltr'>et</span> <span class='ocrx_word' id='word_1_153' title='bbox 937 1231 1144 1270; x_wconf 89' lang='lat' dir='ltr'>audaciam</span> <span class='ocrx_word' id='word_1_154' title='bbox 1174 1240 1308 1282; x_wconf 85' lang='lat' dir='ltr'>posset</span> <span class='ocrx_word' id='word_1_155' title='bbox 1340 1246 1424 1272; x_wconf 91' lang='lat' dir='ltr'>esse</span> <span class='ocrx_word' id='word_1_156' title='bbox 1440 1249 1449 1281; x_wconf 78' lang='lat'>3</span> 
     </span>
     <span class='ocr_line' id='line_1_19' title="bbox 109 1295 1448 1346; baseline 0.003 -12"><span class='ocrx_word' id='word_1_157' title='bbox 109 1296 149 1334; x_wconf 89' lang='lat' dir='ltr'>in</span> <span class='ocrx_word' id='word_1_158' title='bbox 170 1309 248 1346; x_wconf 90' lang='lat' dir='ltr'>qua</span> <span class='ocrx_word' id='word_1_159' title='bbox 276 1304 318 1335; x_wconf 90' lang='lat' dir='ltr'>tu</span> <span class='ocrx_word' id='word_1_160' title='bbox 346 1303 385 1336; x_wconf 93' lang='lat' dir='ltr'>te</span> <span class='ocrx_word' id='word_1_161' title='bbox 411 1295 465 1334; x_wconf 90' lang='lat' dir='ltr'>ita</span> <span class='ocrx_word' id='word_1_162' title='bbox 490 1296 642 1346; x_wconf 88' lang='lat' dir='ltr'>gessisti</span> <span class='ocrx_word' id='word_1_163' title='bbox 664 1304 717 1344; x_wconf 92' lang='lat' dir='ltr'>ut,</span> <span class='ocrx_word' id='word_1_164' title='bbox 739 1297 926 1336; x_wconf 90' lang='lat' dir='ltr'>omnibus</span> <span class='ocrx_word' id='word_1_165' title='bbox 948 1310 1039 1335; x_wconf 91' lang='lat' dir='ltr'>cum</span> <span class='ocrx_word' id='word_1_166' title='bbox 1061 1306 1218 1336; x_wconf 87' lang='lat' dir='ltr'>teneare</span> <span class='ocrx_word' id='word_1_167' title='bbox 1240 1299 1367 1345; x_wconf 92' lang='lat' dir='ltr'>rebus,</span> <span class='ocrx_word' id='word_1_168' title='bbox 1398 1301 1448 1339; x_wconf 93' lang='lat' dir='ltr'>ad</span> 
     </span>
     <span class='ocr_line' id='line_1_20' title="bbox 109 1360 1448 1413; baseline 0.002 -14"><span class='ocrx_word' id='word_1_169' title='bbox 109 1360 259 1399; x_wconf 90' lang='lat' dir='ltr'>bellurn</span> <span class='ocrx_word' id='word_1_170' title='bbox 292 1360 545 1411; x_wconf 86' lang='lat' dir='ltr'>fugitivorum</span> <span class='ocrx_word' id='word_1_171' title='bbox 581 1361 784 1411; x_wconf 86' lang='lat' dir='ltr'>confugias</span> <span class='ocrx_word' id='word_1_172' title='bbox 802 1376 812 1409; x_wconf 79' lang='lat'><em>3</em></span> <span class='ocrx_word' id='word_1_173' title='bbox 842 1375 888 1400; x_wconf 90' lang='lat' dir='ltr'>ex</span> <span class='ocrx_word' id='word_1_174' title='bbox 920 1374 1001 1412; x_wconf 90' lang='lat' dir='ltr'>quo</span> <span class='ocrx_word' id='word_1_175' title='bbox 1033 1361 1110 1400; x_wconf 87' lang='lat' dir='ltr'>iarn</span> <span class='ocrx_word' id='word_1_176' title='bbox 1146 1362 1340 1413; x_wconf 88' lang='lat' dir='ltr'>intellegis</span> <span class='ocrx_word' id='word_1_177' title='bbox 1367 1377 1448 1402; x_wconf 91' lang='lat' dir='ltr'>non</span> 
     </span>
     <span class='ocr_line' id='line_1_21' title="bbox 50 1424 1447 1473; baseline 0.001 -9"><span class='ocrx_word' id='word_1_178' title='bbox 50 1442 92 1466; x_wconf 84' lang='lat'>20</span> <span class='ocrx_word' id='word_1_179' title='bbox 109 1426 233 1464; x_wconf 89' lang='lat' dir='ltr'>modo</span> <span class='ocrx_word' id='word_1_180' title='bbox 252 1426 402 1464; x_wconf 90' lang='lat' dir='ltr'>nullam</span> <span class='ocrx_word' id='word_1_181' title='bbox 423 1424 495 1463; x_wconf 90' lang='lat' dir='ltr'>tibi</span> <span class='ocrx_word' id='word_1_182' title='bbox 515 1424 802 1473; x_wconf 85' lang='lat' dir='ltr'>defensionem,</span> <span class='ocrx_word' id='word_1_183' title='bbox 820 1427 889 1465; x_wconf 83' lang='lat' dir='ltr'>sed</span> <span class='ocrx_word' id='word_1_184' title='bbox 912 1425 1124 1464; x_wconf 85' lang='lat' dir='ltr'>maximam</span> <span class='ocrx_word' id='word_1_185' title='bbox 1140 1428 1217 1464; x_wconf 91' lang='lat' dir='ltr'>vim</span> <span class='ocrx_word' id='word_1_186' title='bbox 1239 1427 1447 1466; x_wconf 91' lang='lat' dir='ltr'>criminum</span> 
     </span>
     <span class='ocr_line' id='line_1_22' title="bbox 109 1489 1448 1543; baseline 0.002 -14"><span class='ocrx_word' id='word_1_187' title='bbox 109 1498 296 1529; x_wconf 88' lang='lat' dir='ltr'>exortam.</span> <span class='ocrx_word' id='word_1_188' title='bbox 356 1489 443 1529; x_wconf 92' lang='lat' dir='ltr'>Nisi</span> <span class='ocrx_word' id='word_1_189' title='bbox 464 1491 563 1529; x_wconf 89' lang='lat' dir='ltr'>forte</span> <span class='ocrx_word' id='word_1_190' title='bbox 585 1489 711 1528; x_wconf 87' lang='lat' dir='ltr'>Italici</span> <span class='ocrx_word' id='word_1_191' title='bbox 725 1489 979 1540; x_wconf 89' lang='lat' dir='ltr'>fugitivorum</span> <span class='ocrx_word' id='word_1_192' title='bbox 1000 1490 1094 1530; x_wconf 90' lang='lat' dir='ltr'>belli</span> <span class='ocrx_word' id='word_1_193' title='bbox 1122 1491 1304 1541; x_wconf 89' lang='lat' dir='ltr'>reliquias</span> <span class='ocrx_word' id='word_1_194' title='bbox 1329 1500 1448 1543; x_wconf 91' lang='lat' dir='ltr'>atque</span> 
     </span>
     <span class='ocr_line' id='line_1_23' title="bbox 108 1554 1447 1606; baseline 0.002 -12"><span class='ocrx_word' id='word_1_195' title='bbox 108 1555 206 1595; x_wconf 91' lang='lat' dir='ltr'>illud</span> <span class='ocrx_word' id='word_1_196' title='bbox 237 1557 512 1606; x_wconf 89' lang='lat' dir='ltr'>Tempsanum</span> <span class='ocrx_word' id='word_1_197' title='bbox 542 1554 846 1594; x_wconf 89' lang='lat' dir='ltr'>incommodum</span> <span class='ocrx_word' id='word_1_198' title='bbox 876 1557 1061 1606; x_wconf 84' lang='lat' dir='ltr'>profereS,</span> <span class='ocrx_word' id='word_1_199' title='bbox 1088 1557 1139 1596; x_wconf 91' lang='lat' dir='ltr'>ad</span> <span class='ocrx_word' id='word_1_200' title='bbox 1170 1558 1279 1606; x_wconf 91' lang='lat' dir='ltr'>quod</span> <span class='ocrx_word' id='word_1_201' title='bbox 1312 1571 1447 1597; x_wconf 91' lang='lat' dir='ltr'>recens</span> 
     </span>
     <span class='ocr_line' id='line_1_24' title="bbox 107 1621 1447 1672; baseline 0 -12"><span class='ocrx_word' id='word_1_202' title='bbox 107 1634 200 1672; x_wconf 78' lang='lat' dir='ltr'>curn</span> <span class='ocrx_word' id='word_1_203' title='bbox 232 1628 271 1660; x_wconf 90' lang='lat' dir='ltr'>te</span> <span class='ocrx_word' id='word_1_204' title='bbox 302 1627 596 1671; x_wconf 89' lang='lat' dir='ltr'>peropportune</span> <span class='ocrx_word' id='word_1_205' title='bbox 622 1621 778 1659; x_wconf 90' lang='lat' dir='ltr'>fortuna</span> <span class='ocrx_word' id='word_1_206' title='bbox 807 1621 1011 1669; x_wconf 87' lang='lat' dir='ltr'>attulisset,</span> <span class='ocrx_word' id='word_1_207' title='bbox 1046 1621 1078 1659; x_wconf 91' lang='lat' dir='ltr'>si</span> <span class='ocrx_word' id='word_1_208' title='bbox 1111 1621 1207 1672; x_wconf 90' lang='lat' dir='ltr'>quid</span> <span class='ocrx_word' id='word_1_209' title='bbox 1240 1622 1280 1660; x_wconf 90' lang='lat' dir='ltr'>in</span> <span class='ocrx_word' id='word_1_210' title='bbox 1312 1630 1350 1661; x_wconf 94' lang='lat' dir='ltr'>te</span> <span class='ocrx_word' id='word_1_211' title='bbox 1377 1623 1447 1660; x_wconf 89' lang='lat' dir='ltr'>vir-</span> 
     </span>
     <span class='ocr_line' id='line_1_25' title="bbox 107 1685 1446 1737; baseline 0.002 -13"><span class='ocrx_word' id='word_1_212' title='bbox 107 1685 201 1725; x_wconf 89' lang='lat' dir='ltr'>tutis</span> <span class='ocrx_word' id='word_1_213' title='bbox 239 1693 307 1725; x_wconf 90' lang='lat' dir='ltr'>aut</span> <span class='ocrx_word' id='word_1_214' title='bbox 345 1685 561 1725; x_wconf 89' lang='lat' dir='ltr'>industriae</span> <span class='ocrx_word' id='word_1_215' title='bbox 599 1685 816 1734; x_wconf 85' lang='lat' dir='ltr'>habuisses,</span> <span class='ocrx_word' id='word_1_216' title='bbox 855 1685 962 1725; x_wconf 89' lang='lat' dir='ltr'>idem</span> <span class='ocrx_word' id='word_1_217' title='bbox 1002 1686 1068 1736; x_wconf 92' lang='lat' dir='ltr'>qui</span> <span class='ocrx_word' id='word_1_218' title='bbox 1118 1699 1272 1737; x_wconf 90' lang='lat' dir='ltr'>semper</span> <span class='ocrx_word' id='word_1_219' title='bbox 1319 1689 1446 1727; x_wconf 88' lang='lat' dir='ltr'>fueras</span> 
     </span>
    </p>

    <p class='ocr_par' dir='ltr' id='par_1_11' title="bbox 0 1751 372 1799">
     <span class='ocr_line' id='line_1_26' title="bbox 0 1751 372 1799; baseline 0.008 -12"><span class='ocrx_word' id='word_1_220' title='bbox 0 1768 1 1787; x_wconf 82' lang='grc'>;</span> <span class='ocrx_word' id='word_1_221' title='bbox 49 1766 88 1799; x_wconf 86' lang='lat'>25</span> <span class='ocrx_word' id='word_1_222' title='bbox 107 1751 291 1791; x_wconf 90' lang='lat' dir='ltr'>inventus</span> <span class='ocrx_word' id='word_1_223' title='bbox 318 1764 372 1790; x_wconf 90' lang='lat' dir='ltr'>es.</span> 
     </span>
    </p>

    <p class='ocr_par' dir='ltr' id='par_1_12' title="bbox 105 1815 1445 1996">
     <span class='ocr_line' id='line_1_27' title="bbox 161 1815 1445 1867; baseline 0.001 -11"><span class='ocrx_word' id='word_1_224' title='bbox 161 1816 265 1856; x_wconf 90' lang='lat' dir='ltr'>Cum</span> <span class='ocrx_word' id='word_1_225' title='bbox 281 1817 333 1855; x_wconf 89' lang='lat' dir='ltr'>ad</span> <span class='ocrx_word' id='word_1_226' title='bbox 354 1824 392 1856; x_wconf 93' lang='lat' dir='ltr'>te</span> <span class='ocrx_word' id='word_1_227' title='bbox 412 1815 614 1855; x_wconf 87' lang='lat' dir='ltr'>Valentini</span> <span class='ocrx_word' id='word_1_228' title='bbox 635 1816 835 1856; x_wconf 84' lang='lat' dir='ltr'>venissent</span> <span class='ocrx_word' id='word_1_229' title='bbox 856 1824 894 1855; x_wconf 89' lang='lat' dir='ltr'>et</span> <span class='ocrx_word' id='word_1_230' title='bbox 914 1829 985 1867; x_wconf 88' lang='lat' dir='ltr'>pro</span> <span class='ocrx_word' id='word_1_231' title='bbox 1006 1816 1051 1855; x_wconf 88' lang='lat' dir='ltr'>iis</span> <span class='ocrx_word' id='word_1_232' title='bbox 1073 1818 1195 1856; x_wconf 89' lang='lat' dir='ltr'>homo</span> <span class='ocrx_word' id='word_1_233' title='bbox 1212 1817 1379 1856; x_wconf 87' lang='lat' dir='ltr'>disertus</span> <span class='ocrx_word' id='word_1_234' title='bbox 1399 1831 1445 1857; x_wconf 90' lang='lat' dir='ltr'>ac</span> 
     </span>
     <span class='ocr_line' id='line_1_28' title="bbox 105 1880 1444 1933; baseline 0.001 -14"><span class='ocrx_word' id='word_1_235' title='bbox 105 1880 261 1928; x_wconf 89' lang='lat' dir='ltr'>nobilis,</span> <span class='ocrx_word' id='word_1_236' title='bbox 289 1882 346 1919; x_wconf 87' lang='lat' dir='ltr'>M.</span> <span class='ocrx_word' id='word_1_237' title='bbox 375 1880 537 1928; x_wconf 91' lang='lat' dir='ltr'>Marius,</span> <span class='ocrx_word' id='word_1_238' title='bbox 569 1883 804 1931; x_wconf 88' lang='lat' dir='ltr'>loqueretur,</span> <span class='ocrx_word' id='word_1_239' title='bbox 828 1888 871 1919; x_wconf 91' lang='lat' dir='ltr'>ut</span> <span class='ocrx_word' id='word_1_240' title='bbox 901 1881 1104 1931; x_wconf 86' lang='lat' dir='ltr'>negotium</span> <span class='ocrx_word' id='word_1_241' title='bbox 1135 1883 1364 1933; x_wconf 90' lang='lat' dir='ltr'>susciperes,</span> <span class='ocrx_word' id='word_1_242' title='bbox 1390 1891 1444 1930; x_wconf 88' lang='lat' dir='ltr'>ut,</span> 
     </span>
     <span class='ocr_line' id='line_1_29' title="bbox 106 1945 1443 1996; baseline 0.001 -13"><span class='ocrx_word' id='word_1_243' title='bbox 106 1958 197 1984; x_wconf 87' lang='lat' dir='ltr'>curn</span> <span class='ocrx_word' id='word_1_244' title='bbox 218 1958 341 1996; x_wconf 91' lang='lat' dir='ltr'>penes</span> <span class='ocrx_word' id='word_1_245' title='bbox 361 1953 400 1984; x_wconf 93' lang='lat' dir='ltr'>te</span> <span class='ocrx_word' id='word_1_246' title='bbox 414 1946 652 1995; x_wconf 88' lang='lat' dir='ltr'>praetorium</span> <span class='ocrx_word' id='word_1_247' title='bbox 667 1945 876 1995; x_wconf 88' lang='lat' dir='ltr'>imperium</span> <span class='ocrx_word' id='word_1_248' title='bbox 897 1958 943 1984; x_wconf 89' lang='lat' dir='ltr'>ac</span> <span class='ocrx_word' id='word_1_249' title='bbox 964 1958 1112 1984; x_wconf 89' lang='lat' dir='ltr'>nomen</span> <span class='ocrx_word' id='word_1_250' title='bbox 1135 1953 1247 1993; x_wconf 89' lang='lat' dir='ltr'>esset,</span> <span class='ocrx_word' id='word_1_251' title='bbox 1265 1947 1316 1985; x_wconf 91' lang='lat' dir='ltr'>ad</span> <span class='ocrx_word' id='word_1_252' title='bbox 1338 1946 1443 1985; x_wconf 89' lang='lat' dir='ltr'>illam</span> 
     </span>
    </p>
   </div>
   <div class='ocr_carea' id='block_1_3' title="bbox 0 1505 3 1600">
    <p class='ocr_par' dir='ltr' id='par_1_13' title="bbox 0 1505 3 1600">
     <span class='ocr_line' id='line_1_30' title="bbox 0 1505 3 1600; baseline 0 0"><span class='ocrx_word' id='word_1_253' title='bbox 0 1505 3 1600; x_wconf 71' lang='lat' dir='ltr'>l</span> 
     </span>
    </p>
   </div>
   <div class='ocr_carea' id='block_1_4' title="bbox 1466 1785 1512 1822">
    <p class='ocr_par' dir='ltr' id='par_1_14' title="bbox 1466 1785 1512 1822">
     <span class='ocr_line' id='line_1_31' title="bbox 1466 1785 1512 1822; baseline 0.022 -1"><span class='ocrx_word' id='word_1_254' title='bbox 1466 1785 1512 1822; x_wconf 92' lang='lat'>16</span> 
     </span>
    </p>
   </div>
   <div class='ocr_carea' id='block_1_5' title="bbox 1465 1854 1508 1885">
    <p class='ocr_par' dir='ltr' id='par_1_15' title="bbox 1465 1854 1508 1885">
     <span class='ocr_line' id='line_1_32' title="bbox 1465 1854 1508 1885; baseline 0 -9"><span class='ocrx_word' id='word_1_255' title='bbox 1465 1854 1508 1885; x_wconf 78' lang='lat'>40</span> 
     </span>
    </p>
   </div>
   <div class='ocr_carea' id='block_1_6' title="bbox 104 2047 1445 2348">
    <p class='ocr_par' dir='ltr' id='par_1_16' title="bbox 104 2047 1445 2348">
     <span class='ocr_line' id='line_1_33' title="bbox 149 2047 1443 2089; baseline 0.003 -11"><span class='ocrx_word' id='word_1_256' title='bbox 149 2058 168 2087; x_wconf 87' lang='lat'>5</span> <span class='ocrx_word' id='word_1_257' title='bbox 194 2049 222 2079; x_wconf 89' lang='lat' dir='ltr'>si</span> <span class='ocrx_word' id='word_1_258' title='bbox 240 2058 305 2080; x_wconf 88' lang='lat' dir='ltr'>om.</span> <span class='ocrx_word' id='word_1_259' title='bbox 326 2047 392 2080; x_wconf 79' lang='lat' dir='ltr'>SD</span> <span class='ocrx_word' id='word_1_260' title='bbox 494 2048 578 2080; x_wconf 78' lang='lat' dir='ltr'>Post</span> <span class='ocrx_word' id='word_1_261' title='bbox 593 2048 688 2086; x_wconf 84' lang='lat' dir='ltr'>sorte,</span> <span class='ocrx_word' id='word_1_262' title='bbox 708 2053 743 2079; x_wconf 89' lang='lat' dir='ltr'>te</span> <span class='ocrx_word' id='word_1_263' title='bbox 760 2057 899 2088; x_wconf 85' lang='lat' dir='ltr'>experg.</span> <span class='ocrx_word' id='word_1_264' title='bbox 920 2048 1036 2088; x_wconf 78' lang='lat' dir='ltr'>scripsi</span> <span class='ocrx_word' id='word_1_265' title='bbox 1051 2049 1084 2089; x_wconf 67' lang='grc' dir='ltr'>(ξ</span> <span class='ocrx_word' id='word_1_266' title='bbox 1104 2050 1147 2088; x_wconf 82' lang='grc'>56</span> <span class='ocrx_word' id='word_1_267' title='bbox 1164 2049 1268 2089; x_wconf 79' lang='lat' dir='ltr'>infra)</span> <span class='ocrx_word' id='word_1_268' title='bbox 1289 2060 1297 2080; x_wconf 73' lang='grc' dir='ltr'><strong>ι</strong></span> <span class='ocrx_word' id='word_1_269' title='bbox 1321 2060 1443 2089; x_wconf 85' lang='lat' dir='ltr'>exper—</span> 
     </span>
     <span class='ocr_line' id='line_1_34' title="bbox 105 2091 1443 2133; baseline 0.002 -11"><span class='ocrx_word' id='word_1_270' title='bbox 105 2097 182 2131; x_wconf 85' lang='lat' dir='ltr'>gete</span> <span class='ocrx_word' id='word_1_271' title='bbox 202 2091 313 2123; x_wconf 87' lang='lat' dir='ltr'>sacere</span> <span class='ocrx_word' id='word_1_272' title='bbox 332 2097 358 2132; x_wconf 88' lang='lat' dir='ltr'>p</span> <span class='ocrx_word' id='word_1_273' title='bbox 384 2091 458 2133; x_wconf 83' lang='lat' dir='ltr'>(sed</span> <span class='ocrx_word' id='word_1_274' title='bbox 471 2103 547 2123; x_wconf 86' lang='lat' dir='ltr'>cum</span> <span class='ocrx_word' id='word_1_275' title='bbox 563 2093 658 2132; x_wconf 66' lang='lat' dir='ltr'>szgno</span> <span class='ocrx_word' id='word_1_276' title='bbox 675 2095 799 2132; x_wconf 80' lang='lat' dir='ltr'>transp.</span> <span class='ocrx_word' id='word_1_277' title='bbox 814 2097 882 2122; x_wconf 90' lang='lat' dir='ltr'>=te</span> <span class='ocrx_word' id='word_1_278' title='bbox 896 2092 1054 2132; x_wconf 84' lang='lat' dir='ltr'>experg.)</span> <span class='ocrx_word' id='word_1_279' title='bbox 1073 2103 1079 2122; x_wconf 80' lang='lat' dir='ltr'><em>z</em></span> <span class='ocrx_word' id='word_1_280' title='bbox 1110 2102 1250 2132; x_wconf 85' lang='lat' dir='ltr'>experg.</span> <span class='ocrx_word' id='word_1_281' title='bbox 1264 2098 1298 2124; x_wconf 88' lang='lat' dir='ltr'>te</span> <span class='ocrx_word' id='word_1_282' title='bbox 1316 2094 1332 2122; x_wconf 89' lang='grc' dir='ltr'>δ</span> <span class='ocrx_word' id='word_1_283' title='bbox 1348 2093 1419 2125; x_wconf 82' lang='lat' dir='ltr'>edd.</span> <span class='ocrx_word' id='word_1_284' title='bbox 1437 2106 1443 2124; x_wconf 88' lang='lat'>:</span> 
     </span>
     <span class='ocr_line' id='line_1_35' title="bbox 105 2135 1444 2176; baseline 0.002 -12"><span class='ocrx_word' id='word_1_285' title='bbox 105 2140 138 2165; x_wconf 90' lang='lat' dir='ltr'>te</span> <span class='ocrx_word' id='word_1_286' title='bbox 154 2145 221 2166; x_wconf 85' lang='lat' dir='ltr'>om.</span> <span class='ocrx_word' id='word_1_287' title='bbox 238 2135 303 2166; x_wconf 85' lang='lat' dir='ltr'>RS</span> <span class='ocrx_word' id='word_1_288' title='bbox 421 2136 442 2165; x_wconf 89' lang='lat'><em>8</em></span> <span class='ocrx_word' id='word_1_289' title='bbox 466 2136 567 2166; x_wconf 91' lang='lat' dir='ltr'>domo</span> <span class='ocrx_word' id='word_1_290' title='bbox 588 2136 664 2174; x_wconf 77' lang='lat' dir='ltr'>(om.</span> <span class='ocrx_word' id='word_1_291' title='bbox 683 2136 715 2170; x_wconf 56' lang='lat' dir='ltr'>a]</span> <span class='ocrx_word' id='word_1_292' title='bbox 736 2159 743 2166; x_wconf 94' lang='lat'><em>.</em></span> <span class='ocrx_word' id='word_1_293' title='bbox 767 2158 773 2165; x_wconf 88' lang='lat'><strong>.</strong></span> <span class='ocrx_word' id='word_1_294' title='bbox 794 2158 801 2166; x_wconf 89' lang='lat'><strong>.</strong></span> <span class='ocrx_word' id='word_1_295' title='bbox 823 2136 1006 2166; x_wconf 86' lang='lat' dir='ltr'>extrudere</span> <span class='ocrx_word' id='word_1_296' title='bbox 1023 2137 1039 2165; x_wconf 91' lang='grc' dir='ltr'>δ</span> <span class='ocrx_word' id='word_1_297' title='bbox 1154 2145 1194 2175; x_wconf 90' lang='lat'>19</span> <span class='ocrx_word' id='word_1_298' title='bbox 1219 2136 1389 2172; x_wconf 76' lang='lat' dir='ltr'>intelliges</span> <span class='ocrx_word' id='word_1_299' title='bbox 1399 2139 1444 2176; x_wconf 67' lang='lat' dir='ltr'>pb</span> 
     </span>
     <span class='ocr_line' id='line_1_36' title="bbox 105 2177 1445 2218; baseline 0.001 -10"><span class='ocrx_word' id='word_1_300' title='bbox 105 2188 147 2208; x_wconf 84' lang='lat'>20</span> <span class='ocrx_word' id='word_1_301' title='bbox 172 2179 349 2209; x_wconf 87' lang='lat' dir='ltr'>criminum</span> <span class='ocrx_word' id='word_1_302' title='bbox 361 2183 388 2218; x_wconf 85' lang='lat' dir='ltr'>p</span> <span class='ocrx_word' id='word_1_303' title='bbox 405 2178 475 2210; x_wconf 81' lang='lat' dir='ltr'>edd.</span> <span class='ocrx_word' id='word_1_304' title='bbox 493 2190 499 2209; x_wconf 92' lang='lat'>:</span> <span class='ocrx_word' id='word_1_305' title='bbox 525 2179 676 2209; x_wconf 80' lang='lat' dir='ltr'>criminis</span> <span class='ocrx_word' id='word_1_306' title='bbox 694 2177 756 2209; x_wconf 82' lang='lat' dir='ltr'>RS</span> <span class='ocrx_word' id='word_1_307' title='bbox 926 2188 964 2209; x_wconf 86' lang='lat'>21</span> <span class='ocrx_word' id='word_1_308' title='bbox 992 2178 1207 2217; x_wconf 84' lang='lat' dir='ltr'>fugitivorum</span> <span class='ocrx_word' id='word_1_309' title='bbox 1226 2179 1296 2210; x_wconf 74' lang='lat' dir='ltr'>secl.</span> <span class='ocrx_word' id='word_1_310' title='bbox 1312 2179 1445 2211; x_wconf 81' lang='lat' dir='ltr'>Richter</span> 
     </span>
     <span class='ocr_line' id='line_1_37' title="bbox 106 2221 1442 2262; baseline 0.002 -11"><span class='ocrx_word' id='word_1_311' title='bbox 106 2221 140 2260; x_wconf 66' lang='grc' dir='ltr'>(ξ</span> <span class='ocrx_word' id='word_1_312' title='bbox 162 2231 200 2259; x_wconf 88' lang='lat'>14</span> <span class='ocrx_word' id='word_1_313' title='bbox 217 2224 336 2262; x_wconf 74' lang='lat' dir='ltr'>supra)</span> <span class='ocrx_word' id='word_1_314' title='bbox 458 2232 498 2252; x_wconf 88' lang='lat'>22</span> <span class='ocrx_word' id='word_1_315' title='bbox 522 2227 732 2261; x_wconf 87' lang='lat' dir='ltr'>tempsanum</span> <span class='ocrx_word' id='word_1_316' title='bbox 746 2226 792 2261; x_wconf 86' lang='lat' dir='ltr'>p:</span> <span class='ocrx_word' id='word_1_317' title='bbox 818 2225 989 2252; x_wconf 84' lang='lat' dir='ltr'>temanum</span> <span class='ocrx_word' id='word_1_318' title='bbox 1007 2221 1042 2252; x_wconf 83' lang='lat' dir='ltr'><em>R</em></span> <span class='ocrx_word' id='word_1_319' title='bbox 1162 2232 1203 2262; x_wconf 87' lang='lat'>23</span> <span class='ocrx_word' id='word_1_320' title='bbox 1229 2222 1407 2254; x_wconf 89' lang='lat' dir='ltr'>obtulisset</span> <span class='ocrx_word' id='word_1_321' title='bbox 1426 2225 1442 2254; x_wconf 89' lang='grc' dir='ltr'>δ</span> 
     </span>
     <span class='ocr_line' id='line_1_38' title="bbox 105 2263 1441 2306; baseline 0.004 -13"><span class='ocrx_word' id='word_1_322' title='bbox 105 2274 145 2302; x_wconf 89' lang='lat'>24</span> <span class='ocrx_word' id='word_1_323' title='bbox 171 2265 357 2296; x_wconf 84' lang='lat' dir='ltr'>industriae</span> <span class='ocrx_word' id='word_1_324' title='bbox 375 2265 492 2296; x_wconf 84' lang='lat' dir='ltr'>fuisset</span> <span class='ocrx_word' id='word_1_325' title='bbox 510 2266 526 2295; x_wconf 89' lang='grc' dir='ltr'>δ</span> <span class='ocrx_word' id='word_1_326' title='bbox 638 2267 680 2295; x_wconf 88' lang='lat'>26</span> <span class='ocrx_word' id='word_1_327' title='bbox 704 2265 745 2295; x_wconf 88' lang='lat' dir='ltr'>iis</span> <span class='ocrx_word' id='word_1_328' title='bbox 763 2263 851 2295; x_wconf 62' lang='lat' dir='ltr'>Bait.</span> <span class='ocrx_word' id='word_1_329' title='bbox 869 2276 875 2296; x_wconf 93' lang='lat'><strong>:</strong></span> <span class='ocrx_word' id='word_1_330' title='bbox 901 2264 954 2296; x_wconf 84' lang='lat' dir='ltr'>his</span> <span class='ocrx_word' id='word_1_331' title='bbox 970 2264 1060 2296; x_wconf 85' lang='lat' dir='ltr'>codd.</span> <span class='ocrx_word' id='word_1_332' title='bbox 1175 2276 1215 2306; x_wconf 86' lang='lat'>27</span> <span class='ocrx_word' id='word_1_333' title='bbox 1242 2272 1441 2305; x_wconf 85' lang='lat' dir='ltr'>quereretur</span> 
     </span>
     <span class='ocr_line' id='line_1_39' title="bbox 104 2305 788 2348; baseline 0 -10"><span class='ocrx_word' id='word_1_334' title='bbox 104 2305 168 2338; x_wconf 81' lang='lat' dir='ltr'>RS</span> <span class='ocrx_word' id='word_1_335' title='bbox 301 2311 343 2340; x_wconf 87' lang='lat'>28</span> <span class='ocrx_word' id='word_1_336' title='bbox 366 2309 544 2348; x_wconf 79' lang='lat' dir='ltr'>imperium</span> <span class='ocrx_word' id='word_1_337' title='bbox 558 2317 595 2339; x_wconf 85' lang='lat' dir='ltr'>ac</span> <span class='ocrx_word' id='word_1_338' title='bbox 612 2318 677 2339; x_wconf 81' lang='lat' dir='ltr'>om.</span> <span class='ocrx_word' id='word_1_339' title='bbox 695 2307 788 2340; x_wconf 66' lang='lat' dir='ltr'>st</span> 
     </span>
    </p>
   </div>
  </div>
 </body>
</html>
