1600 2704
104 105 154 144 25
174 102 212 135 62
543 97 598 134 M.
631 96 798 135 TVLLI
830 96 1134 137 CICERONIS

171 221 217 247 ac
248 209 336 247 ludo
364 220 445 246 non
475 206 602 246 risisse
632 206 699 257 qui
730 220 835 245 nunc
865 206 904 245 in
935 206 1110 257 periculo
1138 213 1258 257 atque
1287 205 1405 245 exitio
1425 219 1499 245 suo

171 273 291 311 risum
326 279 459 311 tenere
491 285 572 310 non
607 271 740 322 possit.
800 273 862 311 Ne
897 273 1030 318 multa,
1065 271 1242 311 iudices:
1271 270 1330 309 his
1363 278 1499 310 contu-

173 338 298 376 meliis
333 337 472 376 scitote
506 338 554 387 Q.
593 337 763 375 Lollium
798 345 981 376 coactum
1009 337 1060 375 ad
1092 335 1243 386 Aproni
1276 337 1379 386 leges
1406 349 1497 374 con-

110 410 151 453 63
173 402 431 452 dicionesque
451 401 613 440 venisse.
674 401 824 440 Lollius
844 408 972 440 aetate
992 408 1030 439 et
1052 400 1191 439 morbo
1212 400 1424 450 impeditus
1445 400 1496 438 ad

172 467 443 505 testimonium
474 466 690 506 dicendum
711 466 843 505 venire
868 480 950 504 non
977 465 1116 516 potuit.
1177 464 1287 513 Quid
1317 478 1416 515 opus
1438 472 1496 503 est
1517 480 1534 510 5

173 531 330 569 Lollio?
388 533 518 569 Nemo
539 532 615 568 hoc
636 530 772 577 nescit,
795 544 914 568 nemo
935 537 1092 568 tuorum
1112 529 1341 575 amicorum,
1377 541 1496 567 nemo

169 596 240 634 abs
262 603 300 634 te
320 597 546 644 productus,
567 608 686 633 nemo
706 595 777 633 abs
798 602 836 633 te
856 594 1115 645 interrogatus
1136 608 1242 633 nunc
1264 608 1304 632 se
1325 594 1496 644 primum

170 661 246 698 hoc
280 659 384 698 dicet
422 658 567 698 audire.
629 661 685 696 M.
719 658 880 704 Lollius,
912 658 1014 697 filius
1046 658 1140 706 eius,
1174 660 1406 698 adulescens
1448 660 1496 697 le-

169 723 378 770 ctissimus,
401 731 555 774 praesto
577 730 659 761 est:
691 723 807 761 huius
829 723 947 762 verba
966 723 1145 762 audietis.
1205 724 1309 761 Nam
1335 724 1386 772 Q.
1410 725 1498 761 Lol-

169 787 253 833 lius,
273 788 355 826 eius
376 788 489 832 filius,
511 787 579 837 qui
601 787 799 827 Calidium
819 787 1028 834 accusavit,
1051 788 1286 827 adulescens
1307 794 1345 826 et
1365 788 1494 826 bonus
1518 805 1558 826 10

169 860 207 891 et
224 853 330 892 fortis
353 862 390 892 et
411 853 450 891 in
472 853 605 904 primis
619 852 798 899 disertus,
814 866 904 891 eum
926 853 985 891 his
1001 851 1151 891 iniuriis
1165 852 1495 902 contumeliisque

169 925 394 956 commotus
414 917 454 955 in
476 917 647 956 Siciliam
669 924 771 955 esset
791 919 1001 967 profectus,
1024 916 1064 955 in
1091 917 1229 956 itinere
1249 916 1402 955 occisus
1424 925 1492 955 est.

170 982 292 1021 Cuius
326 982 460 1019 mortis
499 995 658 1020 causam
697 981 847 1031 fugitivi
886 981 1090 1028 sustinent,
1132 995 1173 1019 re
1212 981 1375 1030 quidem
1407 995 1496 1019 vera

168 1059 287 1084 nemo
319 1045 359 1084 in
394 1045 525 1085 Sicilia
558 1045 713 1084 dubitat
744 1046 839 1096 quin
869 1059 917 1084 eo
946 1046 995 1084 sit
1030 1046 1184 1084 occisus
1218 1047 1327 1095 quod
1352 1046 1496 1084 habere

167 1112 301 1149 clausa
321 1124 401 1150 non
422 1110 592 1161 potuerit
623 1123 692 1149 sua
722 1110 885 1149 consilia
905 1112 956 1149 de
976 1112 1107 1149 Verre.
1170 1112 1250 1149 Iste
1279 1124 1394 1160 porro
1416 1124 1495 1148 non
1518 1125 1554 1157 15

167 1175 378 1214 dubitabat
409 1175 505 1225 quin
535 1175 576 1223 is,
609 1174 677 1225 qui
706 1174 825 1213 alium
855 1183 970 1213 antea
999 1175 1130 1214 studio
1159 1177 1355 1214 adductus
1385 1188 1496 1213 accu-

168 1246 301 1285 sasset,
343 1239 417 1277 sibi
455 1239 681 1278 advenienti
721 1246 876 1289 praesto
914 1246 1017 1278 esset
1055 1240 1220 1286 futurus,
1260 1252 1352 1278 cum
1393 1246 1494 1278 esset

169 1303 339 1354 parentis
370 1303 519 1342 iniuriis
549 1311 587 1342 et
616 1303 837 1343 domestico
867 1305 1003 1343 dolore
1030 1312 1267 1344 commotus.

226 1369 364 1406 Iamne
393 1368 627 1418 intellegitis,
658 1368 818 1415 iudices,
846 1381 947 1418 quae
976 1368 1106 1419 pestis,
1139 1382 1240 1418 quae
1268 1368 1492 1407 immanitas

168 1433 207 1471 in
246 1440 372 1471 vestra
410 1432 682 1483 antiquissima
731 1432 959 1471 fidelissima
998 1432 1254 1483 proximaque
1292 1433 1493 1483 provincia
1515 1449 1556 1471 20

166 1505 316 1536 versata
337 1497 414 1535 sit?
443 1497 520 1535 iam
541 1497 681 1536 videtis
711 1510 831 1547 quam
860 1497 914 1535 ob
942 1510 1101 1536 causam
1123 1497 1264 1544 Sicilia,
1291 1505 1349 1536 tot
1370 1497 1494 1536 homi-

166 1575 261 1600 num
283 1570 397 1600 antea
419 1563 518 1600 furta
539 1561 692 1612 rapinas
714 1561 939 1612 iniquitates
961 1561 1276 1612 ignominiasque
1295 1575 1489 1612 perpessa,

165 1627 241 1665 hoc
281 1640 361 1665 non
400 1627 570 1677 potuerit
608 1640 756 1665 novum
794 1639 841 1665 ac
879 1626 1072 1676 singulare
1109 1634 1227 1677 atque
1262 1626 1491 1666 incredibile

165 1704 287 1740 genus
309 1691 535 1730 iniuriarum
557 1691 965 1741 contumeliarumque
992 1693 1187 1741 perferre?
1246 1693 1330 1729 Iam
1351 1705 1490 1730 omnes

165 1755 396 1805 intellegunt
417 1769 485 1794 cur
514 1756 693 1794 universa
723 1755 924 1806 provincia
954 1756 1202 1805 defensorem
1230 1768 1324 1794 suae
1354 1756 1488 1794 salutis
1511 1770 1550 1803 25

165 1833 256 1858 eum
287 1819 520 1870 quaesiverit
554 1820 664 1858 cuius
699 1819 771 1858 iste
802 1820 894 1859 fidei
925 1819 1150 1869 diligentiae
1180 1819 1489 1869 perseverantiae

166 1885 271 1922 nulla
310 1883 459 1922 ratione
499 1884 593 1934 eripi
632 1884 764 1934 possit.
825 1886 903 1922 Tot
953 1883 1107 1922 iudiciis
1155 1882 1391 1930 interfuistis,
1432 1890 1490 1921 tot

164 1948 346 1987 homines
368 1948 546 1987 nocentis
571 1955 609 1986 et
639 1948 840 1998 improbos
865 1955 1068 1987 accusatos
1099 1954 1138 1986 et
1158 1955 1283 1986 vestra
1311 1955 1349 1986 et
1380 1960 1491 1997 supe-

95 1342 150 1380 26

106 1402 149 1441 64

211 2058 223 2077 1
251 2053 352 2088 atque
372 2048 402 2078 O
524 2047 602 2078 ludo
618 2048 753 2088 scripsi:
779 2047 872 2079 lucro
889 2047 958 2078 cOn·
975 2060 981 2078 :
1007 2047 1111 2079 lustro
1131 2047 1215 2088 ng.
1234 2057 1264 2087 5,
1285 2057 1326 2086 27
1344 2058 1351 2078 :
1374 2047 1488 2079 lustris

164 2091 274 2122 Muell.
295 2103 301 2121 :
325 2091 406 2122 luxu
424 2092 511 2133 vulg.
645 2102 664 2121 2
689 2091 761 2123 istis
781 2090 811 2121 O
929 2092 950 2121 8
974 2092 1038 2122 hoc
1055 2092 1144 2123 dicet
1156 2096 1180 2131 p
1197 2091 1260 2122 rell.
1282 2090 1389 2131 (prob.
1407 2091 1485 2122 Ziel.

159 2138 192 2172 p.
215 2144 272 2173 195
308 2146 314 2164 z
338 2135 464 2166 diceret
484 2137 561 2174 (om.
582 2135 660 2175 hoc]
683 2134 713 2166 O
837 2135 908 2166 eius
926 2134 1012 2165 filius
1031 2135 1062 2165 O
1227 2144 1266 2164 10
1288 2134 1438 2164 eiusdem
1458 2133 1488 2164 O

168 2186 203 2206 11
230 2187 267 2207 ac
287 2177 317 2207 in
337 2178 451 2216 primis
471 2178 501 2210 Ο
590 2178 804 2209 contumeliis
820 2178 1018 2217 iniuriisque
1038 2177 1068 2209 O
1087 2178 1117 2219 (ξ
1132 2187 1174 2217 95
1191 2176 1295 2216 infra)
1448 2177 1487 2207 16
1591 2182 1596 2211 ,¹

164 2224 242 2250 ante
260 2219 302 2248 7rk
320 2221 368 2260 (ii.
390 2224 404 2257 ξ
424 2222 479 2258 82)
617 2223 655 2252 18
679 2226 713 2252 et
730 2222 917 2252 domestico
935 2221 985 2252 sJ.
998 2220 1036 2260 p²
1146 2230 1188 2250 20
1211 2224 1326 2250 nostra
1345 2219 1375 2249 O
1392 2220 1425 2257 (ξ
1443 2229 1485 2258 57
1591 2214 1596 2248 l

163 2268 275 2302 supra
416 2274 452 2293 21
480 2265 591 2296 iamne
609 2265 651 2296 al.
672 2265 706 2295 in
725 2275 792 2306 mg.
809 2263 926 2295 anb.
946 2264 1027 2303 1584
1172 2272 1213 2292 22
1239 2263 1324 2294 furta
1340 2267 1437 2293 antea
1457 2261 1487 2292 O
1590 2271 1595 2289 ι·

163 2315 203 2343 24
228 2306 378 2344 perferre
397 2306 443 2338 cO
460 2318 466 2337 t
491 2307 578 2338 ferre
592 2313 615 2347 p
633 2307 697 2338 rell.
