1600 2704
56 157 107 195 28
129 162 169 204 69
499 143 554 179 M.
586 135 752 176 TVLLI
785 122 1091 170 CICERONIS

133 265 205 305 nisi
231 278 272 302 se
299 258 636 300 consideraturum
664 245 759 297 quid
785 241 856 280 sibi
887 245 987 278 esset
1011 231 1250 274 faciendum,
1278 233 1316 264 et
1344 220 1461 261 simul

293 335 306 365 t
328 338 368 364 se
395 323 435 361 in
466 328 620 358 summa
646 310 874 351 difficultate
901 314 986 342 esse
1007 292 1236 337 nummaria.
1297 290 1392 326 Post
1411 284 1462 323 ad

527 380 594 432 qui
624 389 712 417 cum
744 373 777 412 ei
809 370 973 409 fuissent
1000 369 1180 404 auctores
1209 351 1465 395 redimendae

140 459 287 505 salutis,
310 456 361 494 ad
377 445 673 491 Timarchidem
686 438 802 479 venit.
864 428 1061 482 Expositis
1078 425 1156 464 suis
1170 415 1467 461 difficultatibus

142 523 346 565 hominem
384 519 435 556 ad
475 514 546 552 HS
589 518 704 547 Lxxx
742 498 931 554 perducit,
979 503 1146 541 eamque
1185 487 1219 526 ei
1258 480 1468 535 pecuniam
1489 489 1506 520 5

68 575 127 656 ²3>
144 594 335 630 numerat.
394 583 657 625 Posteaquam
686 570 737 608 ad
771 576 929 606 causam
964 557 1174 598 dicendam
1209 556 1370 589 ventum
1401 551 1473 589 est,

90 646 99 668 ⁴
147 665 229 694 tum
261 661 353 689 vero
383 646 466 684 sine
496 648 603 679 metu
634 635 717 674 sine
748 643 839 670 cura
869 637 1007 667 omnes
1031 628 1140 660 erant
1170 615 1236 666 qui
1265 615 1475 662 Sopatrum

148 709 427 758 defendebant.
489 704 650 745 Crimen
670 700 821 737 nullum
843 700 939 739 erat,
957 702 1017 727 res
1038 693 1119 725 erat
1134 681 1321 724 iudicata,
1335 677 1478 713 Verres

150 791 335 823 nummos
374 777 602 822 acceperat:
644 763 731 815 quis
769 766 902 811 posset
940 752 1120 794 dubitare
1152 745 1342 797 quidnam
1378 744 1479 777 esset

153 843 357 887 futurum?
414 840 496 877 Res
522 834 590 872 illo
616 830 682 869 die
707 839 788 864 non
815 827 1027 873 peroratur,
1049 811 1239 853 iudicium
1260 803 1479 847 dimittitur.
1503 811 1543 834 10

156 917 306 953 Iterum
326 907 378 945 ad
399 905 607 952 Sopatrum
628 888 902 932 Timarchides
922 882 1039 928 venit,
1061 879 1113 918 ait
1134 880 1381 915 accusatores
1401 867 1485 906 eius

158 979 284 1017 multo
308 970 496 1011 maiorem
524 959 733 1015 pecuniam
761 950 928 1005 praetori
955 942 1132 998 polliceri
1158 951 1277 990 quam
1298 940 1487 986 quantam

161 1043 225 1081 hic
256 1036 458 1080 dedisset3
491 1027 670 1080 proinde,
702 1020 733 1060 si
764 1022 926 1068 saperet,
958 1012 1108 1050 videret
1139 1004 1255 1059 [quid
1284 1000 1358 1039 sibi
1388 1003 1490 1036 esset

163 1096 420 1151 faciendum]⁸
476 1095 628 1137 Homo,
648 1093 890 1138 quamquam
910 1085 991 1118 erat
1011 1083 1048 1115 et
1070 1072 1224 1112 Siculus
1244 1075 1282 1106 et
1297 1076 1396 1108 reus,
1414 1063 1491 1099 hoc

165 1179 224 1211 est
254 1177 291 1208 et
321 1166 402 1204 iure
432 1159 570 1209 iniquo
599 1162 637 1193 et
671 1160 849 1200 tempore
878 1145 1053 1186 adverso7
1086 1139 1183 1176 ferre
1211 1142 1345 1171 tamen
1375 1135 1494 1176 atque
1515 1132 1554 1165 15

168 1234 303 1275 audire
332 1227 480 1269 diutius
508 1216 803 1260 Timarchidem
834 1223 915 1249 non
945 1204 1086 1257 potuit.
1147 1204 1155 1220 ‘
1174 1196 1329 1242 Facite,'
1356 1189 1494 1241 inquit,

172 1298 306 1350 ‘quod
338 1294 462 1338 libet3
501 1289 663 1327 daturus
695 1292 775 1318 non
810 1288 897 1314 sum
932 1267 1124 1319 amplius9
1194 1264 1388 1307 Idemque
1422 1257 1498 1292 boc

633 1345 766 1386 oribus
786 1340 1003 1381 videbatur,
1026 1341 1144 1382 atque
1165 1340 1213 1366 eo
1234 1325 1351 1364 etiam
1379 1317 1501 1368 magis

785 1420 826 1445 se
857 1404 896 1441 in
932 1413 977 1439 ea
1016 1393 1248 1447 quaestione
1275 1385 1501 1439 praebebat,

866 1467 992 1506 mines
1026 1464 1217 1500 honestos
1250 1468 1273 1493 e
1306 1455 1504 1490 conventu
1527 1458 1566 1482 20

1047 1523 1216 1565 consilio
1241 1520 1394 1558 fuerant
1423 1521 1506 1550 tum

1090 1591 1184 1627 Hoc
1207 1581 1371 1623 rationis
1393 1578 1511 1616 habe-

135 327 290 372 ostendi

136 395 284 435 amicos
313 386 460 429 rettulit
476 399 485 432 3

172 1361 309 1403 amicis
330 1358 413 1397 eius
434 1362 472 1393 et
492 1351 629 1392 defens

176 1428 285 1480 quod
317 1424 400 1468 iste,
435 1428 599 1469 quoquo
630 1411 752 1450 modo

176 1503 310 1534 tamen
340 1488 381 1527 in
411 1480 577 1523 consilio
606 1474 779 1515 habebat
810 1472 863 1508 ho

177 1562 437 1609 Syracusano,
460 1547 527 1598 qui
557 1537 759 1584 Sacerdoti
789 1544 948 1585 quoque
978 1529 1017 1567 in

181 1635 272 1663 cum
302 1626 360 1659 est
389 1616 495 1655 idem
525 1609 590 1648 hic
621 1608 784 1656 Sopater
813 1598 1028 1638 absolutus.

182 1690 290 1734 bant,
312 1686 439 1722 facere
456 1689 523 1716 eos
544 1674 654 1712 nullo
675 1667 797 1708 modo
816 1674 933 1714 posse
953 1666 995 1697 ut
1015 1656 1158 1695 eodem
1179 1650 1273 1689 crim

189 1812 461 1856 absolvissent.

133 1904 169 1937 7¹
195 1883 288 1931 Quo
316 1882 574 1928 posteaquam
605 1873 663 1905 est
692 1875 739 1901 ve
857 1888 865 1904 ,

196 1940 474 1984 convenissent
490 1935 595 1974 idem
617 1928 684 1979 qui
706 1925 897 1967 solebant,
916 1927 954 1958 et
974 1919 1048 1955 hac
1069 1925 1147 1952 una
1163 1921 1231 1960 spe
1248 1913 1330 1945 tota
1345 1899 1524 1942 defensio

200 2005 351 2059 Sopatri
383 2002 582 2044 niteretur,
617 1990 757 2033 consili
790 1982 1011 2037 frequentia
1044 1987 1080 2018 et
1112 1973 1313 2026 dignitate,
1346 1976 1384 2007 et
1417 1964 1526 2016 quod

249 2123 263 2143 1
290 2109 351 2141 sibi
368 2110 460 2139 esset
476 2101 523 2136 cO
539 2113 547 2132 ε
571 2098 632 2131 sibi
651 2097 693 2127 de
706 2104 746 2126 ea
762 2102 798 2124 re
816 2094 907 2122 esset
918 2092 943 2127 p
959 2084 1024 2117 rell.
1176 2088 1192 2118 7
1217 2077 1290 2108 sine
1307 2077 1397 2104 metu
1414 2079 1479 2102 om.
1501 2067 1531 2098 Ο

204 2158 225 2187 8
248 2163 303 2186 res
320 2155 393 2182 erat
411 2148 453 2180 Οἱ
470 2159 476 2176 :
502 2149 574 2176 erat
590 2152 657 2173 om.
677 2137 742 2170 rell.
837 2143 877 2165 10
900 2129 1055 2163 iudicium
1073 2122 1249 2155 dimittitur
1268 2117 1339 2158 Opq
1354 2111 1531 2146 Zielinski:

207 2199 282 2229 dim.
303 2194 370 2225 iud.
391 2191 456 2223 rell.
606 2194 645 2223 13
669 2183 698 2213 si
713 2191 779 2212 om.
799 2176 857 2209 εΟἱ
959 2171 1091 2203 videret
1108 2166 1154 2198 cO
1172 2160 1378 2204 (Zielinski):
1401 2156 1534 2187 videret

208 2241 289 2281 quid
306 2238 369 2269 sibi
386 2239 478 2267 esset
494 2229 697 2266 faciendum,
715 2222 778 2255 rell.
980 2225 1015 2253 17
1040 2210 1128 2252 quod
1144 2208 1226 2239 libet
1242 2204 1289 2236 cO
1303 2216 1310 2234 z
1334 2201 1423 2242 quod
1440 2197 1537 2229 vobis

211 2285 290 2314 libet
306 2279 371 2312 rell.
507 2284 550 2306 20
572 2277 687 2303 tamen
703 2269 737 2298 in
754 2263 894 2297 consilio
911 2258 999 2291 codd.
1016 2268 1024 2288 ε
1047 2256 1079 2286 in
1099 2262 1173 2284 con.
1192 2256 1304 2281 tamen
1322 2245 1364 2276 Οι
1496 2248 1538 2269 22
1598 2265 1600 2274 ,

662 2322 703 2349 24
728 2309 816 2340 idem
831 2305 986 2338 homines
1002 2300 1107 2332 abesse
1123 2294 1218 2326 malit
1233 2291 1394 2330 Pluygers
1498 2282 1541 2312 26
1597 2300 1600 2352 W

210 2332 265 2358 est
280 2323 338 2355 εΟι
355 2334 363 2353 2
387 2323 479 2352 esset
496 2317 557 2348 rell.

964 2354 1003 2382 27
1030 2352 1094 2373 una
1112 2350 1176 2370 om.
1197 2336 1237 2368 Ol
1596 2356 1600 2439 1

213 2373 353 2401 ventum
371 2369 422 2395 est
438 2362 457 2392 b
473 2365 501 2392 et
519 2358 549 2390 Ο
562 2363 625 2398 pr.⁷
645 2365 724 2386 corr.
746 2363 790 2382 m.
813 2360 825 2380 1
