1600 2704
86 127 134 166 57
159 129 215 161 141
520 104 578 142 M.
609 97 778 139 TVLLI
810 87 1116 135 CICERONIS

158 232 341 276 putamus
372 231 457 258 esse
482 218 547 255 illa
571 224 672 264 quae
703 214 829 259 negat,
856 216 946 244 cum
978 202 1077 239 haec
1102 204 1182 236 tam
1209 190 1391 243 improba
1410 188 1487 228 sint

160 303 261 341 quae
290 284 458 325 fatetur?
515 278 625 328 Quid
652 274 758 314 enim
778 271 835 310 vis
862 263 1076 308 constitui?
1105 264 1382 308 consumptam
1404 266 1489 292 esse

162 356 276 394 istam
297 361 457 390 omnem
474 342 683 397 pecuniam
697 339 737 377 in
754 334 919 375 statuis?
963 332 1041 369 Fac
1061 327 1114 365 ita
1134 337 1244 371 esse3
1267 329 1400 360 tamen
1414 319 1491 356 hoc

162 418 369 459 serendum
397 413 506 451 nullo
528 408 650 447 modo
677 411 745 450 est,
769 407 918 440 tantam
938 410 961 434 a
981 392 1097 433 sociis
1121 386 1331 441 pecuniam
1352 380 1493 422 auferri

164 491 207 523 ut
246 480 431 521 omnibus
470 475 510 513 in
548 467 762 521 angiportis
801 460 1010 515 praedonis
1048 449 1329 506 improbissimi
1367 454 1495 487 statua
1514 460 1532 492 5

94 539 144 587 58
166 554 345 599 ponatur„
372 553 451 592 qua
470 538 533 577 vix
562 542 648 574 tuto
677 529 830 571 transiri
860 538 975 578 posse
1004 522 1190 561 videatur.
1250 518 1400 554 Verum
1426 510 1496 550 ubi

86 608 144 638 ¹4²
168 613 329 651 tandem
357 613 423 645 aut
445 605 485 642 in
509 600 653 652 quibus
675 594 811 636 statuis
839 593 912 631 ista
932 596 1039 628 tanta
1068 582 1237 636 pecunia
1261 582 1498 626 consumpta

169 677 257 715 est?
316 665 631 711 ‘Consumetur‚'
657 659 822 710 inquies.
883 653 1040 694 Scilicet
1073 653 1345 698 exspectemus
1378 639 1499 691 legiti-

171 753 279 779 mum
311 736 408 776 illud
438 726 781 783 quinquennium3
810 722 842 760 si
871 722 948 759 hoc
977 714 1180 756 intervallo
1210 723 1292 749 non
1319 718 1501 746 consum-

171 803 300 856 pserit,
342 808 426 838 tum
459 795 633 844 denique
671 801 819 829 nomen
851 785 934 825 eius
966 783 1016 821 de
1057 775 1234 830 pecuniis
1272 769 1501 823 repetundis
1523 781 1562 802 10

173 877 388 908 statuarum
406 860 569 902 nomine
585 858 819 897 deferemus
856 852 966 889 Reus
980 853 1038 885 est
1053 840 1231 882 maximis
1245 835 1502 890 plurimisque

174 931 404 973 criminibus
438 927 478 965 in
506 922 697 963 iudicium
731 923 917 957 vocatus:
952 912 1023 951 HS
1055 908 1202 947 viciens
1231 918 1278 943 ex
1311 904 1388 941 hoc
1423 912 1504 938 uno

175 1010 317 1049 genere
337 1000 497 1044 captum
518 988 708 1027 videmus.
759 982 798 1021 Si
820 979 1108 1019 condemnatus
1128 970 1212 1016 eris,
1235 981 1329 1014 non,
1351 964 1504 1016 opinor,

177 1064 217 1102 id
255 1073 346 1111 ages
385 1066 428 1096 ut
466 1056 539 1093 ista
577 1048 746 1103 pecunia
784 1047 823 1084 in
862 1037 1135 1094 quinquennio
1173 1037 1428 1080 consumatur
1467 1027 1507 1065 in

178 1125 315 1166 statuis
326 1139 335 1171 ;
364 1122 423 1161 sin
443 1119 647 1159 absolutus
669 1113 754 1159 eris,
776 1109 864 1161 quis
890 1106 960 1146 erit
980 1113 1060 1143 tam
1080 1113 1216 1141 amens
1237 1097 1304 1148 qui
1325 1104 1363 1134 te
1384 1108 1431 1133 ex
1450 1099 1508 1131 tot
1531 1107 1569 1138 15

179 1191 377 1239 tantisque
398 1182 628 1225 criminibus
649 1180 826 1228 elapsum
847 1179 935 1224 post
955 1164 1271 1220 quinquennium
1293 1168 1509 1200 statuarum

180 1255 342 1295 nomine
370 1248 568 1290 arcessat?
626 1245 687 1282 Ita
716 1241 747 1280 si
775 1251 904 1288 neque
933 1236 1064 1274 adhuc
1093 1234 1329 1278 consumpta
1355 1231 1414 1263 est
1438 1222 1512 1260 ista

181 1317 349 1371 pecunia
379 1323 417 1354 et
446 1320 504 1352 est
531 1307 782 1361 perspicuum
812 1315 893 1341 non
922 1303 1202 1346 consumptum
1231 1291 1286 1339 iri,
1315 1289 1407 1328 licet
1433 1287 1512 1325 iam

183 1384 456 1432 intellegamus
495 1376 697 1414 inventam
735 1382 820 1409 esse
863 1365 1055 1404 rationem
1093 1371 1213 1410 quare
1251 1363 1290 1395 et
1328 1354 1401 1392 iste
1441 1351 1512 1389 HS

184 1448 332 1487 viciens
353 1459 400 1484 ex
420 1445 496 1482 hoc
524 1452 605 1479 uno
631 1448 772 1488 genere
798 1428 1014 1472 conciliarit
1038 1433 1076 1466 et
1097 1423 1252 1475 ceperit,
1276 1428 1314 1459 et
1341 1416 1515 1457 ceteri—
1537 1429 1578 1451 20

185 1514 216 1552 si
251 1514 328 1551 hoc
366 1524 389 1547 a
422 1506 534 1546 vobis
569 1502 640 1543 erit
677 1498 1155 1549 comprobatum—quam
1188 1487 1323 1526 volent
1354 1495 1516 1533 magnas

186 1580 263 1617 hoc
285 1574 447 1614 nomine
476 1568 662 1622 pecunias
684 1576 823 1615 capere
846 1559 998 1612 possint
1014 1572 1023 1605 ;
1051 1563 1093 1594 ut
1114 1555 1191 1593 iarn
1211 1552 1415 1591 videamur
1435 1560 1515 1586 non

188 1657 210 1681 a
237 1638 415 1692 pecuniis
446 1632 649 1686 capiendis
676 1628 858 1668 homines
887 1625 1113 1667 absterrere,
1146 1618 1226 1663 sed,
1259 1628 1350 1654 cum
1375 1624 1518 1663 genera

189 1706 385 1757 quaedam
407 1699 663 1753 pecuniarum
683 1693 963 1745 capiendarum
984 1681 1332 1736 comprobarimus,
1351 1680 1519 1717 honesta

110 1787 169 1819 143
190 1770 352 1810 nomina
379 1762 610 1816 turpissimis
640 1760 756 1799 rebus
784 1757 997 1806 imponere.
1057 1746 1229 1794 Etenim,
1249 1745 1281 1784 si
1311 1745 1354 1783 C.
1377 1744 1519 1780 Verres
1542 1750 1583 1782 25

194 1836 265 1874 HS
286 1846 309 1872 c
332 1831 437 1871 milia
461 1829 652 1880 populum
673 1822 781 1862 verbi
804 1819 925 1871 gratia
952 1812 1255 1863 Centuripinum
1276 1806 1522 1859 poposcisset

195 1911 363 1950 eamque
401 1896 452 1934 ab
490 1894 536 1932 iis
575 1889 785 1942 pecuniam
823 1882 1057 1926 abstulisset,
1100 1891 1192 1924 non,
1233 1874 1387 1926 opinor,
1421 1876 1524 1910 esset

245 2016 255 2034 1
283 2004 350 2035 sint
367 1999 467 2031 Prisc.
483 2009 489 2028 ε
514 2000 592 2028 sunt
607 1993 696 2026 codd.
810 2000 830 2020 2
854 1988 1001 2020 fateatur
1018 1984 1117 2015 Prisc.
1229 1989 1249 2019 3
1275 1979 1373 2009 istam
1390 1984 1525 2008 omnem

200 2050 251 2089 Op
269 2047 312 2078 al.
330 2058 336 2076 z
365 2054 455 2075 omn.
475 2042 571 2072 istam
588 2039 606 2069 b
623 2038 712 2077 vulg.
919 2042 937 2069 4
963 2041 982 2061 a
1001 2029 1030 2060 O
1047 2039 1052 2058 z
1077 2027 1118 2057 ab
1131 2030 1155 2066 p
1173 2024 1239 2055 rell.
1449 2028 1468 2058 5
1493 2017 1525 2047 in

200 2091 356 2122 omnibus
375 2087 405 2118 O
501 2088 611 2115 statua
628 2084 775 2121 ponatur
791 2075 851 2108 cO¹
867 2087 873 2106 ε
898 2078 1030 2105 statuae
1048 2073 1217 2111 ponantur
1231 2072 1256 2107 p
1273 2064 1341 2096 rell.
1506 2061 1528 2089 6

200 2134 335 2166 transiri
348 2140 449 2171 posse
466 2128 618 2159 videatur
629 2124 676 2156 cO
693 2135 699 2154 ε
725 2120 869 2153 transire
883 2127 984 2158 posse
998 2115 1170 2145 videamur
1181 2116 1206 2152 p
1221 2109 1289 2140 rell.
1385 2116 1423 2137 12
1443 2103 1527 2136 Hs-

203 2187 250 2210 xx
268 2177 308 2215 O,
326 2179 363 2205 nl
378 2174 398 2205 l.
423 2183 461 2211 19
611 2178 648 2206 13
676 2170 812 2205 captum
830 2162 872 2193 0¹
890 2160 957 2192 edd.
980 2158 1031 2199 (cf.
1054 2161 1069 2194 ξ
1088 2166 1129 2186 20
1141 2155 1258 2194 supra)
1275 2164 1281 2182 :
1306 2154 1404 2190 capta
1417 2154 1441 2189 p
1457 2145 1525 2178 rell.

208 2232 245 2259 17
271 2221 423 2250 accersat
442 2215 474 2246 V
558 2214 757 2249 consumpta
773 2207 881 2238 adhuc
898 2205 917 2234 b
1005 2205 1057 2231 est
1073 2200 1136 2229 ista
1154 2206 1226 2237 pec.
1250 2193 1323 2225 VO¹
1342 2206 1347 2224 :
1373 2193 1437 2224 ista
1454 2199 1527 2230 pec.

205 2269 258 2294 est
273 2268 295 2302 p
314 2260 378 2291 rell.
466 2268 508 2289 20
533 2267 577 2287 ex
593 2256 655 2286 hoc
679 2253 725 2283 V:
751 2261 816 2281 om.
838 2248 903 2280 rell.
989 2254 1027 2274 21
1054 2243 1119 2273 hoc
1136 2241 1164 2272 si
1185 2240 1216 2270 V
1294 2247 1335 2276 23
1358 2235 1531 2266 abstinere

207 2306 254 2337 cO
414 2311 454 2340 24
481 2299 634 2339 capiend.
658 2295 747 2326 an:
772 2291 925 2332 capiund.
947 2288 1015 2320 edd.
1163 2284 1205 2314 26
1230 2281 1292 2313 HS
1308 2289 1327 2311 c
1344 2278 1435 2310 milia
1450 2275 1528 2307 com'.

209 2350 359 2388 Zumpt:
384 2344 470 2376 Hs,
493 2352 538 2373 xx
554 2342 605 2372 O:
633 2339 790 2370 HSccm
810 2335 859 2365 V:
887 2332 973 2365 Hs
992 2339 1060 2363 cxx
1077 2327 1166 2359 milia
1182 2326 1223 2357 πὸ
