<?xml version="1.0" encoding="UTF-8"?>
<!DOCTYPE html PUBLIC "-//W3C//DTD XHTML 1.0 Transitional//EN"
    "http://www.w3.org/TR/xhtml1/DTD/xhtml1-transitional.dtd">
<html xmlns="http://www.w3.org/1999/xhtml" xml:lang="en" lang="en">
 <head>
  <title>
</title>
<meta http-equiv="Content-Type" content="text/html;charset=utf-8" />
  <meta name='ocr-system' content='tesseract 3.04.00' />
  <meta name='ocr-capabilities' content='ocr_page ocr_carea ocr_par ocr_line ocrx_word'/>
</head>
<body>
  <div class='ocr_page' id='page_1' title='image "./orationesrecogno02ciceuoft/orationesrecogno02ciceuoft_0036.png"; bbox 0 0 1600 2704; ppageno 0'>
   <div class='ocr_carea' id='block_1_1' title="bbox 113 124 1125 191">
    <p class='ocr_par' dir='ltr' id='par_1_1' title="bbox 113 124 1125 191">
     <span class='ocr_line' id='line_1_1' title="bbox 113 124 1125 191; baseline -0.019 -10"><span class='ocrx_word' id='word_1_1' title='bbox 113 153 139 191; x_wconf 87' lang='lat'>4</span> <span class='ocrx_word' id='word_1_2' title='bbox 164 158 200 189; x_wconf 85' lang='lat'>15</span> <span class='ocrx_word' id='word_1_3' title='bbox 530 134 586 172; x_wconf 91' lang='lat' dir='ltr'>M.</span> <span class='ocrx_word' id='word_1_4' title='bbox 618 130 788 170; x_wconf 92' lang='lat' dir='ltr'>TVLLI</span> <span class='ocrx_word' id='word_1_5' title='bbox 819 124 1125 168; x_wconf 88' lang='lat' dir='ltr'>CICERONIS</span> 
     </span>
    </p>
   </div>
   <div class='ocr_carea' id='block_1_2' title="bbox 106 228 1492 494">
    <p class='ocr_par' dir='ltr' id='par_1_2' title="bbox 106 228 1492 494">
     <span class='ocr_line' id='line_1_2' title="bbox 106 228 1490 290; baseline -0.016 -2"><span class='ocrx_word' id='word_1_6' title='bbox 106 256 142 288; x_wconf 89' lang='lat'>16</span> <span class='ocrx_word' id='word_1_7' title='bbox 162 263 247 290; x_wconf 87' lang='lat' dir='ltr'>esse</span> <span class='ocrx_word' id='word_1_8' title='bbox 268 249 476 287; x_wconf 88' lang='lat' dir='ltr'>delectum.</span> <span class='ocrx_word' id='word_1_9' title='bbox 534 244 684 282; x_wconf 87' lang='lat' dir='ltr'>Verum</span> <span class='ocrx_word' id='word_1_10' title='bbox 714 239 754 278; x_wconf 90' lang='lat' dir='ltr'>id</span> <span class='ocrx_word' id='word_1_11' title='bbox 785 237 881 277; x_wconf 89' lang='lat' dir='ltr'>mihi</span> <span class='ocrx_word' id='word_1_12' title='bbox 907 249 988 275; x_wconf 88' lang='lat' dir='ltr'>non</span> <span class='ocrx_word' id='word_1_13' title='bbox 1017 246 1143 280; x_wconf 88' lang='lat' dir='ltr'>sumo,</span> <span class='ocrx_word' id='word_1_14' title='bbox 1165 230 1327 277; x_wconf 87' lang='lat' dir='ltr'>iudices,</span> <span class='ocrx_word' id='word_1_15' title='bbox 1350 235 1390 268; x_wconf 90' lang='lat' dir='ltr'>et</span> <span class='ocrx_word' id='word_1_16' title='bbox 1411 228 1490 267; x_wconf 90' lang='lat' dir='ltr'>hoc</span> 
     </span>
     <span class='ocr_line' id='line_1_3' title="bbox 163 292 1491 354; baseline -0.017 -1"><span class='ocrx_word' id='word_1_17' title='bbox 163 327 244 354; x_wconf 90' lang='lat' dir='ltr'>non</span> <span class='ocrx_word' id='word_1_18' title='bbox 274 312 396 351; x_wconf 89' lang='lat' dir='ltr'>modo</span> <span class='ocrx_word' id='word_1_19' title='bbox 425 310 465 348; x_wconf 90' lang='lat' dir='ltr'>in</span> <span class='ocrx_word' id='word_1_20' title='bbox 494 306 671 347; x_wconf 85' lang='lat' dir='ltr'>oratione</span> <span class='ocrx_word' id='word_1_21' title='bbox 697 316 786 343; x_wconf 89' lang='lat' dir='ltr'>mea</span> <span class='ocrx_word' id='word_1_22' title='bbox 812 315 893 341; x_wconf 87' lang='lat' dir='ltr'>non</span> <span class='ocrx_word' id='word_1_23' title='bbox 919 312 1035 351; x_wconf 91' lang='lat' dir='ltr'>pono,</span> <span class='ocrx_word' id='word_1_24' title='bbox 1060 298 1131 336; x_wconf 87' lang='lat' dir='ltr'>sed</span> <span class='ocrx_word' id='word_1_25' title='bbox 1157 309 1206 334; x_wconf 91' lang='lat' dir='ltr'>ne</span> <span class='ocrx_word' id='word_1_26' title='bbox 1233 295 1274 334; x_wconf 91' lang='lat' dir='ltr'>in</span> <span class='ocrx_word' id='word_1_27' title='bbox 1302 292 1491 344; x_wconf 89' lang='lat' dir='ltr'>opinione</span> 
     </span>
     <span class='ocr_line' id='line_1_4' title="bbox 165 357 1492 429; baseline -0.019 -11"><span class='ocrx_word' id='word_1_28' title='bbox 165 378 328 429; x_wconf 91' lang='lat' dir='ltr'>quidem</span> <span class='ocrx_word' id='word_1_29' title='bbox 366 374 600 423; x_wconf 88' lang='lat' dir='ltr'>cuiusquam</span> <span class='ocrx_word' id='word_1_30' title='bbox 642 368 833 418; x_wconf 86' lang='lat' dir='ltr'>relinquo,</span> <span class='ocrx_word' id='word_1_31' title='bbox 867 378 932 404; x_wconf 84' lang='lat' dir='ltr'>me</span> <span class='ocrx_word' id='word_1_32' title='bbox 970 362 1155 403; x_wconf 88' lang='lat' dir='ltr'>omnibus</span> <span class='ocrx_word' id='word_1_33' title='bbox 1193 357 1368 410; x_wconf 89' lang='lat' dir='ltr'>patronis</span> <span class='ocrx_word' id='word_1_34' title='bbox 1407 370 1492 395; x_wconf 88' lang='lat' dir='ltr'>esse</span> 
     </span>
     <span class='ocr_line' id='line_1_5' title="bbox 165 420 1490 494; baseline -0.019 -12"><span class='ocrx_word' id='word_1_35' title='bbox 165 440 443 494; x_wconf 84' lang='lat' dir='ltr'>praepositum.</span> <span class='ocrx_word' id='word_1_36' title='bbox 501 438 595 475; x_wconf 94' lang='lat' dir='ltr'>Non</span> <span class='ocrx_word' id='word_1_37' title='bbox 625 434 679 473; x_wconf 88' lang='lat' dir='ltr'>ita</span> <span class='ocrx_word' id='word_1_38' title='bbox 707 440 766 471; x_wconf 85' lang='lat' dir='ltr'>est</span> <span class='ocrx_word' id='word_1_39' title='bbox 781 446 792 480; x_wconf 79' lang='lat'><em>3</em></span> <span class='ocrx_word' id='word_1_40' title='bbox 819 431 889 469; x_wconf 89' lang='lat' dir='ltr'>sed</span> <span class='ocrx_word' id='word_1_41' title='bbox 920 427 1036 467; x_wconf 90' lang='lat' dir='ltr'>unius</span> <span class='ocrx_word' id='word_1_42' title='bbox 1067 425 1259 474; x_wconf 88' lang='lat' dir='ltr'>cuiusque</span> <span class='ocrx_word' id='word_1_43' title='bbox 1291 420 1490 472; x_wconf 87' lang='lat' dir='ltr'>temporis,</span> 
     </span>
    </p>
   </div>
   <div class='ocr_carea' id='block_1_3' title="bbox 165 487 1532 551">
    <p class='ocr_par' dir='ltr' id='par_1_3' title="bbox 165 487 1532 551">
     <span class='ocr_line' id='line_1_6' title="bbox 165 487 1532 551; baseline -0.018 -4"><span class='ocrx_word' id='word_1_44' title='bbox 165 505 412 551; x_wconf 83' lang='lat' dir='ltr'>valetudinis,</span> <span class='ocrx_word' id='word_1_45' title='bbox 449 500 643 541; x_wconf 79' lang='lat' dir='ltr'>facultatis</span> <span class='ocrx_word' id='word_1_46' title='bbox 676 499 728 538; x_wconf 90' lang='lat' dir='ltr'>ad</span> <span class='ocrx_word' id='word_1_47' title='bbox 759 496 957 548; x_wconf 87' lang='lat' dir='ltr'>agendum</span> <span class='ocrx_word' id='word_1_48' title='bbox 989 493 1109 532; x_wconf 88' lang='lat' dir='ltr'>ducta</span> <span class='ocrx_word' id='word_1_49' title='bbox 1138 488 1237 528; x_wconf 85' lang='lat' dir='ltr'>ratio</span> <span class='ocrx_word' id='word_1_50' title='bbox 1270 493 1339 527; x_wconf 87' lang='lat' dir='ltr'>est.</span> <span class='ocrx_word' id='word_1_51' title='bbox 1399 487 1495 524; x_wconf 89' lang='lat' dir='ltr'>Mea</span> <span class='ocrx_word' id='word_1_52' title='bbox 1514 498 1532 531; x_wconf 90' lang='lat'>5</span> 
     </span>
    </p>
   </div>
   <div class='ocr_carea' id='block_1_4' title="bbox 167 550 1495 679">
    <p class='ocr_par' dir='ltr' id='par_1_4' title="bbox 167 550 1495 679">
     <span class='ocr_line' id='line_1_7' title="bbox 168 550 1495 620; baseline -0.018 -9"><span class='ocrx_word' id='word_1_53' title='bbox 168 572 239 611; x_wconf 87' lang='lat' dir='ltr'>fuit</span> <span class='ocrx_word' id='word_1_54' title='bbox 268 583 422 620; x_wconf 79' lang='lat' dir='ltr'><strong>semper</strong></span> <span class='ocrx_word' id='word_1_55' title='bbox 451 569 548 606; x_wconf 89' lang='lat' dir='ltr'>haec</span> <span class='ocrx_word' id='word_1_56' title='bbox 578 565 619 604; x_wconf 89' lang='lat' dir='ltr'>in</span> <span class='ocrx_word' id='word_1_57' title='bbox 647 565 723 602; x_wconf 86' lang='lat' dir='ltr'>hac</span> <span class='ocrx_word' id='word_1_58' title='bbox 751 575 792 601; x_wconf 86' lang='lat' dir='ltr'>re</span> <span class='ocrx_word' id='word_1_59' title='bbox 820 562 1002 600; x_wconf 87' lang='lat' dir='ltr'>voluntas</span> <span class='ocrx_word' id='word_1_60' title='bbox 1022 564 1061 596; x_wconf 92' lang='lat' dir='ltr'>et</span> <span class='ocrx_word' id='word_1_61' title='bbox 1088 552 1292 600; x_wconf 88' lang='lat' dir='ltr'>sententia,</span> <span class='ocrx_word' id='word_1_62' title='bbox 1315 550 1495 602; x_wconf 86' lang='lat' dir='ltr'>quemvis</span> 
     </span>
     <span class='ocr_line' id='line_1_8' title="bbox 167 618 1494 679; baseline -0.018 -3"><span class='ocrx_word' id='word_1_63' title='bbox 167 644 210 675; x_wconf 91' lang='lat' dir='ltr'>ut</span> <span class='ocrx_word' id='word_1_64' title='bbox 229 638 306 674; x_wconf 88' lang='lat' dir='ltr'>hoc</span> <span class='ocrx_word' id='word_1_65' title='bbox 326 634 484 673; x_wconf 89' lang='lat' dir='ltr'>mallem</span> <span class='ocrx_word' id='word_1_66' title='bbox 506 632 556 670; x_wconf 91' lang='lat' dir='ltr'>de</span> <span class='ocrx_word' id='word_1_67' title='bbox 576 629 621 668; x_wconf 84' lang='lat' dir='ltr'>iis</span> <span class='ocrx_word' id='word_1_68' title='bbox 643 627 710 679; x_wconf 92' lang='lat' dir='ltr'>qui</span> <span class='ocrx_word' id='word_1_69' title='bbox 735 632 865 666; x_wconf 88' lang='lat' dir='ltr'>essent</span> <span class='ocrx_word' id='word_1_70' title='bbox 891 621 1025 663; x_wconf 86' lang='lat' dir='ltr'>idonei</span> <span class='ocrx_word' id='word_1_71' title='bbox 1053 618 1250 670; x_wconf 82' lang='lat' dir='ltr'>suscipere</span> <span class='ocrx_word' id='word_1_72' title='bbox 1270 629 1390 667; x_wconf 90' lang='lat' dir='ltr'>quam</span> <span class='ocrx_word' id='word_1_73' title='bbox 1419 628 1494 662; x_wconf 89' lang='lat' dir='ltr'>me,</span> 
     </span>
    </p>
   </div>
   <div class='ocr_carea' id='block_1_5' title="bbox 126 691 1495 813">
    <p class='ocr_par' dir='ltr' id='par_1_5' title="bbox 126 691 1495 813">
     <span class='ocr_line' id='line_1_9' title="bbox 168 691 844 745; baseline -0.018 -5"><span class='ocrx_word' id='word_1_74' title='bbox 168 714 232 740; x_wconf 90' lang='lat' dir='ltr'>me</span> <span class='ocrx_word' id='word_1_75' title='bbox 251 707 294 739; x_wconf 92' lang='lat' dir='ltr'>ut</span> <span class='ocrx_word' id='word_1_76' title='bbox 315 699 472 737; x_wconf 90' lang='lat' dir='ltr'>mallem</span> <span class='ocrx_word' id='word_1_77' title='bbox 494 708 613 745; x_wconf 87' lang='lat' dir='ltr'>quam</span> <span class='ocrx_word' id='word_1_78' title='bbox 633 691 844 731; x_wconf 87' lang='lat' dir='ltr'>neminem.</span> 
     </span>
     <span class='ocr_line' id='line_1_10' title="bbox 126 749 1495 813; baseline -0.016 -9"><span class='ocrx_word' id='word_1_79' title='bbox 126 756 150 794; x_wconf 88' lang='lat'>5</span> <span class='ocrx_word' id='word_1_80' title='bbox 223 763 438 813; x_wconf 85' lang='lat' dir='ltr'>Reliquum</span> <span class='ocrx_word' id='word_1_81' title='bbox 459 768 517 799; x_wconf 91' lang='lat' dir='ltr'>est</span> <span class='ocrx_word' id='word_1_82' title='bbox 546 758 622 796; x_wconf 88' lang='lat' dir='ltr'>iam</span> <span class='ocrx_word' id='word_1_83' title='bbox 643 764 685 795; x_wconf 90' lang='lat' dir='ltr'>ut</span> <span class='ocrx_word' id='word_1_84' title='bbox 715 755 812 794; x_wconf 83' lang='lat' dir='ltr'>illud</span> <span class='ocrx_word' id='word_1_85' title='bbox 841 764 1085 804; x_wconf 82' lang='lat' dir='ltr'><strong>quaeramus,</strong></span> <span class='ocrx_word' id='word_1_86' title='bbox 1109 762 1200 788; x_wconf 90' lang='lat' dir='ltr'>cum</span> <span class='ocrx_word' id='word_1_87' title='bbox 1229 749 1306 787; x_wconf 88' lang='lat' dir='ltr'>hoc</span> <span class='ocrx_word' id='word_1_88' title='bbox 1330 751 1495 792; x_wconf 86' lang='lat' dir='ltr'>constet,</span> 
     </span>
    </p>
   </div>
   <div class='ocr_carea' id='block_1_6' title="bbox 112 811 1517 2303">
    <p class='ocr_par' dir='ltr' id='par_1_6' title="bbox 112 811 1517 2303">
     <span class='ocr_line' id='line_1_11' title="bbox 112 811 1498 875; baseline -0.017 -4"><span class='ocrx_word' id='word_1_89' title='bbox 112 816 149 849; x_wconf 72' lang='lat'>¹7</span> <span class='ocrx_word' id='word_1_90' title='bbox 169 831 321 870; x_wconf 88' lang='lat' dir='ltr'>Siculos</span> <span class='ocrx_word' id='word_1_91' title='bbox 341 841 364 866; x_wconf 95' lang='lat' dir='ltr'>a</span> <span class='ocrx_word' id='word_1_92' title='bbox 384 840 447 865; x_wconf 89' lang='lat' dir='ltr'>me</span> <span class='ocrx_word' id='word_1_93' title='bbox 467 824 622 875; x_wconf 89' lang='lat' dir='ltr'>petisse,</span> <span class='ocrx_word' id='word_1_94' title='bbox 645 820 790 871; x_wconf 83' lang='lat' dir='ltr'>ecquid</span> <span class='ocrx_word' id='word_1_95' title='bbox 809 820 912 857; x_wconf 88' lang='lat' dir='ltr'>hanc</span> <span class='ocrx_word' id='word_1_96' title='bbox 941 830 1023 856; x_wconf 89' lang='lat' dir='ltr'>rem</span> <span class='ocrx_word' id='word_1_97' title='bbox 1049 816 1155 866; x_wconf 87' lang='lat' dir='ltr'>apud</span> <span class='ocrx_word' id='word_1_98' title='bbox 1175 826 1245 852; x_wconf 91' lang='lat' dir='ltr'>vos</span> <span class='ocrx_word' id='word_1_99' title='bbox 1264 811 1498 860; x_wconf 89' lang='lat' dir='ltr'>animosque</span> 
     </span>
     <span class='ocr_line' id='line_1_12' title="bbox 168 875 1499 940; baseline -0.017 -5"><span class='ocrx_word' id='word_1_100' title='bbox 168 903 317 935; x_wconf 88' lang='lat' dir='ltr'>vestros</span> <span class='ocrx_word' id='word_1_101' title='bbox 337 894 464 931; x_wconf 77' lang='lat' dir='ltr'>valere</span> <span class='ocrx_word' id='word_1_102' title='bbox 485 894 673 940; x_wconf 84' lang='lat' dir='ltr'>oporteat,</span> <span class='ocrx_word' id='word_1_103' title='bbox 697 883 843 935; x_wconf 86' lang='lat' dir='ltr'>ecquid</span> <span class='ocrx_word' id='word_1_104' title='bbox 862 879 1103 921; x_wconf 80' lang='lat' dir='ltr'>auctoritatis</span> <span class='ocrx_word' id='word_1_105' title='bbox 1132 878 1239 929; x_wconf 89' lang='lat' dir='ltr'>apud</span> <span class='ocrx_word' id='word_1_106' title='bbox 1258 889 1328 915; x_wconf 87' lang='lat' dir='ltr'>vos</span> <span class='ocrx_word' id='word_1_107' title='bbox 1357 875 1397 914; x_wconf 92' lang='lat' dir='ltr'>in</span> <span class='ocrx_word' id='word_1_108' title='bbox 1427 887 1499 912; x_wconf 89' lang='lat' dir='ltr'>suo</span> 
     </span>
     <span class='ocr_line' id='line_1_13' title="bbox 170 939 1501 1009; baseline -0.018 -9"><span class='ocrx_word' id='word_1_109' title='bbox 170 961 252 1000; x_wconf 92' lang='lat' dir='ltr'>iure</span> <span class='ocrx_word' id='word_1_110' title='bbox 271 956 492 1009; x_wconf 86' lang='lat' dir='ltr'>repetundo</span> <span class='ocrx_word' id='word_1_111' title='bbox 513 952 608 993; x_wconf 86' lang='lat' dir='ltr'>socii</span> <span class='ocrx_word' id='word_1_112' title='bbox 629 950 765 1003; x_wconf 86' lang='lat' dir='ltr'>populi</span> <span class='ocrx_word' id='word_1_113' title='bbox 787 946 974 994; x_wconf 87' lang='lat' dir='ltr'>Romani,</span> <span class='ocrx_word' id='word_1_114' title='bbox 994 943 1191 994; x_wconf 85' lang='lat' dir='ltr'>supplices</span> <span class='ocrx_word' id='word_1_115' title='bbox 1210 940 1337 987; x_wconf 82' lang='lat' dir='ltr'>vestri,</span> <span class='ocrx_word' id='word_1_116' title='bbox 1356 939 1501 978; x_wconf 81' lang='lat' dir='ltr'>habere</span> 
     </span>
     <span class='ocr_line' id='line_1_14' title="bbox 170 1003 1501 1069; baseline -0.018 -5"><span class='ocrx_word' id='word_1_117' title='bbox 170 1025 354 1065; x_wconf 87' lang='lat' dir='ltr'>debeant.</span> <span class='ocrx_word' id='word_1_118' title='bbox 414 1023 477 1059; x_wconf 90' lang='lat' dir='ltr'>De</span> <span class='ocrx_word' id='word_1_119' title='bbox 510 1031 590 1069; x_wconf 88' lang='lat' dir='ltr'>quo</span> <span class='ocrx_word' id='word_1_120' title='bbox 625 1015 721 1067; x_wconf 91' lang='lat' dir='ltr'>quid</span> <span class='ocrx_word' id='word_1_121' title='bbox 756 1027 830 1064; x_wconf 81' lang='lat' dir='ltr'>ego</span> <span class='ocrx_word' id='word_1_122' title='bbox 861 1013 973 1063; x_wconf 88' lang='lat' dir='ltr'>plura</span> <span class='ocrx_word' id='word_1_123' title='bbox 1011 1006 1351 1048; x_wconf 88' lang='lat' dir='ltr'>commemorem?</span> <span class='ocrx_word' id='word_1_124' title='bbox 1389 1003 1501 1054; x_wconf 80' lang='lat' dir='ltr'>quasi</span> 
     </span>
     <span class='ocr_line' id='line_1_15' title="bbox 171 1067 1502 1133; baseline -0.018 -4"><span class='ocrx_word' id='word_1_125' title='bbox 171 1103 263 1129; x_wconf 91' lang='lat' dir='ltr'>vero</span> <span class='ocrx_word' id='word_1_126' title='bbox 284 1086 450 1127; x_wconf 87' lang='lat' dir='ltr'>dubium</span> <span class='ocrx_word' id='word_1_127' title='bbox 471 1084 519 1124; x_wconf 93' lang='lat' dir='ltr'>sit</span> <span class='ocrx_word' id='word_1_128' title='bbox 540 1082 636 1133; x_wconf 87' lang='lat' dir='ltr'>quin</span> <span class='ocrx_word' id='word_1_129' title='bbox 656 1088 738 1120; x_wconf 90' lang='lat' dir='ltr'>tota</span> <span class='ocrx_word' id='word_1_130' title='bbox 758 1081 820 1118; x_wconf 86' lang='lat' dir='ltr'>lex</span> <span class='ocrx_word' id='word_1_131' title='bbox 853 1079 903 1117; x_wconf 87' lang='lat' dir='ltr'>de</span> <span class='ocrx_word' id='word_1_132' title='bbox 932 1073 1110 1126; x_wconf 88' lang='lat' dir='ltr'>pecuniis</span> <span class='ocrx_word' id='word_1_133' title='bbox 1131 1069 1359 1122; x_wconf 87' lang='lat' dir='ltr'>repetundis</span> <span class='ocrx_word' id='word_1_134' title='bbox 1379 1067 1502 1107; x_wconf 88' lang='lat' dir='ltr'>socio-</span> 
     </span>
     <span class='ocr_line' id='line_1_16' title="bbox 116 1139 1501 1194; baseline -0.018 0"><span class='ocrx_word' id='word_1_135' title='bbox 116 1161 153 1193; x_wconf 91' lang='lat'>18</span> <span class='ocrx_word' id='word_1_136' title='bbox 172 1167 258 1194; x_wconf 89' lang='lat' dir='ltr'>rum</span> <span class='ocrx_word' id='word_1_137' title='bbox 292 1165 410 1191; x_wconf 85' lang='lat' dir='ltr'>causa</span> <span class='ocrx_word' id='word_1_138' title='bbox 443 1148 656 1189; x_wconf 90' lang='lat' dir='ltr'>constituta</span> <span class='ocrx_word' id='word_1_139' title='bbox 685 1145 758 1192; x_wconf 79' lang='lat' dir='ltr'>sit3</span> <span class='ocrx_word' id='word_1_140' title='bbox 796 1156 888 1181; x_wconf 88' lang='lat' dir='ltr'>nam</span> <span class='ocrx_word' id='word_1_141' title='bbox 917 1139 1068 1179; x_wconf 89' lang='lat' dir='ltr'>civibus</span> <span class='ocrx_word' id='word_1_142' title='bbox 1098 1151 1189 1176; x_wconf 87' lang='lat' dir='ltr'>cum</span> <span class='ocrx_word' id='word_1_143' title='bbox 1221 1143 1312 1174; x_wconf 90' lang='lat' dir='ltr'>sunt</span> <span class='ocrx_word' id='word_1_144' title='bbox 1345 1140 1501 1183; x_wconf 89' lang='lat' dir='ltr'>ereptae</span> 
     </span>
     <span class='ocr_line' id='line_1_17' title="bbox 172 1203 1501 1271; baseline -0.017 -13"><span class='ocrx_word' id='word_1_145' title='bbox 172 1217 374 1271; x_wconf 88' lang='lat' dir='ltr'>pecuniae,</span> <span class='ocrx_word' id='word_1_146' title='bbox 414 1214 518 1254; x_wconf 91' lang='lat' dir='ltr'>civili</span> <span class='ocrx_word' id='word_1_147' title='bbox 556 1214 635 1251; x_wconf 90' lang='lat' dir='ltr'>fere</span> <span class='ocrx_word' id='word_1_148' title='bbox 673 1209 829 1249; x_wconf 89' lang='lat' dir='ltr'>actione</span> <span class='ocrx_word' id='word_1_149' title='bbox 868 1214 906 1246; x_wconf 90' lang='lat' dir='ltr'>et</span> <span class='ocrx_word' id='word_1_150' title='bbox 943 1205 1095 1256; x_wconf 89' lang='lat' dir='ltr'>privato</span> <span class='ocrx_word' id='word_1_151' title='bbox 1134 1203 1216 1241; x_wconf 87' lang='lat' dir='ltr'>iure</span> <span class='ocrx_word' id='word_1_152' title='bbox 1262 1205 1501 1250; x_wconf 89' lang='lat' dir='ltr'>repetuntur.</span> 
     </span>
     <span class='ocr_line' id='line_1_18' title="bbox 174 1265 1503 1325; baseline -0.017 -2"><span class='ocrx_word' id='word_1_153' title='bbox 174 1286 288 1323; x_wconf 90' lang='lat' dir='ltr'>Haec</span> <span class='ocrx_word' id='word_1_154' title='bbox 308 1284 369 1321; x_wconf 89' lang='lat' dir='ltr'>lex</span> <span class='ocrx_word' id='word_1_155' title='bbox 389 1278 543 1320; x_wconf 83' lang='lat' dir='ltr'>socialis</span> <span class='ocrx_word' id='word_1_156' title='bbox 564 1285 633 1325; x_wconf 89' lang='lat' dir='ltr'>est,</span> <span class='ocrx_word' id='word_1_157' title='bbox 656 1277 733 1315; x_wconf 91' lang='lat' dir='ltr'>hoc</span> <span class='ocrx_word' id='word_1_158' title='bbox 754 1275 813 1313; x_wconf 87' lang='lat' dir='ltr'>ius</span> <span class='ocrx_word' id='word_1_159' title='bbox 842 1272 1047 1311; x_wconf 88' lang='lat' dir='ltr'>nationum</span> <span class='ocrx_word' id='word_1_160' title='bbox 1070 1276 1286 1308; x_wconf 85' lang='lat' dir='ltr'>exterarum</span> <span class='ocrx_word' id='word_1_161' title='bbox 1309 1272 1378 1313; x_wconf 86' lang='lat' dir='ltr'>est,</span> <span class='ocrx_word' id='word_1_162' title='bbox 1400 1265 1503 1302; x_wconf 88' lang='lat' dir='ltr'>hanc</span> 
     </span>
     <span class='ocr_line' id='line_1_19' title="bbox 173 1328 1503 1391; baseline -0.017 -3"><span class='ocrx_word' id='word_1_163' title='bbox 173 1348 321 1388; x_wconf 86' lang='lat' dir='ltr'>habent</span> <span class='ocrx_word' id='word_1_164' title='bbox 357 1358 500 1391; x_wconf 89' lang='lat' dir='ltr'>arcem,</span> <span class='ocrx_word' id='word_1_165' title='bbox 541 1342 670 1381; x_wconf 87' lang='lat' dir='ltr'>minus</span> <span class='ocrx_word' id='word_1_166' title='bbox 709 1340 912 1390; x_wconf 86' lang='lat' dir='ltr'>aliquanto</span> <span class='ocrx_word' id='word_1_167' title='bbox 957 1348 1064 1374; x_wconf 88' lang='lat' dir='ltr'>nunc</span> <span class='ocrx_word' id='word_1_168' title='bbox 1107 1333 1270 1384; x_wconf 87' lang='lat' dir='ltr'>quidem</span> <span class='ocrx_word' id='word_1_169' title='bbox 1310 1328 1503 1368; x_wconf 88' lang='lat' dir='ltr'>munitam</span> 
     </span>
     <span class='ocr_line' id='line_1_20' title="bbox 173 1399 1504 1465; baseline -0.017 -12"><span class='ocrx_word' id='word_1_170' title='bbox 173 1426 292 1465; x_wconf 85' lang='lat' dir='ltr'>quam</span> <span class='ocrx_word' id='word_1_171' title='bbox 323 1418 453 1458; x_wconf 89' lang='lat' dir='ltr'>antea,</span> <span class='ocrx_word' id='word_1_172' title='bbox 483 1421 618 1447; x_wconf 89' lang='lat' dir='ltr'>verum</span> <span class='ocrx_word' id='word_1_173' title='bbox 650 1413 783 1444; x_wconf 90' lang='lat' dir='ltr'>tamen</span> <span class='ocrx_word' id='word_1_174' title='bbox 822 1403 854 1442; x_wconf 90' lang='lat' dir='ltr'>si</span> <span class='ocrx_word' id='word_1_175' title='bbox 885 1415 963 1453; x_wconf 86' lang='lat' dir='ltr'>qua</span> <span class='ocrx_word' id='word_1_176' title='bbox 997 1399 1145 1450; x_wconf 86' lang='lat' dir='ltr'>reliqua</span> <span class='ocrx_word' id='word_1_177' title='bbox 1183 1410 1271 1448; x_wconf 91' lang='lat' dir='ltr'>spes</span> <span class='ocrx_word' id='word_1_178' title='bbox 1306 1403 1364 1434; x_wconf 87' lang='lat' dir='ltr'>est</span> <span class='ocrx_word' id='word_1_179' title='bbox 1403 1406 1504 1444; x_wconf 87' lang='lat' dir='ltr'>quae</span> 
     </span>
     <span class='ocr_line' id='line_1_21' title="bbox 174 1458 1505 1520; baseline -0.018 -1"><span class='ocrx_word' id='word_1_180' title='bbox 174 1478 370 1519; x_wconf 87' lang='lat' dir='ltr'>sociorum</span> <span class='ocrx_word' id='word_1_181' title='bbox 391 1475 545 1514; x_wconf 88' lang='lat' dir='ltr'>animos</span> <span class='ocrx_word' id='word_1_182' title='bbox 566 1469 759 1511; x_wconf 84' lang='lat' dir='ltr'>consolari</span> <span class='ocrx_word' id='word_1_183' title='bbox 780 1467 918 1520; x_wconf 81' lang='lat' dir='ltr'>possit,</span> <span class='ocrx_word' id='word_1_184' title='bbox 938 1479 984 1505; x_wconf 83' lang='lat' dir='ltr'>ea</span> <span class='ocrx_word' id='word_1_185' title='bbox 1008 1472 1091 1504; x_wconf 87' lang='lat' dir='ltr'>tota</span> <span class='ocrx_word' id='word_1_186' title='bbox 1117 1463 1157 1501; x_wconf 93' lang='lat' dir='ltr'>in</span> <span class='ocrx_word' id='word_1_187' title='bbox 1177 1464 1252 1501; x_wconf 90' lang='lat' dir='ltr'>hac</span> <span class='ocrx_word' id='word_1_188' title='bbox 1272 1463 1357 1510; x_wconf 83' lang='lat' dir='ltr'>lege</span> <span class='ocrx_word' id='word_1_189' title='bbox 1377 1458 1505 1510; x_wconf 90' lang='lat' dir='ltr'>posita</span> 
     </span>
     <span class='ocr_line' id='line_1_22' title="bbox 175 1523 1505 1592; baseline -0.018 -8"><span class='ocrx_word' id='word_1_190' title='bbox 175 1551 259 1592; x_wconf 83' lang='lat' dir='ltr'>est3</span> <span class='ocrx_word' id='word_1_191' title='bbox 297 1542 408 1581; x_wconf 89' lang='lat' dir='ltr'>cuius</span> <span class='ocrx_word' id='word_1_192' title='bbox 437 1539 533 1590; x_wconf 86' lang='lat' dir='ltr'>legis</span> <span class='ocrx_word' id='word_1_193' title='bbox 562 1550 643 1576; x_wconf 88' lang='lat' dir='ltr'>non</span> <span class='ocrx_word' id='word_1_194' title='bbox 674 1535 797 1574; x_wconf 91' lang='lat' dir='ltr'>modo</span> <span class='ocrx_word' id='word_1_195' title='bbox 825 1547 848 1572; x_wconf 85' lang='lat' dir='ltr'>a</span> <span class='ocrx_word' id='word_1_196' title='bbox 877 1532 1026 1583; x_wconf 89' lang='lat' dir='ltr'>populo</span> <span class='ocrx_word' id='word_1_197' title='bbox 1057 1531 1257 1575; x_wconf 87' lang='lat' dir='ltr'>Romano,</span> <span class='ocrx_word' id='word_1_198' title='bbox 1286 1526 1356 1564; x_wconf 89' lang='lat' dir='ltr'>sed</span> <span class='ocrx_word' id='word_1_199' title='bbox 1387 1523 1505 1563; x_wconf 89' lang='lat' dir='ltr'>etiam</span> 
     </span>
     <span class='ocr_line' id='line_1_23' title="bbox 174 1590 1507 1651; baseline -0.017 -2"><span class='ocrx_word' id='word_1_200' title='bbox 174 1611 225 1648; x_wconf 91' lang='lat' dir='ltr'>ab</span> <span class='ocrx_word' id='word_1_201' title='bbox 245 1607 392 1648; x_wconf 88' lang='lat' dir='ltr'>ultimis</span> <span class='ocrx_word' id='word_1_202' title='bbox 413 1603 638 1645; x_wconf 88' lang='lat' dir='ltr'>nationibus</span> <span class='ocrx_word' id='word_1_203' title='bbox 660 1602 738 1640; x_wconf 92' lang='lat' dir='ltr'>iam</span> <span class='ocrx_word' id='word_1_204' title='bbox 759 1599 912 1651; x_wconf 88' lang='lat' dir='ltr'>pridem</span> <span class='ocrx_word' id='word_1_205' title='bbox 942 1596 1065 1636; x_wconf 91' lang='lat' dir='ltr'>severi</span> <span class='ocrx_word' id='word_1_206' title='bbox 1094 1594 1278 1634; x_wconf 85' lang='lat' dir='ltr'>custodes</span> <span class='ocrx_word' id='word_1_207' title='bbox 1308 1590 1507 1642; x_wconf 90' lang='lat' dir='ltr'>requirun-</span> 
     </span>
     <span class='ocr_line' id='line_1_24' title="bbox 120 1656 1507 1722; baseline -0.014 -11"><span class='ocrx_word' id='word_1_208' title='bbox 120 1690 156 1722; x_wconf 83' lang='lat'>19</span> <span class='ocrx_word' id='word_1_209' title='bbox 177 1683 248 1714; x_wconf 87' lang='lat' dir='ltr'>tur.</span> <span class='ocrx_word' id='word_1_210' title='bbox 309 1672 408 1722; x_wconf 84' lang='lat' dir='ltr'>Quis</span> <span class='ocrx_word' id='word_1_211' title='bbox 429 1683 520 1720; x_wconf 86' lang='lat' dir='ltr'>ergo</span> <span class='ocrx_word' id='word_1_212' title='bbox 541 1676 599 1708; x_wconf 89' lang='lat' dir='ltr'>est</span> <span class='ocrx_word' id='word_1_213' title='bbox 620 1666 688 1717; x_wconf 89' lang='lat' dir='ltr'>qui</span> <span class='ocrx_word' id='word_1_214' title='bbox 709 1672 825 1716; x_wconf 83' lang='lat' dir='ltr'>neget</span> <span class='ocrx_word' id='word_1_215' title='bbox 848 1670 1027 1714; x_wconf 89' lang='lat' dir='ltr'>oportere</span> <span class='ocrx_word' id='word_1_216' title='bbox 1054 1672 1191 1698; x_wconf 89' lang='lat' dir='ltr'>eorum</span> <span class='ocrx_word' id='word_1_217' title='bbox 1214 1657 1401 1696; x_wconf 89' lang='lat' dir='ltr'>arbitratu</span> <span class='ocrx_word' id='word_1_218' title='bbox 1422 1656 1507 1704; x_wconf 83' lang='lat' dir='ltr'>lege</span> 
     </span>
     <span class='ocr_line' id='line_1_25' title="bbox 176 1720 1509 1790; baseline -0.015 -13"><span class='ocrx_word' id='word_1_219' title='bbox 176 1739 238 1790; x_wconf 84' lang='lat' dir='ltr'>agi</span> <span class='ocrx_word' id='word_1_220' title='bbox 272 1750 440 1788; x_wconf 87' lang='lat' dir='ltr'>quorum</span> <span class='ocrx_word' id='word_1_221' title='bbox 473 1748 590 1774; x_wconf 82' lang='lat' dir='ltr'>causa</span> <span class='ocrx_word' id='word_1_222' title='bbox 620 1736 682 1772; x_wconf 85' lang='lat' dir='ltr'>lex</span> <span class='ocrx_word' id='word_1_223' title='bbox 716 1732 764 1771; x_wconf 90' lang='lat' dir='ltr'>sit</span> <span class='ocrx_word' id='word_1_224' title='bbox 800 1730 1043 1770; x_wconf 85' lang='lat' dir='ltr'>constituta?</span> <span class='ocrx_word' id='word_1_225' title='bbox 1094 1725 1226 1765; x_wconf 83' lang='lat' dir='ltr'>Sicilia</span> <span class='ocrx_word' id='word_1_226' title='bbox 1259 1730 1341 1762; x_wconf 85' lang='lat' dir='ltr'>tota</span> <span class='ocrx_word' id='word_1_227' title='bbox 1370 1720 1401 1759; x_wconf 92' lang='lat' dir='ltr'>si</span> <span class='ocrx_word' id='word_1_228' title='bbox 1430 1731 1509 1758; x_wconf 85' lang='lat' dir='ltr'>una</span> 
     </span>
     <span class='ocr_line' id='line_1_26' title="bbox 177 1783 1507 1851; baseline -0.016 -9"><span class='ocrx_word' id='word_1_229' title='bbox 177 1817 274 1843; x_wconf 89' lang='lat' dir='ltr'>voce</span> <span class='ocrx_word' id='word_1_230' title='bbox 305 1804 539 1851; x_wconf 88' lang='lat' dir='ltr'>loqueretur,</span> <span class='ocrx_word' id='word_1_231' title='bbox 573 1800 650 1837; x_wconf 92' lang='lat' dir='ltr'>hoc</span> <span class='ocrx_word' id='word_1_232' title='bbox 682 1797 852 1837; x_wconf 87' lang='lat' dir='ltr'>diceret:</span> <span class='ocrx_word' id='word_1_233' title='bbox 900 1794 1043 1843; x_wconf 87' lang='lat' dir='ltr'>‘Quod</span> <span class='ocrx_word' id='word_1_234' title='bbox 1076 1790 1169 1838; x_wconf 90' lang='lat' dir='ltr'>auri,</span> <span class='ocrx_word' id='word_1_235' title='bbox 1204 1789 1313 1839; x_wconf 91' lang='lat' dir='ltr'>quod</span> <span class='ocrx_word' id='word_1_236' title='bbox 1347 1783 1507 1836; x_wconf 84' lang='lat' dir='ltr'>argenti,</span> 
     </span>
     <span class='ocr_line' id='line_1_27' title="bbox 179 1848 1508 1919; baseline -0.016 -12"><span class='ocrx_word' id='word_1_237' title='bbox 179 1869 288 1919; x_wconf 89' lang='lat' dir='ltr'>quod</span> <span class='ocrx_word' id='word_1_238' title='bbox 308 1872 629 1906; x_wconf 87' lang='lat' dir='ltr'>ornamentorum</span> <span class='ocrx_word' id='word_1_239' title='bbox 651 1863 690 1901; x_wconf 88' lang='lat' dir='ltr'>in</span> <span class='ocrx_word' id='word_1_240' title='bbox 713 1861 810 1901; x_wconf 88' lang='lat' dir='ltr'>meis</span> <span class='ocrx_word' id='word_1_241' title='bbox 838 1859 1012 1906; x_wconf 82' lang='lat' dir='ltr'>urbibus,</span> <span class='ocrx_word' id='word_1_242' title='bbox 1036 1856 1207 1902; x_wconf 89' lang='lat' dir='ltr'>sedibus,</span> <span class='ocrx_word' id='word_1_243' title='bbox 1232 1851 1404 1892; x_wconf 87' lang='lat' dir='ltr'>delubris</span> <span class='ocrx_word' id='word_1_244' title='bbox 1425 1848 1508 1896; x_wconf 90' lang='lat' dir='ltr'>fuit,</span> 
     </span>
     <span class='ocr_line' id='line_1_28' title="bbox 180 1912 1511 1984; baseline -0.017 -12"><span class='ocrx_word' id='word_1_245' title='bbox 180 1933 288 1984; x_wconf 91' lang='lat' dir='ltr'>quod</span> <span class='ocrx_word' id='word_1_246' title='bbox 308 1931 349 1970; x_wconf 92' lang='lat' dir='ltr'>in</span> <span class='ocrx_word' id='word_1_247' title='bbox 369 1944 448 1969; x_wconf 92' lang='lat' dir='ltr'>una</span> <span class='ocrx_word' id='word_1_248' title='bbox 468 1942 625 1980; x_wconf 89' lang='lat' dir='ltr'>quaque</span> <span class='ocrx_word' id='word_1_249' title='bbox 646 1941 686 1967; x_wconf 92' lang='lat' dir='ltr'>re</span> <span class='ocrx_word' id='word_1_250' title='bbox 709 1924 904 1966; x_wconf 84' lang='lat' dir='ltr'>beneficio</span> <span class='ocrx_word' id='word_1_251' title='bbox 925 1930 1083 1963; x_wconf 89' lang='lat' dir='ltr'>senatus</span> <span class='ocrx_word' id='word_1_252' title='bbox 1103 1918 1320 1970; x_wconf 84' lang='lat' dir='ltr'>populique</span> <span class='ocrx_word' id='word_1_253' title='bbox 1337 1912 1511 1954; x_wconf 85' lang='lat' dir='ltr'>Romani</span> 
     </span>
     <span class='ocr_line' id='line_1_29' title="bbox 181 1977 1512 2043; baseline -0.016 -6"><span class='ocrx_word' id='word_1_254' title='bbox 181 1998 273 2037; x_wconf 88' lang='lat' dir='ltr'>iuris</span> <span class='ocrx_word' id='word_1_255' title='bbox 293 1995 425 2043; x_wconf 89' lang='lat' dir='ltr'>habui,</span> <span class='ocrx_word' id='word_1_256' title='bbox 448 1996 488 2034; x_wconf 91' lang='lat' dir='ltr'>id</span> <span class='ocrx_word' id='word_1_257' title='bbox 510 1993 606 2033; x_wconf 88' lang='lat' dir='ltr'>mihi</span> <span class='ocrx_word' id='word_1_258' title='bbox 627 2001 683 2041; x_wconf 84' lang='lat' dir='ltr'>tu,</span> <span class='ocrx_word' id='word_1_259' title='bbox 706 1993 750 2032; x_wconf 91' lang='lat' dir='ltr'>C.</span> <span class='ocrx_word' id='word_1_260' title='bbox 774 1993 928 2037; x_wconf 80' lang='lat' dir='ltr'>Verres,</span> <span class='ocrx_word' id='word_1_261' title='bbox 950 1985 1124 2038; x_wconf 85' lang='lat' dir='ltr'>eripuisti</span> <span class='ocrx_word' id='word_1_262' title='bbox 1151 1991 1270 2033; x_wconf 88' lang='lat' dir='ltr'>atque</span> <span class='ocrx_word' id='word_1_263' title='bbox 1291 1977 1484 2020; x_wconf 88' lang='lat' dir='ltr'>abstulisti</span> <span class='ocrx_word' id='word_1_264' title='bbox 1502 1991 1512 2025; x_wconf 80' lang='lat'>3</span> 
     </span>
     <span class='ocr_line' id='line_1_30' title="bbox 183 2042 1512 2114; baseline -0.017 -10"><span class='ocrx_word' id='word_1_265' title='bbox 183 2077 263 2114; x_wconf 89' lang='lat' dir='ltr'>quo</span> <span class='ocrx_word' id='word_1_266' title='bbox 283 2062 444 2102; x_wconf 90' lang='lat' dir='ltr'>nomine</span> <span class='ocrx_word' id='word_1_267' title='bbox 465 2061 535 2100; x_wconf 90' lang='lat' dir='ltr'>abs</span> <span class='ocrx_word' id='word_1_268' title='bbox 565 2069 604 2099; x_wconf 90' lang='lat' dir='ltr'>te</span> <span class='ocrx_word' id='word_1_269' title='bbox 634 2057 854 2098; x_wconf 87' lang='lat' dir='ltr'>sestertium</span> <span class='ocrx_word' id='word_1_270' title='bbox 885 2054 1038 2093; x_wconf 86' lang='lat' dir='ltr'>miliens</span> <span class='ocrx_word' id='word_1_271' title='bbox 1067 2066 1114 2091; x_wconf 83' lang='lat' dir='ltr'>ex</span> <span class='ocrx_word' id='word_1_272' title='bbox 1142 2053 1227 2100; x_wconf 85' lang='lat' dir='ltr'>lege</span> <span class='ocrx_word' id='word_1_273' title='bbox 1256 2047 1415 2098; x_wconf 64' lang='lat' dir='ltr'>repeto?</span> <span class='ocrx_word' id='word_1_274' title='bbox 1472 2042 1512 2082; x_wconf 88' lang='lat' dir='ltr'>Si</span> 
     </span>
     <span class='ocr_line' id='line_1_31' title="bbox 184 2117 1512 2175; baseline -0.016 -8"><span class='ocrx_word' id='word_1_275' title='bbox 184 2128 375 2174; x_wconf 86' lang='lat' dir='ltr'>universa,</span> <span class='ocrx_word' id='word_1_276' title='bbox 398 2134 440 2165; x_wconf 90' lang='lat' dir='ltr'>ut</span> <span class='ocrx_word' id='word_1_277' title='bbox 461 2126 551 2172; x_wconf 89' lang='lat' dir='ltr'>dixi,</span> <span class='ocrx_word' id='word_1_278' title='bbox 575 2122 776 2175; x_wconf 89' lang='lat' dir='ltr'>provincia</span> <span class='ocrx_word' id='word_1_279' title='bbox 796 2120 905 2171; x_wconf 91' lang='lat' dir='ltr'>loqui</span> <span class='ocrx_word' id='word_1_280' title='bbox 934 2125 1078 2170; x_wconf 90' lang='lat' dir='ltr'>posset,</span> <span class='ocrx_word' id='word_1_281' title='bbox 1100 2118 1174 2154; x_wconf 89' lang='lat' dir='ltr'>hac</span> <span class='ocrx_word' id='word_1_282' title='bbox 1200 2126 1297 2152; x_wconf 85' lang='lat' dir='ltr'>voce</span> <span class='ocrx_word' id='word_1_283' title='bbox 1318 2117 1512 2150; x_wconf 87' lang='lat' dir='ltr'>uteretur:</span> 
     </span>
     <span class='ocr_line' id='line_1_32' title="bbox 186 2174 1515 2244; baseline -0.015 -12"><span class='ocrx_word' id='word_1_284' title='bbox 186 2192 375 2244; x_wconf 84' lang='lat' dir='ltr'>quoniam</span> <span class='ocrx_word' id='word_1_285' title='bbox 396 2192 436 2230; x_wconf 91' lang='lat' dir='ltr'>id</span> <span class='ocrx_word' id='word_1_286' title='bbox 465 2204 546 2229; x_wconf 91' lang='lat' dir='ltr'>non</span> <span class='ocrx_word' id='word_1_287' title='bbox 575 2195 740 2240; x_wconf 84' lang='lat' dir='ltr'>poterat,</span> <span class='ocrx_word' id='word_1_288' title='bbox 761 2188 900 2225; x_wconf 88' lang='lat' dir='ltr'>harum</span> <span class='ocrx_word' id='word_1_289' title='bbox 930 2196 1058 2223; x_wconf 90' lang='lat' dir='ltr'>rerum</span> <span class='ocrx_word' id='word_1_290' title='bbox 1087 2188 1260 2220; x_wconf 85' lang='lat' dir='ltr'>actorem</span> <span class='ocrx_word' id='word_1_291' title='bbox 1287 2189 1406 2227; x_wconf 88' lang='lat' dir='ltr'>quem</span> <span class='ocrx_word' id='word_1_292' title='bbox 1433 2174 1515 2214; x_wconf 88' lang='lat' dir='ltr'>ido-</span> 
     </span>
     <span class='ocr_line' id='line_1_33' title="bbox 130 2237 1517 2303; baseline -0.016 -5"><span class='ocrx_word' id='word_1_293' title='bbox 130 2274 170 2297; x_wconf 90' lang='lat'>20</span> <span class='ocrx_word' id='word_1_294' title='bbox 188 2271 307 2297; x_wconf 85' lang='lat' dir='ltr'>neum</span> <span class='ocrx_word' id='word_1_295' title='bbox 329 2270 414 2296; x_wconf 88' lang='lat' dir='ltr'>esse</span> <span class='ocrx_word' id='word_1_296' title='bbox 434 2255 617 2294; x_wconf 81' lang='lat' dir='ltr'>arbitrata</span> <span class='ocrx_word' id='word_1_297' title='bbox 637 2260 695 2292; x_wconf 88' lang='lat' dir='ltr'>est</span> <span class='ocrx_word' id='word_1_298' title='bbox 715 2252 800 2303; x_wconf 90' lang='lat' dir='ltr'>ipsa</span> <span class='ocrx_word' id='word_1_299' title='bbox 819 2249 974 2300; x_wconf 84' lang='lat' dir='ltr'>delegit.</span> <span class='ocrx_word' id='word_1_300' title='bbox 1034 2249 1082 2285; x_wconf 89' lang='lat' dir='ltr'>In</span> <span class='ocrx_word' id='word_1_301' title='bbox 1109 2245 1192 2284; x_wconf 88' lang='lat' dir='ltr'>eius</span> <span class='ocrx_word' id='word_1_302' title='bbox 1216 2241 1326 2281; x_wconf 93' lang='lat' dir='ltr'>modi</span> <span class='ocrx_word' id='word_1_303' title='bbox 1354 2254 1394 2279; x_wconf 88' lang='lat' dir='ltr'>re</span> <span class='ocrx_word' id='word_1_304' title='bbox 1415 2237 1517 2290; x_wconf 88' lang='lat' dir='ltr'>quis-</span> 
     </span>
    </p>
   </div>
   <div class='ocr_carea' id='block_1_7' title="bbox 191 2345 1518 2446">
    <p class='ocr_par' dir='ltr' id='par_1_7' title="bbox 191 2345 1518 2446">
     <span class='ocr_line' id='line_1_34' title="bbox 237 2345 1518 2401; baseline -0.016 -8"><span class='ocrx_word' id='word_1_305' title='bbox 237 2372 274 2393; x_wconf 90' lang='lat'>12</span> <span class='ocrx_word' id='word_1_306' title='bbox 299 2359 488 2401; x_wconf 83' lang='lat' dir='ltr'>repetundo</span> <span class='ocrx_word' id='word_1_307' title='bbox 504 2358 580 2397; x_wconf 82' lang='lat' dir='ltr'>Dp:</span> <span class='ocrx_word' id='word_1_308' title='bbox 606 2355 793 2396; x_wconf 85' lang='lat' dir='ltr'>repetendo</span> <span class='ocrx_word' id='word_1_309' title='bbox 812 2351 910 2385; x_wconf 90' lang='lat' dir='ltr'>LKZ</span> <span class='ocrx_word' id='word_1_310' title='bbox 1021 2360 1059 2389; x_wconf 87' lang='lat'>15</span> <span class='ocrx_word' id='word_1_311' title='bbox 1083 2353 1221 2388; x_wconf 83' lang='lat' dir='ltr'>ereptae</span> <span class='ocrx_word' id='word_1_312' title='bbox 1239 2350 1316 2378; x_wconf 85' lang='lat' dir='ltr'>sunt</span> <span class='ocrx_word' id='word_1_313' title='bbox 1332 2345 1362 2377; x_wconf 92' lang='lat' dir='ltr'><em>Z</em></span> <span class='ocrx_word' id='word_1_314' title='bbox 1477 2350 1518 2382; x_wconf 83' lang='lat'>23</span> 
     </span>
     <span class='ocr_line' id='line_1_35' title="bbox 191 2390 1282 2446; baseline -0.017 -8"><span class='ocrx_word' id='word_1_315' title='bbox 191 2417 273 2446; x_wconf 85' lang='lat' dir='ltr'>ergo</span> <span class='ocrx_word' id='word_1_316' title='bbox 291 2405 355 2435; x_wconf 60' lang='lat' dir='ltr'>Dis</span> <span class='ocrx_word' id='word_1_317' title='bbox 371 2415 378 2435; x_wconf 73' lang='grc' dir='ltr'><strong><em>τ</em></strong></span> <span class='ocrx_word' id='word_1_318' title='bbox 403 2403 504 2443; x_wconf 82' lang='lat' dir='ltr'>igitur</span> <span class='ocrx_word' id='word_1_319' title='bbox 516 2402 576 2442; x_wconf 68' lang='grc' dir='ltr'>[ηδ</span> <span class='ocrx_word' id='word_1_320' title='bbox 699 2400 740 2429; x_wconf 83' lang='grc'>26</span> <span class='ocrx_word' id='word_1_321' title='bbox 764 2398 825 2428; x_wconf 76' lang='lat' dir='ltr'>suit</span> <span class='ocrx_word' id='word_1_322' title='bbox 838 2396 943 2438; x_wconf 57' lang='lat' dir='ltr'>prGlfi</span> <span class='ocrx_word' id='word_1_323' title='bbox 964 2394 1104 2426; x_wconf 78' lang='lat' dir='ltr'>Gellius:</span> <span class='ocrx_word' id='word_1_324' title='bbox 1131 2402 1197 2423; x_wconf 83' lang='lat' dir='ltr'>om.</span> <span class='ocrx_word' id='word_1_325' title='bbox 1218 2390 1282 2420; x_wconf 76' lang='grc' dir='ltr'>ΒΨ</span> 
     </span>
    </p>
   </div>
   <div class='ocr_carea' id='block_1_8' title="bbox 1520 824 1560 848">
    <p class='ocr_par' dir='ltr' id='par_1_8' title="bbox 1520 824 1560 848">
     <span class='ocr_line' id='line_1_36' title="bbox 1520 824 1560 848; baseline 0.025 -1"><span class='ocrx_word' id='word_1_326' title='bbox 1520 824 1560 848; x_wconf 85' lang='lat'>10</span> 
     </span>
    </p>
   </div>
   <div class='ocr_carea' id='block_1_9' title="bbox 1525 1148 1562 1181">
    <p class='ocr_par' dir='ltr' id='par_1_9' title="bbox 1525 1148 1562 1181">
     <span class='ocr_line' id='line_1_37' title="bbox 1525 1148 1562 1181; baseline 0 0"><span class='ocrx_word' id='word_1_327' title='bbox 1525 1148 1562 1181; x_wconf 83' lang='grc' dir='ltr'>Ι5</span> 
     </span>
    </p>
   </div>
   <div class='ocr_carea' id='block_1_10' title="bbox 1526 1471 1566 1493">
    <p class='ocr_par' dir='ltr' id='par_1_10' title="bbox 1526 1471 1566 1493">
     <span class='ocr_line' id='line_1_38' title="bbox 1526 1471 1566 1493; baseline 0 0"><span class='ocrx_word' id='word_1_328' title='bbox 1526 1471 1566 1493; x_wconf 85' lang='grc'>20</span> 
     </span>
    </p>
   </div>
   <div class='ocr_carea' id='block_1_11' title="bbox 1533 2122 1574 2155">
    <p class='ocr_par' dir='ltr' id='par_1_11' title="bbox 1533 2122 1574 2155">
     <span class='ocr_line' id='line_1_39' title="bbox 1533 2122 1574 2155; baseline -0.024 -9"><span class='ocrx_word' id='word_1_329' title='bbox 1533 2122 1574 2155; x_wconf 76' lang='lat'>30</span> 
     </span>
    </p>
   </div>
  </div>
 </body>
</html>
