1600 2704
62 93 117 137 67
142 105 201 136 173
513 90 571 127 M.
603 90 771 128 TVLLI
803 90 1111 131 CICERONIS

137 199 255 238 istum
277 199 374 238 mihi
401 213 448 239 ex
472 201 549 238 hoc
577 199 724 239 iudicio
751 208 929 251 ereptum
949 203 1001 241 ad
1021 201 1118 241 illud
1137 201 1277 252 populi
1296 201 1470 241 Romani

135 264 329 304 iudicium
368 265 564 304 reservari.
635 265 854 315 Splendida
891 274 949 305 est
989 266 1054 304 illa
1087 278 1216 313 causa,
1255 266 1468 317 probabilis

135 329 233 368 mihi
265 337 303 369 et
337 330 473 377 facilis,
510 331 660 381 populo
690 338 798 380 grata
836 338 955 381 atque
994 330 1192 377 iucunda;
1231 330 1404 381 denique
1438 331 1469 370 si

135 394 272 435 videor
298 395 374 443 hic,
396 395 437 434 id
463 396 573 445 quod
599 408 674 445 ego
702 409 783 434 non
813 395 1000 445 quaesivi,
1021 396 1071 434 de
1099 408 1179 434 uno
1206 395 1280 434 isto
1300 395 1469 435 voluisse

135 473 321 508 crescere,
356 460 432 499 isto
465 460 660 506 absoluto,
692 461 801 509 quod
840 460 924 499 sine
956 462 1169 499 multorum
1209 462 1354 499 scelere
1387 460 1470 499 fieri
1489 477 1508 509 5

135 538 216 564 non
246 532 388 575 potest,
418 525 470 563 de
499 523 632 562 multis
662 524 758 562 mihi
787 538 961 563 crescere
990 524 1133 564 licebit.

61 587 116 627 68
191 590 270 628 Sed
290 590 517 628 mehercule
537 595 664 626 vestra
684 588 817 638 reique
838 588 1021 638 publicae
1040 602 1170 636 causa,
1191 589 1353 637 iudices,
1375 591 1469 629 nolo

135 654 175 692 in
216 655 293 692 hoc
333 654 490 692 delecto
522 652 689 691 consilio
728 659 883 691 tantum
923 652 1043 703 flagiti
1081 666 1167 692 esse
1198 654 1467 702 commissum,

134 720 230 758 nolo
264 731 332 757 eos
366 718 519 757 iudices
549 730 649 768 quos
679 730 753 767 ego
783 716 983 768 probarim
1016 725 1137 768 atque
1166 718 1378 769 delegerim
1413 719 1468 758 sic

133 783 174 822 in
209 785 283 822 hac
318 784 415 822 urbe
447 789 605 822 notatos
634 782 710 821 isto
739 783 923 821 absoluto
961 782 1164 822 ambulare
1196 790 1238 821 ut
1269 795 1350 821 non
1380 796 1469 822 cera
1490 797 1529 819 10

53 859 115 895 174
133 850 204 888 sed
234 861 359 887 caeno
385 848 498 887 obliti
525 861 611 887 esse
631 847 847 887 videantur.
907 848 1039 897 Quam
1061 849 1113 887 ob
1134 861 1217 886 rem
1237 855 1275 887 te
1295 861 1467 898 quoque,

135 913 339 960 Hortensi,
375 913 406 952 si
438 913 506 963 qui
541 912 732 952 monendi
765 914 876 951 locus
908 926 955 951 ex
988 914 1064 951 hoc
1099 914 1188 951 loco
1222 919 1291 960 est,
1323 925 1468 951 moneo

134 979 267 1018 videas
306 978 425 1018 etiam
463 986 583 1028 atque
617 978 735 1017 etiam
774 985 812 1017 et
853 977 1079 1017 consideres
1110 976 1207 1027 quid
1245 989 1348 1027 agas,
1387 990 1468 1027 quo

133 1043 393 1095 progrediare,
442 1057 561 1094 quem
610 1042 815 1082 hominem
863 1050 901 1082 et
948 1056 1027 1093 qua
1074 1042 1224 1081 ratione
1262 1043 1464 1082 defendas.

133 1110 276 1159 Neque
307 1110 358 1148 de
383 1108 451 1147 illo
478 1108 549 1147 tibi
578 1108 794 1158 quicquam
821 1107 1011 1158 praefinio
1038 1120 1119 1157 quo
1149 1106 1279 1145 minus
1309 1106 1467 1157 ingenio
1489 1117 1526 1152 15

133 1187 290 1213 mecum
316 1181 436 1223 atque
465 1173 575 1211 omni
604 1172 764 1212 dicendi
793 1173 977 1211 facultate
1006 1173 1225 1211 contendas
1240 1187 1250 1219 ;
1279 1178 1408 1210 cetera
1436 1171 1467 1210 si

132 1252 211 1289 qua
244 1246 359 1288 putas
391 1245 428 1276 te
468 1237 660 1276 occultius
695 1244 802 1275 extra
832 1236 1023 1275 iudicium
1056 1250 1157 1286 quae
1191 1238 1242 1276 ad
1275 1235 1465 1274 iudicium

132 1303 354 1354 pertineant
385 1304 512 1341 facere
548 1315 675 1352 posse,
706 1302 738 1340 si
768 1301 865 1352 quid
895 1301 1061 1340 artificio
1090 1301 1256 1340 consilio
1290 1300 1467 1351 potentia

131 1367 262 1418 gratia,
305 1367 429 1418 copiis
463 1366 573 1405 istius
613 1366 739 1405 moliri
778 1366 937 1416 cogitas,
983 1379 1127 1417 magno
1165 1379 1284 1416 opere
1322 1378 1466 1404 censeo

131 1432 312 1480 desistas,
335 1439 374 1470 et
398 1431 464 1470 illa
492 1444 594 1482 quae
623 1438 814 1482 temptata
841 1431 918 1469 iam
945 1438 984 1469 et
1010 1438 1152 1481 coepta
1177 1437 1268 1469 sunt
1296 1430 1348 1468 ab
1377 1430 1463 1477 isto,
1486 1444 1526 1467 20

130 1511 154 1536 a
184 1511 247 1536 me
276 1505 410 1537 autem
441 1497 701 1548 pervestigata
731 1504 770 1536 et
799 1496 967 1547 cognita,
993 1509 1138 1536 moneo
1168 1504 1211 1534 ut
1241 1496 1464 1547 exstinguas

130 1572 168 1603 et
195 1564 350 1615 longius
380 1563 562 1614 progredi
592 1577 641 1603 ne
671 1563 785 1602 sinas.
848 1565 999 1614 Magno
1028 1571 1097 1602 tuo
1126 1562 1301 1614 periculo
1330 1575 1464 1612 pecca-

49 1643 108 1677 175
130 1629 235 1668 bitur
264 1630 304 1667 in
334 1630 411 1668 hoc
440 1628 601 1675 iudicio,
624 1628 772 1667 maiore
802 1641 923 1678 quam
952 1635 1077 1678 putas.
1138 1628 1261 1677 Quod
1290 1627 1394 1666 enim
1426 1636 1463 1667 te

130 1694 338 1733 liberatum
373 1694 451 1732 iam
486 1692 784 1732 existimationis
819 1700 939 1740 metu,
974 1693 1207 1732 defunctum
1247 1692 1463 1731 honoribus

129 1759 380 1809 designatum
412 1759 617 1797 consulem
647 1758 810 1808 cogites,
840 1757 936 1795 mihi
966 1758 1092 1803 crede,
1130 1764 1362 1795 ornamenta
1391 1757 1463 1796 ista
1484 1769 1522 1801 25

129 1831 167 1863 et
188 1824 382 1863 beneficia
412 1822 548 1873 populi
576 1822 751 1862 Romani
777 1835 858 1860 non
884 1822 1034 1861 minore
1062 1821 1221 1872 negotio
1247 1821 1463 1861 retinentur

128 1903 248 1939 quam
270 1896 557 1938 comparantur.
611 1887 720 1926 Tulit
742 1889 839 1926 haec
861 1886 1005 1939 civitas*
1017 1888 1151 1937 quoad
1171 1886 1309 1937 potuit,
1328 1888 1461 1937 quoad

128 1967 290 1993 necesse
311 1953 396 2001 fuit,
417 1952 563 2003 regiam
585 1952 699 1991 istam
723 1960 888 1991 vestram
910 1951 1225 1991 dominationem
1246 1951 1286 1989 in
1306 1951 1461 1990 iudiciis

127 2028 165 2059 et
193 2019 232 2057 in
260 2019 370 2058 omni
395 2032 435 2057 re
463 2018 632 2069 publica,
655 2017 743 2056 tulit
758 2031 768 2065 ;
796 2018 867 2056 sed
894 2030 974 2067 quo
1003 2016 1068 2056 die
1095 2018 1245 2068 populo
1275 2018 1460 2055 Romano

127 2084 273 2123 tribuni
301 2083 407 2134 plebi
435 2082 601 2122 restituti
630 2089 732 2130 sunt,
761 2081 896 2121 omnia
925 2081 998 2119 ista
1027 2081 1150 2128 vobis,
1182 2080 1213 2119 si
1238 2082 1335 2120 forte
1365 2093 1459 2119 non·
1480 2095 1520 2127 30

127 2150 224 2187 dum
263 2147 498 2198 intellegitis,
540 2148 728 2196 adempta
765 2153 885 2196 atque
923 2153 1056 2195 erepta
1095 2153 1198 2184 sunt.
1267 2144 1458 2186 Omnium

170 2253 191 2282 8
215 2252 331 2289 flagitii
350 2250 521 2290 RSpr:
546 2250 708 2289 flagitium
726 2250 742 2278 δ
903 2258 942 2288 19
966 2258 1087 2286 magno
1106 2258 1208 2287 opere
1222 2248 1316 2288 qu:
1343 2258 1457 2287 magn-

126 2305 231 2343 opere
249 2294 307 2368 Sll
383 2303 424 2334 25
450 2294 514 2325 ista
531 2297 733 2324 ornamenta
744 2297 790 2333 pq
891 2302 934 2331 30
957 2291 1048 2331 plebi
1065 2291 1129 2323 RS
1144 2303 1150 2321 z
1176 2293 1226 2322 H.
1244 2297 1269 2332 p
1286 2303 1291 2322 :
1318 2291 1426 2330 plebis
1443 2293 1459 2321 δ

127 2349 194 2369 non
212 2342 282 2369 inte
313 2361 319 2367 .
341 2349 362 2367 π
