1600 2704
85 845 124 867 10

85 1493 126 1514 20

84 1813 124 1846 25

146 143 414 182 ACTIONIS
444 143 504 180 IN
536 143 580 181 C.
602 142 844 179 VERREM
875 143 1175 181 SECVNDAE
1205 144 1310 181 LIB.
1332 144 1370 179 V
1416 143 1471 190 63
1494 148 1553 190 163

146 253 308 292 haberet
334 253 525 304 deligatus
553 253 594 290 in
622 253 708 290 foro
736 251 851 302 virgis
881 253 1137 291 caederetur?
1194 253 1335 302 Quid?
1381 266 1473 291 cum

145 316 255 366 ignes
302 319 563 367 ardentesque
601 316 770 355 laminae
809 316 1008 366 ceterique
1055 317 1250 356 cruciatus
1291 319 1474 356 admove—

146 381 299 430 bantur,
321 382 352 420 si
373 390 411 421 te
431 381 532 419 illius
552 382 694 420 acerba
720 380 945 431 imploratio
971 388 1010 419 et
1029 394 1105 419 vox
1132 381 1363 420 miserabilis
1393 395 1472 420 non

145 445 360 494 inhibebat,
381 459 431 485 ne
451 446 595 484 civium
616 445 778 496 quidem
810 447 1083 484 Romanorum
1105 443 1173 496 qui
1199 452 1282 484 tum
1312 447 1475 484 aderant

145 511 239 549 fletu
272 516 311 548 et
347 509 495 560 gemitu
535 509 707 548 maximo
744 510 1081 548 commovebare?
1149 511 1197 548 In
1237 522 1393 548 crucem
1432 516 1475 547 tu

143 587 256 623 agere
289 587 407 612 ausus
441 587 482 613 es
516 587 757 624 quemquam
797 573 863 623 qui
896 587 937 612 se
968 573 1094 613 civem
1128 575 1355 612 Romanum
1390 586 1476 611 esse

143 638 320 677 diceret?
377 639 499 677 Nolui
527 647 608 677 tam
637 640 892 677 vehementer
920 651 1034 688 agere
1054 640 1131 676 hoc
1151 638 1277 688 prima
1305 638 1474 685 actione,

143 702 304 750 iudices,
327 703 436 742 nolui
454 719 465 752 3
493 703 642 742 vidistis
663 703 769 741 enim
790 711 832 741 ut
852 703 973 741 animi
993 702 1257 742 multitudinis
1287 703 1326 740 in
1356 703 1474 741 istum

143 769 279 806 dolore
314 776 352 806 et
386 769 480 807 odio
512 777 549 806 et
580 768 803 807 communis
834 769 995 818 periculi
1031 775 1138 806 metu
1172 767 1472 806 concitarentur.

143 831 268 870 Statui
308 841 463 883 egomet
512 832 608 870 mihi
655 840 738 870 tum
785 833 950 871 modum
996 839 1034 871 et
1077 832 1245 870 orationi
1287 845 1398 871 meae
1437 838 1476 871 et

144 898 188 936 C.
216 897 453 946 Numitorio,
485 898 607 948 equiti
643 899 840 945 Romano,
873 897 1000 947 primo
1038 897 1201 944 homini,
1238 897 1327 936 testi
1360 910 1451 936 meo
1467 912 1477 944 3

143 969 181 1000 et
213 962 469 1000 Glabrionem
498 962 539 1001 id
569 963 679 1012 quod
713 961 1000 1011 sapientissime
1029 960 1121 1000 fecit
1155 963 1281 1000 facere
1310 963 1476 999 laetatus

144 1039 242 1073 sum,
265 1033 307 1064 ut
334 1033 494 1076 repente
521 1025 729 1064 consilium
757 1026 797 1063 in
828 1025 961 1063 medio
991 1024 1219 1063 testimonio
1249 1025 1474 1063 dimitteret.

145 1090 304 1128 Etenim
324 1091 529 1128 verebatur
549 1103 599 1128 ne
625 1091 795 1140 populus
817 1091 1024 1128 Romanus
1053 1090 1104 1128 ab
1134 1089 1209 1128 isto
1236 1102 1301 1128 eas
1327 1102 1476 1139 poenas

143 1155 180 1192 vi
209 1155 395 1205 repetisse
414 1155 620 1202 videretur,
644 1168 741 1205 quas
765 1154 909 1193 veritus
937 1162 1038 1192 esset
1068 1167 1119 1192 ne
1147 1153 1220 1192 iste
1249 1153 1401 1202 legibus
1431 1167 1476 1191 ac

143 1227 271 1257 vestro
291 1219 441 1258 iudicio
460 1232 540 1257 non
568 1226 670 1257 esset
699 1220 978 1269 persoluturus.
1039 1219 1158 1256 Nunc
1179 1217 1366 1268 quoniam
1398 1217 1475 1255 iam

143 1286 387 1334 exploratum
408 1291 466 1322 est
486 1283 672 1322 omnibus
693 1295 773 1332 quo
802 1284 891 1321 loco
919 1295 1037 1321 causa
1063 1290 1131 1321 tua
1160 1282 1208 1321 sit
1238 1290 1275 1321 et
1303 1282 1398 1332 quid
1427 1284 1477 1321 de

144 1350 385 1387 te'futurum
425 1348 484 1396 sit,
521 1348 576 1386 sic
614 1356 746 1386 tecum
789 1360 914 1397 agam.
976 1347 1146 1386 Gavium
1185 1347 1315 1394 istum,
1355 1359 1475 1396 quem

144 1413 393 1463 repentinum
426 1414 711 1462 speculatorem
746 1412 865 1450 fuisse
896 1411 1006 1458 dieis,
1037 1412 1245 1450 ostendam
1279 1410 1318 1448 in
1353 1412 1477 1448 lautu-

144 1478 242 1516 mias
277 1477 475 1526 Syracusis
513 1490 537 1514 a
574 1484 612 1514 te
644 1490 728 1514 esse
763 1476 999 1523 coniectum,
1030 1488 1160 1525 neque
1191 1475 1232 1514 id
1266 1477 1393 1514 solum
1429 1488 1476 1514 ex

143 1542 278 1581 litteris
299 1543 506 1580 ostendam
536 1543 880 1591 Syracusanorum,
902 1554 952 1579 ne
979 1540 1104 1590 possis
1132 1540 1263 1579 dicere
1287 1553 1362 1586 me,
1384 1539 1476 1589 quia

143 1607 190 1645 sit
224 1607 344 1657 aliqui
375 1606 414 1644 in
446 1605 582 1644 litteris
614 1605 773 1653 Gavius,
800 1607 877 1643 hoc
903 1606 1049 1655 fingere
1080 1612 1118 1643 et
1148 1604 1288 1654 eligere
1315 1617 1474 1651 nomen,

143 1679 186 1709 ut
211 1673 317 1709 hunc
347 1671 457 1709 illurn
482 1683 567 1709 esse
598 1669 747 1719 possim
777 1669 919 1716 dicere,
950 1670 1019 1708 sed
1048 1670 1100 1707 ad
1129 1668 1332 1707 arbitrium
1363 1676 1474 1707 tuum

144 1735 252 1774 testis
272 1736 378 1774 dabo
405 1734 473 1785 qui
498 1734 616 1773 istum
641 1734 769 1784 ipsum
801 1733 999 1783 Syracusis
1025 1734 1097 1772 abs
1125 1741 1164 1771 te
1192 1733 1233 1771 in
1266 1734 1475 1771 lautumias

145 1801 369 1839 coniectum
400 1813 485 1839 esse
514 1800 658 1839 dicant.
720 1801 942 1838 Producam
964 1798 1081 1837 etiam
1112 1799 1324 1837 Consanos
1352 1798 1477 1836 muni-

145 1864 252 1914 cipes
272 1863 375 1902 illius
395 1877 441 1902 ac
461 1864 714 1911 necessarios,
736 1864 804 1913 qui
825 1871 863 1902 te
884 1876 990 1901 nunc
1012 1875 1098 1901 sero
1119 1864 1300 1909 doceant,
1324 1862 1474 1900 iudices

143 1942 224 1968 non
246 1941 343 1975 sero,
365 1928 475 1966 illurn
498 1929 539 1965 P.
563 1927 733 1966 Gavium
754 1940 873 1977 quem
897 1934 939 1965 tu
969 1927 1010 1965 in
1037 1939 1194 1965 crucem
1216 1926 1327 1975 egisti
1348 1926 1473 1964 civem

144 1996 373 2033 Romanum
416 2001 454 2032 et
502 1992 743 2042 municipem
783 1993 1025 2039 Consanum,
1065 2004 1146 2030 non
1185 1992 1472 2042 speculatorem

142 2058 393 2109 fugitivorum
423 2057 554 2096 fuisse.

188 2172 207 2192 2
231 2162 459 2201 ardentesque
487 2159 605 2192 codd.:
639 2162 889 2201 candentesque
914 2160 1019 2198 Iord„
1050 2163 1229 2199 tamquam
1255 2169 1270 2190 e
1285 2170 1305 2199 q
1453 2171 1472 2197 4

144 2205 319 2236 inhibebat
335 2205 405 2235 ral.
425 2216 431 2235 t
456 2204 583 2234 iniebat
602 2205 636 2243 (b
652 2215 679 2235 s.
693 2205 764 2244 [Δρ
780 2216 786 2235 z
811 2204 958 2235 leniebat
973 2203 1049 2234 Gall.
1141 2213 1160 2242 5
1185 2204 1264 2233 fletu
1276 2202 1472 2242 gemituque

146 2248 223 2280 Gell.
395 2257 435 2279 10
459 2252 493 2278 et
512 2248 656 2278 orationi
675 2258 770 2278 meae
788 2249 830 2278 rrk
847 2259 852 2277 ;
879 2252 960 2278 orat.
982 2257 1076 2277 meae
1097 2247 1173 2279 (om.
1194 2246 1242 2283 et)
1262 2247 1278 2275 δ
1291 2244 1362 2277 edd.
1379 2257 1386 2276 :
1411 2243 1469 2275 del.

144 2291 270 2332 Eberh„
290 2290 381 2322 Nohl
523 2301 562 2321 12
587 2290 645 2322 Μ’.
665 2290 778 2322 Glabr.
797 2290 936 2321 Mueller
1088 2299 1125 2328 13
1151 2289 1289 2320 consilio
1306 2292 1335 2319 et
1349 2293 1471 2318 testem

143 2334 234 2366 codd.
250 2346 255 2365 :
273 2344 352 2366 corr.
372 2333 510 2365 Hotom.
657 2336 696 2365 16
720 2334 783 2364 iam
796 2339 821 2373 p
838 2345 843 2363 τ
869 2344 936 2364 om.
954 2333 1015 2372 qu
1148 2343 1189 2362 22
1214 2333 1320 2372 aliqp
1338 2343 1344 2362 ε
1369 2331 1470 2370 aliqui

142 2389 204 2418 qr:
229 2378 350 2417 aliquis
367 2377 436 2409 edd.
577 2387 616 2415 27
641 2381 675 2407 tu
691 2386 755 2407 om.
773 2377 832 2416 qu
964 2376 1005 2406 28
1030 2381 1061 2406 et
1073 2375 1138 2415 pk:
1165 2386 1230 2407 om.
1248 2386 1289 2414 qr

1500 1226 1560 1266 164
