1600 2704
141 142 183 181 71
206 136 265 177 167
568 130 624 167 M.
656 129 823 165 TVLLI
855 127 1160 166 CICERONIS

119 246 178 289 167
255 241 482 280 Admiratur
520 250 557 279 et
597 247 795 290 exspectat
834 240 1022 289 quidnam
1063 239 1219 276 Vettius
1252 239 1428 277 dicturus
1467 238 1525 276 sit.

201 305 311 343 Nihil
344 306 450 344 dicet
479 319 526 344 ex
555 313 742 354 tempore,
765 303 862 341 nihil
892 317 938 342 ex
963 316 1032 341 sua
1055 304 1268 349 voluntate,
1298 302 1407 349 nihil,
1437 316 1527 340 cum

200 370 389 408 utrumvis
423 370 580 408 licuisse
610 369 797 407 videatur.
862 368 969 406 Misit
1001 368 1040 405 in
1082 367 1253 405 Siciliam
1293 367 1438 405 litteras
1476 368 1527 405 ad

199 436 484 486 Carpinatium.
514 449 604 473 cum
648 442 749 472 esset
780 433 960 483 magister
997 433 1211 483 scripturae
1240 440 1279 471 et
1308 446 1375 470 sex
1405 431 1529 481 publi-

198 514 346 546 corum,
370 514 466 549 quas
496 514 569 549 ego
603 498 801 548 Syracusis
822 499 928 548 apud
950 497 1219 547 Carpinatium
1250 496 1289 535 in
1314 497 1529 535 litterarum
1549 511 1567 542 5

198 566 415 603 adlatarum
465 564 583 604 libris,
636 566 790 601 Romae
837 563 876 601 in
924 563 1137 601 litterarum
1176 562 1382 600 missarum
1421 562 1528 612 apud

200 630 425 678 magistrum
467 630 509 666 L.
552 628 737 675 Tullium,
773 628 1001 666 familiarem
1036 635 1160 674 tuum,
1192 627 1356 675 inveni3
1385 627 1528 677 quibus

199 708 245 731 ex
292 693 426 731 litteris
466 692 753 742 impudentiam
792 692 1052 739 faeneratoris,
1093 706 1252 742 quaeso,
1289 691 1526 742 cognoscite.

201 761 415 796 LITTERAE
445 770 593 795 Missxss
621 759 661 795 P.
689 760 830 804 VETTI,
854 760 894 794 l'.
919 759 1100 803 SERVILI,
1128 758 1172 796 C.
1206 759 1382 795 ANTlsT1
1410 769 1530 794 MAG1-

200 835 408 861 STRORVM.
470 825 630 860 Praesto
660 836 700 860 se
722 822 792 860 tibi
821 822 874 860 ait
903 823 1077 859 futurum
1106 821 1262 860 Vettius
1286 828 1325 860 et
1352 821 1529 860 observa-
1553 837 1589 858 10

199 896 328 926 turum
353 901 470 937 quem
501 889 552 925 ad
581 888 745 925 modum
766 886 935 924 rationes
962 887 1013 924 ad
1033 886 1224 925 aerarium
1245 887 1399 933 referas,
1422 893 1475 932 ut,
1499 886 1526 923 si

200 954 301 991 hanc
336 966 382 990 ex
413 954 573 990 faenore
603 951 812 1002 pecuniam
843 953 994 1001 populo
1028 965 1108 989 non
1148 950 1350 998 rettuleris,
1388 952 1528 989 reddas

118 1023 178 1055 168
198 1016 385 1055 societati.
448 1019 661 1054 Possumus
692 1017 767 1053 hoc
799 1024 907 1061 teste,
940 1029 1149 1066 possumus
1177 1018 1219 1054 P.
1249 1015 1385 1054 Servili
1414 1023 1453 1054 et
1483 1017 1525 1056 C.

199 1081 345 1119 Antisti
384 1081 655 1131 magistrorum
705 1080 851 1127 litteris,
892 1080 1107 1129 primorum
1155 1080 1362 1119 hominum
1409 1088 1529 1130 atque

198 1145 576 1191 honestissimorum,
600 1158 810 1195 possumus
842 1144 1074 1183 auctoritate
1101 1145 1308 1191 societatis,
1331 1145 1442 1184 cuius
1472 1146 1528 1183 lit·-
1551 1160 1587 1192 15

198 1210 287 1249 teris
317 1211 475 1258 utimur,
496 1211 604 1260 quod
634 1210 802 1249 dicimus
822 1210 1013 1255 obtinere.
1034 1224 1083 1248 an
1115 1210 1245 1260 aliqua
1266 1210 1435 1249 firmiora
1460 1220 1527 1249 aut

129 1285 178 1324 72
197 1275 371 1325 graviora
387 1277 611 1325 quaerenda
632 1278 751 1313 sunt?
789 1275 956 1321 VettiuS,
975 1283 1064 1313 tuus
1085 1275 1419 1323 familiarissimus,
1435 1278 1526 1314 Vet-

198 1340 288 1386 tius,
307 1349 396 1378 tuus
424 1340 577 1386 adfinis,
601 1340 712 1378 cuius
740 1353 913 1378 sororem
941 1340 1063 1378 habes
1090 1340 1130 1377 in
1151 1340 1412 1387 matrimonio,
1435 1348 1525 1379 tuae

197 1407 311 1443 frater
342 1404 481 1450 uxoris,
513 1405 682 1451 Vettius,
712 1406 826 1443 frater
854 1404 909 1442 tui
941 1405 1168 1454 quaestoris,
1199 1413 1361 1443 testatur
1390 1405 1525 1445 litteris

197 1469 583 1519 impudentissimum
612 1477 724 1507 tuum
746 1470 891 1507 furtum
912 1469 1252 1519 certissimumque
1276 1471 1501 1519 peculatum
1518 1485 1528 1517 3
1548 1485 1587 1506 20

197 1548 288 1572 nam
329 1547 408 1583 quo
442 1533 519 1572 alio
559 1533 720 1572 nomine
759 1533 950 1583 pecuniae
990 1533 1171 1583 publicae
1219 1534 1432 1572 faeneratio
1471 1542 1528 1573 est

196 1601 464 1649 appellanda?
506 1600 666 1636 REciTA
688 1610 880 1642 RELIQVA.
923 1597 1099 1636 Scribam
1117 1606 1227 1636 tuum
1249 1598 1359 1645 dicit,
1374 1601 1526 1645 Verres,

198 1664 312 1701 huius
334 1663 633 1713 perscriptorem
647 1661 923 1700 faenerationis
945 1662 1087 1701 fuisse:
1117 1663 1152 1700 ei
1174 1676 1335 1713 quoque
1356 1663 1526 1713 magistri

199 1728 396 1765 minantur
416 1727 456 1764 in
477 1727 624 1773 litteris,
640 1735 678 1765 et
699 1740 792 1765 casu
809 1727 959 1765 scribae
980 1735 1062 1764 tum
1085 1728 1166 1765 duo
1187 1728 1357 1778 magistri
1372 1730 1528 1766 fuerunt

198 1806 288 1830 cum
313 1792 457 1830 Vettio.
528 1792 648 1830 Binas
678 1792 914 1830 centesimas
944 1793 994 1830 ab
1024 1806 1109 1830 sese
1138 1792 1288 1831 ablatas
1321 1794 1526 1831 ferendum
1550 1803 1599 1840 251

199 1872 277 1895 non
299 1865 449 1907 putant,
473 1865 511 1895 et
532 1865 636 1896 recte
657 1871 737 1895 non
758 1865 909 1907 putant.
980 1858 1080 1906 Quis
1101 1858 1206 1896 enim
1238 1859 1314 1896 hoc
1335 1858 1427 1896 fecit
1448 1872 1529 1896 um-

198 1936 327 1972 quam,
351 1922 438 1972 quis
460 1923 632 1972 denique
653 1930 818 1961 conatus
839 1930 896 1961 est
927 1924 1053 1961 facere
1084 1931 1151 1961 aut
1180 1936 1296 1973 posse
1326 1923 1407 1962 fieri
1429 1923 1530 1974 cogi-

241 2036 260 2063 3
284 2026 413 2056 litteras
432 2027 464 2056 in
483 2026 549 2057 Sic.
571 2026 602 2055 O
720 2028 742 2057 6
765 2026 950 2057 adlatarum
969 2051 975 2057 .
999 2051 1006 2058 .
1029 2051 1035 2057 .
1053 2027 1240 2058 litterarum
1257 2038 1321 2058 om.
1342 2027 1389 2058 cO
1509 2028 1529 2057 8

198 2070 460 2100 faenerationis?
612 2080 651 2100 10
674 2070 720 2100 ait
736 2080 774 2100 se
791 2070 850 2100 tibi
871 2070 900 2100 O
1054 2080 1089 2100 12
1113 2071 1290 2110 pecuniam
1309 2072 1433 2111 populo
1452 2071 1505 2111 Op
1522 2081 1528 2101 t

199 2123 275 2152 pop.
296 2123 367 2152 pec.
389 2113 432 2143 al.
563 2123 600 2151 14
626 2113 747 2143 litteris
765 2113 812 2143 cO
832 2125 838 2143 :
863 2124 927 2145 om.
943 2119 968 2153 j)
985 2113 1051 2145 rell.
1181 2124 1218 2153 19
1243 2115 1358 2145 uxoris
1374 2115 1479 2146 frater
1497 2114 1527 2145 O

200 2160 340 2186 testatur
356 2156 478 2187 litteris
495 2156 542 2186 cO
559 2168 564 2186 ε
590 2167 654 2188 om.
672 2162 696 2196 p
715 2156 778 2187 rell.
866 2167 907 2187 20
933 2157 1057 2196 impud.
1081 2163 1173 2187 tuum
1187 2158 1266 2197 pO:
1291 2163 1384 2188 tuum
1403 2159 1527 2198 impud.

199 2199 240 2229 al.
376 2210 417 2229 22
442 2199 562 2230 Recita
587 2200 736 2239 reliqua:
773 2200 848 2230 hacc
869 2201 962 2230 verba
986 2201 1080 2230 habel
1101 2201 1134 2231 in
1158 2200 1278 2231 lacuna
1297 2206 1331 2241 p,
1359 2201 1400 2231 ab
1414 2201 1528 2232 eadem

200 2242 316 2280 scripta
340 2253 444 2272 mmm
468 2253 535 2281 qua
559 2243 652 2273 verba
679 2244 800 2274 Recita
824 2243 1052 2274 testimonium
1079 2244 1245 2283 publicum
1269 2245 1301 2283 (ξ
1320 2247 1362 2283 83
1386 2249 1527 2285 supraj:

200 2296 263 2315 0111.
285 2285 352 2316 edd.
377 2296 447 2316 νεα.
585 2296 624 2325 25
649 2296 727 2317 sese
746 2286 776 2315 ί)
793 2298 799 2316 :
823 2297 858 2316 sc
878 2287 943 2318 rell.
1096 2289 1138 2317 26
1163 2292 1195 2317 et
1214 2293 1303 2318 recte
1320 2298 1389 2319 non
1409 2292 1527 2327 putant

200 2338 264 2358 om.
300 2328 337 2359 O.
367 2328 472 2368 suppl.
504 2329 555 2360 sl.
579 2331 612 2368 [³²³
746 2340 785 2368 27
811 2340 910 2369 posse
945 2331 1015 2360 fieri
1050 2331 1097 2370 Vp
1126 2331 1214 2362 welk:
1250 2331 1323 2361 fieri
1350 2340 1453 2370 posse
1483 2332 1527 2371 (v,

202 2373 216 2407 ξ
242 2373 309 2401 ῐ26
