1600 2704
99 92 123 128 3

97 634 123 669 4

104 684 122 713 8

109 1511 129 1542 9

97 2098 136 2118 :10

145 96 160 128 7
510 82 566 119 M.
598 80 767 118 TVLLI
799 77 1106 119 CICERONIS

142 191 348 230 cuiusdam
378 190 508 237 fuisse,
539 202 629 229 eum
660 188 790 228 vocari
821 189 873 227 ad
903 201 943 227 se
973 186 1131 225 iussisse
1146 200 1157 234 3
1194 187 1304 224 illurn
1330 186 1474 236 cupide

141 258 192 296 ad
213 264 433 307 praetorem
453 255 563 306 quasi
584 256 634 294 ad
656 255 814 293 laudem
843 261 963 303 atque
983 253 1034 291 ad
1055 250 1272 302 praemium
1293 263 1475 288 accucur-

142 321 236 360 risse
253 336 263 369 3
294 320 493 371 quaesisse
517 319 738 358 Domitium
756 318 822 368 qui
843 326 993 356 tantam
1010 316 1177 356 bestiam
1193 315 1450 366 percussisset
1465 329 1475 362 3

142 387 252 425 illurn
279 385 541 436 respondisse,
564 385 760 423 venabulo
775 398 785 431 3
815 383 946 422 statim
975 382 1122 422 deinde
1151 381 1258 420 iussu
1287 380 1474 431 praetoris

143 452 182 490 in
215 465 372 491 crucem
405 464 490 490 esse
523 451 733 488 sublatum.
794 451 950 487 Durum
982 450 1059 487 hoc
1091 449 1254 486 fortasse
1285 445 1474 492 videatur,
1496 463 1514 495 5

142 530 273 568 neque
313 529 385 566 ego
424 517 544 554 ullam
583 515 623 553 in
662 522 812 565 partem
852 514 1038 564 disputo:
1087 520 1240 551 tanturn
1279 511 1475 561 intellego,
1565 537 1568 555 ,

145 582 328 620 maluisse
352 580 573 619 Domitium
603 581 805 618 crudelem
834 578 874 617 in
903 579 1257 618 animadvertendo
1287 590 1407 627 quam
1437 576 1477 614 in
1564 579 1569 608 1

144 646 493 698 praetermittendo
514 645 749 684 dissolutum
771 643 904 683 videri.
965 644 1070 693 Ergo
1096 644 1157 682 his
1186 642 1373 681 institutis
1394 655 1479 692 pro·
1565 635 1569 666 ᾗ

144 711 296 750 vinciae
326 710 404 748 iam
434 718 530 756 tum,
563 722 653 748 curn
685 709 789 747 bello
820 709 1017 747 sociorum
1051 715 1134 747 tota
1167 707 1281 746 Italia
1311 709 1475 753 arderet,
1565 704 1569 770 ξ

144 778 266 815 homo
282 789 362 814 non
380 774 590 814 acerrimus
607 787 680 813 nec
697 773 941 821 fortissimus,
961 774 1004 813 C.
1025 773 1249 819 Norbanus,
1265 772 1305 810 in
1322 785 1478 811 summo
1500 789 1538 811 10
1565 780 1569 821 j

144 841 226 879 otio
255 840 353 880 fuit:
386 839 570 890 perfacile
599 838 704 878 enim
735 851 820 877 sese
851 837 981 877 Sicilia
1015 837 1092 876 iam
1127 839 1320 885 tuebatur,
1355 845 1397 876 ut
1429 851 1480 877 ne
1565 824 1569 879 l

1566 905 1569 924 l

1565 929 1570 945 ι

144 907 253 956 quod
286 919 332 944 ex
363 905 448 956 ipsa
479 905 626 944 bellum
656 911 790 954 posset
820 904 1015 942 exsistere.
1073 903 1232 943 Etenim
1261 916 1352 942 curn
1383 904 1480 942 nihil

146 979 225 1009 tam
256 970 513 1010 coniunctum
543 969 591 1008 sit
622 982 740 1019 quarn
771 968 1033 1019 negotiatores
1061 969 1183 1008 nostri
1218 982 1309 1008 cum
1340 969 1480 1008 Siculis

146 1050 230 1083 usu,
262 1049 312 1082 re,
335 1035 496 1083 ratione,
519 1034 742 1081 concordia,
774 1042 812 1073 et
843 1047 935 1073 cum
968 1033 1042 1084 ipsi
1071 1033 1190 1073 Siculi
1219 1047 1278 1073 res
1309 1047 1397 1073 suas
1427 1035 1480 1074 ita

146 1101 379 1140 constitutas
409 1102 581 1139 habeant
611 1108 653 1138 ut
682 1099 727 1138 iis
758 1113 896 1150 pacem
929 1099 1112 1150 expediat
1139 1113 1235 1147 esse,
1270 1099 1477 1150 imperium
1500 1116 1537 1148 15
1590 1109 1600 1139 «ὲ

144 1175 278 1205 autem
308 1165 445 1217 populi
476 1164 648 1204 Romani
678 1164 732 1203 sic
762 1164 925 1215 diligant
952 1172 995 1203 ut
1022 1164 1063 1203 id
1083 1164 1263 1203 imminui
1288 1173 1355 1203 aut
1376 1178 1481 1204 com-

148 1231 288 1270 mutari
305 1230 468 1269 minime
484 1230 614 1277 velint,
634 1242 805 1280 cumque
826 1230 923 1268 haec
937 1242 959 1267 a
975 1242 1174 1267 servorum
1189 1229 1294 1267 bello
1310 1230 1483 1279 pericula
1565 1207 1570 1286 ἱ

147 1306 185 1336 et
207 1304 431 1347 praetorum
453 1294 638 1334 institutis
661 1303 699 1333 et
720 1294 973 1333 dominorum
988 1293 1197 1344 disciplina
1217 1293 1372 1344 provisa
1393 1294 1480 1341 sint,
1566 1334 1569 1350 Ι

148 1364 300 1400 nullum
323 1369 381 1400 est
402 1362 550 1399 malum
571 1359 835 1399 domesticum
853 1360 961 1410 quod
983 1371 1029 1398 ex
1049 1358 1133 1409 ipsa
1153 1358 1354 1410 provincia
1375 1359 1483 1399 nasci
1566 1338 1579 1423 {i

149 1428 284 1479 possit.
1505 1437 1541 1460 20
1566 1425 1579 1471 3:

205 1492 315 1539 Quid
353 1492 497 1543 igitur?
540 1490 688 1530 nulline
729 1497 859 1528 motus
892 1489 932 1528 in
967 1488 1098 1528 Sicilia
1129 1501 1328 1529 servorum
1363 1492 1484 1530 Verre
1566 1483 1570 1531 l

150 1565 340 1608 praetore,
364 1559 547 1596 nullaene
568 1554 851 1595 consensiones
872 1556 996 1593 factae
1018 1567 1103 1594 esse
1123 1554 1336 1594 dicuntur?
1375 1556 1485 1594 Nihil
1567 1551 1570 1603 1

149 1637 243 1662 sane
265 1624 373 1673 quod
403 1624 454 1661 ad
485 1629 664 1660 senatum
694 1622 968 1671 populumque
998 1621 1228 1659 Romanum
1254 1620 1482 1671 pervenerit,
1567 1622 1578 1656 l

150 1689 247 1726 nihil
264 1688 373 1738 quod
394 1687 465 1726 iste
482 1686 639 1737 publice
657 1687 828 1723 Romam
846 1685 1039 1736 scripserit
1054 1699 1065 1732 ,-
1093 1692 1132 1723 et
1152 1692 1284 1724 tamen
1298 1694 1484 1736 coeptum

149 1766 236 1791 esse
257 1752 296 1790 in
319 1752 449 1791 Sicilia
479 1751 626 1790 moveri
655 1750 804 1801 aliquot
833 1750 930 1788 locis
959 1749 1158 1788 servitium
1188 1750 1373 1800 suspicor.
1435 1752 1484 1790 Id
1504 1765 1542 1797 ²5
1567 1766 1600 1802 l²i

150 1820 253 1858 adeo
283 1832 364 1857 non
393 1826 473 1856 tam
503 1830 550 1856 ex
578 1830 618 1856 re
647 1829 767 1867 quam
796 1829 844 1855 ex
867 1815 977 1854 istius
1007 1814 1118 1853 factis
1147 1814 1393 1865 decretisque
1423 1829 1485 1855 co·
1568 1808 1570 1814 ζ

149 1897 311 1935 gnosco.
371 1885 431 1922 Ac
453 1882 583 1921 videte
604 1895 723 1933 quarn
745 1895 826 1920 non
856 1880 1018 1919 inimico
1047 1879 1181 1918 animo
1211 1879 1283 1918 sim
1304 1888 1483 1919 acturus:

151 1964 226 2001 ego
263 1950 346 2000 ipse
385 1950 483 1987 haec
517 1963 618 2000 quae
650 1949 714 1987 ille
753 1947 915 1997 quaerit,
957 1959 1057 1997 quae
1095 1946 1227 1985 adhuc
1265 1958 1484 1996 numquam

153 2016 328 2063 audistis,
361 2016 684 2056 commemorabo
713 2021 752 2053 et
780 2014 985 2064 proferam.
1566 2027 1578 2053 ᾗ·

210 2084 258 2120 In
288 2081 524 2127 Triocalino,
557 2093 675 2131 quem
704 2081 837 2118 locum
867 2076 1017 2127 fugitivi
1041 2075 1118 2115 iam
1142 2082 1234 2115 ante
1263 2082 1483 2122 tenuerunt,
1502 2083 1541 2116 30
1566 2083 1570 2125 ζ
1592 2088 1600 2117 3

204 2196 240 2225 15
266 2191 301 2216 ut
321 2186 359 2216 iis
377 2185 445 2216 cdd.
465 2196 471 2215 ε
507 2184 554 2215 uti
573 2184 600 2214 is
618 2182 662 2223 R,
681 2183 727 2214 uti
753 2183 807 2213 his
822 2180 861 2221 S,
880 2187 915 2212 ut
931 2182 984 2212 his
1001 2181 1017 2211 δ
1170 2190 1206 2219 17
1232 2180 1272 2212 ab
1286 2181 1302 2210 δ
1445 2188 1485 2218 27

157 2229 205 2259 Ac
220 2235 244 2268 p
262 2241 268 2259 :
293 2231 334 2259 ad
354 2234 404 2268 pr.
426 2227 468 2267 R,
489 2227 560 2259 dein
581 2238 657 2258 ιονν.
677 2226 736 2264 At,
754 2230 782 2256 ct
805 2227 849 2256 sic
867 2224 961 2256 §Dis
982 2224 1040 2265 (iv,
1060 2227 1075 2263 ξ
1094 2223 1168 2265 151)
1303 2233 1345 2263 30
1368 2229 1484 2254 tenue·
1567 2231 1570 2248 ¹

159 2278 231 2302 rant
250 2271 384 2303 Ernesti

1566 2447 1570 2457 ι

1566 2513 1570 2535 1

1567 2541 1569 2548 ι

1476 2595 1592 2704 Δ

1564 2626 1571 2648 a*

1563 2655 1566 2663 v
