1600 2704
332 99 392 136 IN
423 100 469 139 C.
500 101 742 141 VERREM
772 105 947 146 ACTIO
978 109 1161 149 PRIMA
1390 125 1415 161 4
1440 132 1474 153 12

83 206 414 258 publicorumque
457 224 621 261 operum
669 215 939 265 depopulatio,
986 218 1102 257 simul
1150 220 1189 259 in
1238 223 1318 262 iure
1362 226 1416 264 di·
1434 217 1481 242 ⁵³

82 272 215 310 cundo
241 272 438 312 bonorum
465 277 841 330 possessionumque
870 290 1006 321 contra
1033 285 1212 324 omnium
1238 287 1414 329 instituta

79 334 255 374 addictio
275 345 313 375 et
333 340 587 379 condonatio.
640 344 725 381 Iam
743 357 835 383 vero
852 347 1031 386 omnium
1048 349 1231 389 vitiorum
1252 366 1412 393 suorum

78 399 245 449 plurima
265 409 303 439 et
324 404 493 442 maxima
513 406 717 446 constituit
745 420 1005 450 monumenta
1033 421 1071 452 et
1097 414 1244 455 indicia
1267 417 1307 455 in
1328 432 1412 468 pro-

39 478 57 509 5
77 462 205 502 vincia
231 465 372 514 Sicilia,
401 481 520 518 quarn
551 470 624 509 iste
653 485 723 522 per
754 474 966 514 triennium
997 477 1049 515 ita
1075 481 1228 519 vexavit
1256 495 1302 521 ac
1329 497 1410 533 per-

75 527 176 566 didit
206 536 248 567 ut
269 543 314 568 ea
344 532 492 571 restitui
518 534 558 572 in
585 536 793 587 antiquum
824 547 969 579 statum
995 544 1104 582 nullo
1126 546 1247 584 modo
1271 549 1405 597 possit,

73 591 136 630 vix
159 601 292 633 autem
316 608 385 645 per
405 600 549 638 multos
576 613 702 640 annos
731 602 1033 657 innocentisque
1057 617 1254 658 praetores
1276 612 1407 663 aliqua

72 669 119 694 ex
144 666 254 707 parte
278 662 439 700 recreari
466 663 683 714 aliquando
710 680 828 717 posse
854 669 1045 710 videatur.
1104 675 1198 713 Hoc
1227 686 1405 726 praetore
1428 693 1466 724 13

71 720 190 760 Siculi
229 737 359 774 neque
397 740 486 765 suas
525 730 630 780 leges
670 745 801 782 neque
843 743 975 774 nostra
1020 746 1178 777 senatus
1224 744 1404 782 consulta

12 797 51 819 10
70 799 199 836 neque
231 792 459 830 communia
494 793 576 832 iura
615 803 850 837 tenuerunt:
893 807 1046 840 tantum
1081 804 1249 854 quisque
1283 808 1402 847 habet

67 849 107 887 in
133 850 263 891 Sicilia
284 863 476 904 quantum
499 858 670 898 hominis
696 862 911 902 avarissimi
937 873 974 903 et
1002 866 1314 909 libidinosissimi
1334 882 1400 911 aut

65 913 371 966 imprudentiam
394 921 626 974 subterfugit
649 933 717 964 aut
745 927 913 967 satietati
939 932 1138 980 superfuit.
1200 936 1319 974 Nulla
1340 951 1399 976 res
1419 948 1443 986 5

63 992 132 1029 per
161 981 373 1022 triennium
406 986 480 1024 nisi
509 989 560 1026 ad
590 997 730 1028 nutum
761 991 872 1031 istius
902 994 1073 1034 iudicata
1100 1005 1169 1045 est,
1202 1002 1308 1039 nulla
1339 1016 1397 1041 res

62 1052 143 1084 tam
181 1049 305 1098 patria
343 1051 576 1102 cuiusquam
610 1062 730 1105 atque
764 1057 866 1096 avita
901 1059 971 1097 fuit
1007 1074 1109 1111 quae
1148 1077 1228 1102 non
1263 1066 1313 1104 ab
1348 1081 1396 1106 eo

4 1123 40 1156 15
61 1109 227 1161 imperio
261 1114 371 1153 istius
405 1116 704 1158 abiudicaretur.
772 1123 1086 1165 Innumerabiles
1121 1130 1313 1178 pecuniae
1348 1146 1395 1170 ex

58 1184 255 1217 aratorum
294 1179 408 1219 bonis
447 1195 552 1221 novo
591 1185 820 1237 nefarioque
865 1188 1044 1230 instituto
1083 1202 1255 1242 coactae,
1297 1198 1391 1236 socii

58 1242 275 1282 fidelissimi
315 1244 355 1283 in
394 1246 567 1286 hostium
608 1263 773 1291 numero
812 1254 1031 1304 existimati,
1073 1257 1178 1297 cives
1218 1262 1391 1300 Romani

55 1307 233 1347 servilem
256 1308 295 1347 in
317 1312 481 1350 modum
503 1314 663 1354 cruciati
685 1325 723 1355 et
749 1320 891 1366 necati,
912 1321 1094 1361 homines
1120 1326 1390 1366 nocentissimi

56 1379 214 1422 propter
244 1376 432 1424 pecunias
468 1377 615 1418 iudicio
650 1381 811 1430 liberati,
846 1385 1113 1426 honestissimi
1145 1398 1265 1440 atque
1294 1391 1389 1431 inte-

0 1446 38 1469 20
54 1436 209 1485 gerrimi
237 1439 422 1479 absentes
454 1443 508 1481 rei
541 1445 631 1483 facti
662 1446 810 1487 indicta
841 1462 959 1490 causa
990 1454 1166 1492 damnati
1194 1463 1231 1494 et
1259 1456 1384 1504 eiecti,

51 1508 188 1549 portus
226 1505 490 1554 munitissimi,
528 1510 722 1551 maximae
761 1514 1059 1568 tutissimaeque
1098 1520 1213 1559 urbes
1252 1522 1385 1572 piratis

49 1567 396 1620 praedonibusque
435 1575 663 1623 patefactae,
704 1587 848 1619 nautae
887 1582 1109 1634 militesque
1149 1586 1380 1635 Siculorum,

49 1630 145 1668 socii
168 1633 291 1671 nostri
315 1642 434 1686 atque
457 1638 585 1686 amici,
610 1641 713 1681 fame
742 1645 881 1692 necati,
905 1648 1048 1687 classes
1070 1649 1243 1700 optimae
1264 1660 1382 1702 atque

47 1697 404 1744 opportunissimae
442 1714 533 1740 cum
577 1717 718 1756 magna
766 1708 982 1759 ignominia
1030 1714 1166 1764 populi
1207 1717 1379 1756 Romani

0 1769 26 1801 25
46 1759 212 1800 amissae
242 1770 280 1801 et
306 1764 492 1814 perditae.
554 1769 668 1809 Idem
700 1771 772 1812 iste
806 1783 962 1824 praetor
993 1788 1252 1819 monumenta
1282 1783 1379 1821 anti·
1402 1800 1438 1833 14

44 1823 232 1873 quissima
263 1829 403 1878 partim
435 1845 571 1883 regum
603 1836 1014 1889 locupletissimorum,
1048 1857 1149 1894 quae
1181 1845 1235 1884 illi
1267 1860 1375 1886 orna-

42 1897 178 1929 mento
216 1892 379 1932 urbibus
418 1909 504 1935 esse
542 1901 761 1950 voluerunt,
802 1906 943 1954 partim
987 1908 1104 1947 etiam
1150 1919 1372 1952 nostrorum

39 1951 332 2004 imperatorum,
355 1971 456 2008 quae
476 1961 642 2003 victores
663 1966 887 2008 civitatibus
915 1971 1055 2011 Siculis
1083 1982 1150 2012 aut
1177 1976 1371 2016 dederunt

37 2025 105 2056 aut
134 2020 402 2069 reddiderunt,
432 2026 613 2074 spoliavit
643 2032 886 2083 nudavitque
916 2037 1059 2075 omnia.
1120 2040 1263 2090 Neque
1293 2043 1369 2082 hoc

0 2083 164 2121 osolum
199 2083 239 2122 in
273 2087 410 2126 statuis
445 2093 768 2144 ornamentisque
801 2099 970 2147 publicis
1005 2101 1107 2149 feeit,
1144 2106 1214 2143 sed
1248 2105 1366 2146 etiam

79 2196 94 2216 1
121 2187 334 2227 depeculatio
350 2190 470 2222 Lamb.
487 2192 556 2225 edd.
624 2207 643 2235 4
668 2198 876 2232 monimenta
893 2203 981 2235 codd.
990 2205 1069 2245 pler.
1089 2207 1133 2247 (p
1149 2207 1261 2240 etDiv.
1279 2212 1294 2248 ξ
1310 2216 1361 2250 14‘1

36 2237 75 2267 14
98 2233 164 2261 tam
189 2232 302 2271 patria
326 2234 522 2275 cuiusquam
543 2236 579 2267 D
594 2239 637 2270 al.
652 2245 687 2280 p,
715 2242 771 2272 sed
791 2245 975 2287 inseruitp²
992 2249 1189 2290 cuiusquam
1205 2263 1230 2284 s.
1252 2254 1271 2284 Ι.
1289 2260 1365 2285 aufe

30 2275 119 2346 33:
145 2274 348 2351 cuiusquam}1
364 2281 566 2353 taGpratria
592 2282 787 2324 cuiusquam
809 2298 850 2318 r:
884 2290 1078 2331 cuiusquam
1105 2300 1172 2325 tam
1201 2298 1309 2336 patria
1326 2309 1359 2338 qs

91 2338 100 2346 .
194 2328 232 2357 19
255 2329 274 2350 a
292 2331 325 2350 iu
353 2343 360 2350 .
411 2344 422 2360 2
