1600 2704
58 95 327 135 ACTIONIS
348 95 410 133 IN
431 94 476 134 C.
499 94 742 132 VERREM
763 93 1062 132 SECVNDAE
1084 95 1187 132 LIB.
1213 95 1272 131 IV
1333 93 1390 140 64
1412 107 1474 140 ¹44

58 207 246 258 scriptum
276 218 361 245 esse
390 205 466 244 ita:
497 216 609 250 QVOD
640 215 675 242 Is
696 215 836 241 VIRGIS
866 215 1068 241 NEMINEM
1098 215 1389 242 CECIDISSET—

56 287 79 311 a
99 285 179 322 quo
201 270 400 322 cognostis
422 268 689 308 nobilissimos
705 267 887 306 homines
908 275 1027 318 atque
1043 267 1388 306 innocentissimos

57 336 182 376 securi
217 349 303 375 esse
332 347 538 386 percussos
554 349 565 382 3
595 345 707 379 QVOD
738 344 995 371 VIGILANTER
1026 343 1288 371 PRoleclAM
1319 344 1389 370 AD-

57 398 551 440 MINISTRASSET—cuius
599 397 729 437 omnis
768 396 917 447 vigilias
966 396 1005 435 in
1052 396 1195 447 stupris
1234 404 1388 434 constat

17 481 34 512 5
55 466 336 516 adulteriisque
370 478 455 504 esse
488 470 772 514 consumptas;
815 460 944 515 [cuius
973 461 1082 501 modi
1111 468 1277 508 constat,
1310 462 1387 499 hoc

55 544 148 570 vero
177 530 365 580 scriptum
395 542 490 577 esse,
513 529 623 579 quod
653 529 823 578 proferre
853 540 934 566 non
963 528 1125 566 auderet
1154 540 1253 573 reus,
1276 539 1388 564 accu-

55 604 160 634 sator
172 595 333 634 recitare
349 591 562 646 desineret]
578 605 690 638 QVOD
714 604 961 631 PRAEDONES
984 604 1144 631 PROCVL
1165 604 1216 629 AB
1239 604 1387 630 INSVLA

55 661 211 699 SICILIA
252 670 550 698 PRofflBvlssm
582 655 950 711 [VERREs]—quos
988 657 1105 697 etiam
1145 657 1245 695 intra
1279 658 1387 707 Syra-

54 738 241 764 cusanam
262 724 430 763 insulam
451 722 670 774 recepisset.
1424 756 1452 794 6

0 808 34 831 ιο
108 790 221 828 Haec
256 797 514 840 posteaquam
545 801 592 826 ex
623 788 697 826 illis
728 788 906 839 cognovi,
942 788 1104 828 discessi
1142 801 1233 827 cum
1271 756 1421 826 fratre(
1455 757 1495 805 5)

53 868 76 894 e
104 854 221 902 curia,
253 862 296 893 ut
325 853 441 892 nobis
469 853 710 901 absentibus,
743 853 774 891 si
804 854 900 903 quid
929 855 1083 900 vellent,
1116 854 1386 892 decernerent.

54 921 284 958 Decernunt
313 918 444 957 statim
473 917 642 968 primum
673 926 714 956 ut
744 932 834 956 cum
865 919 990 957 Lucio
1022 920 1137 957 fratre
1170 918 1385 968 hospitium
1405 921 1459 968 65

53 984 212 1035 publice
233 985 352 1030 fieret,
375 983 484 1033 quod
505 982 536 1021 is
557 984 725 1022 eandem
746 984 989 1021 voluntatem
1012 996 1101 1033 erga
1121 984 1386 1032 Syracusanos

53 1049 290 1099 suscepisset
323 1061 443 1098 quam
476 1061 549 1098 ego
583 1061 738 1097 semper
769 1047 1006 1086 habuissem.
1068 1048 1116 1086 Id
1148 1061 1228 1086 non
1264 1049 1386 1086 modo

0 1129 31 1162 ¹5
54 1123 137 1153 tum
166 1114 414 1164 scripserunt,
438 1126 572 1151 verum
603 1112 721 1151 etiam
751 1112 791 1150 in
811 1126 899 1151 aere
928 1112 1096 1151 incisum
1127 1113 1242 1151 nobis
1273 1113 1387 1152 tradi-

53 1181 206 1219 derunt.
284 1179 412 1217 Valde
451 1178 611 1216 hercule
649 1186 688 1216 te
727 1178 959 1227 Syracusani
1000 1177 1067 1225 tui,
1108 1191 1208 1228 quos
1248 1179 1386 1217 crebro

52 1256 364 1283 commemorare
394 1244 507 1290 soles,
532 1242 710 1293 diligunt,
734 1242 801 1293 qui
829 1256 919 1281 cum
946 1250 1174 1281 accusatore
1199 1251 1268 1282 tuo
1293 1244 1385 1282 satis

52 1309 194 1348 iustam
215 1322 375 1348 causam
395 1308 698 1358 coniungendae
725 1307 1027 1347 necessitudinis
1058 1317 1196 1358 putant
1218 1311 1326 1359 quod
1347 1317 1386 1348 te

51 1382 305 1412 accusaturus
335 1373 383 1412 sit
413 1381 451 1412 et
481 1374 590 1423 quod
622 1372 853 1422 inquisitum
888 1373 928 1410 in
956 1381 994 1411 te
1023 1374 1181 1412 venerit.
1242 1376 1386 1414 Postea

0 1456 32 1480 ιο
52 1439 285 1486 decernitur,
317 1452 363 1478 ac
398 1452 479 1477 non
508 1438 612 1476 varie
647 1438 717 1476 sed
746 1451 868 1488 prope
903 1439 1055 1477 cunctis
1090 1440 1305 1487 sententiis,
1342 1448 1384 1479 ut

51 1504 226 1543 laudatio
247 1518 349 1555 quae
370 1505 414 1544 C.
438 1503 549 1542 Verri
570 1504 727 1542 decreta
757 1511 859 1542 esset
884 1505 1094 1543 tolleretur.
1155 1505 1202 1542 In
1224 1518 1271 1544 eo
1293 1518 1383 1544 cum
1406 1508 1468 1550 146

50 1569 127 1607 iam
156 1583 236 1608 non
264 1571 393 1609 solum
417 1568 607 1608 discessio
634 1570 736 1607 facta
758 1576 870 1616 esset,
894 1570 964 1607 sed
985 1569 1103 1607 etiam
1125 1570 1383 1621 perscriptum

49 1643 169 1685 atque
208 1635 247 1673 in
293 1635 446 1673 tabulas
485 1635 662 1679 relatum,
703 1641 858 1684 praetor
901 1635 1129 1684 appellatur.
1204 1637 1257 1673 At
1296 1635 1383 1685 quis

50 1702 252 1751 appellat?
299 1699 545 1750 magistratus
577 1698 731 1749 aliqui?
788 1700 931 1737 Nemo.
992 1700 1188 1738 Senator?
1245 1701 1308 1739 Ne
1343 1700 1383 1739 id

0 1780 30 1811 ³5
51 1766 224 1816 quidem.
297 1767 631 1815 Syracusanorum
671 1764 822 1814 aliqui?
880 1763 1060 1802 Minime.
1134 1765 1234 1813 Quis
1269 1765 1384 1815 igitur

49 1839 270 1882 praetorem
299 1831 503 1881 appellat?
560 1830 641 1879 Qui
670 1838 854 1880 quaestor
881 1829 991 1868 istius
1018 1831 1153 1877 fuerat,
1177 1832 1218 1869 P.
1243 1831 1383 1870 Caese-

48 1897 135 1935 tius.
193 1896 230 1934 O
252 1909 333 1934 rem
354 1895 559 1934 ridiculam
581 1899 587 1933 Σ
618 1908 642 1933 o
663 1896 862 1934 desertum
886 1895 1101 1942 hominem,
1118 1897 1380 1945 desperatum,

48 1961 227 2000 relictum
247 1964 254 1998 ἓ
295 1963 331 1998 Α
353 1960 579 2010 magistratu
600 1960 746 2007 Siculo,
768 1974 817 1999 ne
839 1969 998 1999 senatus
1021 1962 1245 1999 consultum
1262 1960 1382 1999 Siculi

47 2026 229 2064 homines
264 2026 390 2064 facere
425 2033 600 2075 possent,
631 2038 681 2063 ne
713 2039 828 2064 suum
868 2025 928 2063 ius
963 2025 1041 2064 suis
1083 2024 1267 2072 moribus,
1302 2025 1381 2064 suis

1408 825 1470 856 145

96 2141 108 2160 1
136 2139 214 2161 esse
231 2128 277 2160 ed.
297 2127 538 2169 Hervagiana:
573 2134 624 2160 est
640 2128 724 2160 RS&
821 2131 909 2169 quod
934 2131 998 2162 iste
1018 2143 1039 2161 π
1057 2131 1100 2162 al.
1243 2141 1262 2171 5
1287 2131 1379 2162 adul-

48 2173 206 2213 teriisque
218 2175 300 2212 prb:
323 2182 387 2203 om.
408 2171 502 2203 st
609 2182 628 2212 5
656 2172 758 2203 Verba
776 2174 870 2204 cuius
891 2175 983 2205 modi
1002 2180 1156 2206 constat.
1178 2199 1185 2207 .
1206 2198 1214 2206 .
1236 2175 1378 2206 recitare

48 2227 114 2247 non
133 2216 302 2248 desineret
320 2215 380 2247 del.
400 2215 506 2247 Halm
638 2216 659 2246 8
683 2216 808 2247 Verres
825 2216 884 2248 dcl.
904 2217 1013 2247 Halm
1145 2228 1166 2257 9
1191 2219 1379 2258 recepisset

47 2259 112 2291 RS
126 2264 155 2290 et
171 2260 235 2291 rell.
259 2259 438 2300 (Zielinski,
454 2265 488 2299 p.
501 2260 576 2299 197)
596 2270 602 2289 :
626 2261 756 2299 recepit
772 2259 890 2299 Halm,
909 2260 978 2292 edd.
1076 2273 1112 2292 12
1137 2272 1210 2293 cum
1227 2262 1329 2293 fratre
1343 2262 1378 2292 L.

47 2302 106 2333 ΞΨ
250 2305 291 2334 26
315 2304 412 2334 istius
430 2303 483 2343 Rp
501 2314 507 2333 :
540 2303 628 2333 illius
645 2302 710 2333 SD
727 2305 760 2344 (5
780 2306 855 2343 140}¹
985 2304 1022 2337 P.
1043 2305 1177 2343 Jordan
1194 2317 1210 2336 e
1233 2317 1263 2339 v,
1285 2307 1354 2346 §63
1372 2318 1379 2336 ι

48 2347 88 2378 G.
106 2346 159 2377 R:
187 2347 225 2378 S.
243 2346 328 2378 SD:
352 2357 418 2377 ont.
440 2348 456 2376 δ
589 2356 629 2386 27
656 2357 676 2378 ο
693 2347 908 2387 desperatum
925 2358 964 2379 ac
982 2349 1134 2380 relictum
1155 2351 1197 2389 ῄδ
