1600 2704
66 94 334 133 ACTIONIS
355 96 417 133 IN
439 96 483 134 C.
504 96 745 134 VERREM
767 97 1066 136 SECVNDAE
1089 100 1192 137 LIB.
1218 101 1283 138 III
1341 110 1394 148 70
1418 105 1476 146 164

64 219 183 244 onera
202 219 262 244 res
282 205 442 256 publiea
460 206 691 256 imponeret,
710 209 934 255 solveretur,
956 208 1027 246 abs
1049 216 1086 247 te
1107 209 1162 248 sic
1183 211 1391 250 laceratam

63 284 148 308 esse
168 270 259 309 dico
279 278 322 309 ut
342 270 491 321 possim
515 271 614 310 illud
634 271 810 321 probare,
834 271 866 310 si
896 272 1027 320 velim,
1047 286 1209 312 omnem
1231 282 1268 313 te
1289 276 1391 314 hanc

61 335 268 385 pecuniam
300 337 465 375 domum
494 344 603 375 tuam
637 337 832 376 avertisse.
893 337 1052 377 Etenim
1084 338 1139 377 sic
1172 340 1275 378 hanc
1309 354 1389 379 rem

60 407 181 438 totam
211 400 491 439 administrasti
521 409 563 439 ut
593 403 669 440 hoc
700 403 809 452 quod
843 402 935 441 dico
966 403 1122 453 probari
1151 405 1391 455 aequissimo

21 480 38 510 5
58 464 178 503 iudici
198 466 332 516 possit.
391 468 471 505 Sed
491 480 565 517 ego
584 468 743 506 habebo
767 467 958 507 rationem
979 469 1221 508 auctoritatis
1252 484 1363 510 meae
1381 487 1390 518 ¹:

58 530 274 569 meminero
304 545 384 582 quo
421 531 567 579 animo,
601 546 681 582 quo
715 533 881 571 consilio
914 535 965 572 ad
997 547 1155 572 causam
1188 535 1386 585 publicam

56 595 286 634 accesserim
303 611 314 644 3
357 610 439 635 non
476 610 590 647 agam
636 605 766 636 tecum
806 598 1058 644 accusatorie,
1091 598 1188 637 nihil
1227 601 1384 650 fingam,

57 660 153 698 nihil
191 661 377 712 cuiquam
415 653 571 713 probari
615 665 706 701 volo
745 677 808 702 me
846 663 1003 702 dicente
1037 665 1147 713 quod
1181 678 1261 703 non
1296 675 1387 705 ante

57 725 234 766 mihimet
274 727 347 778 ipsi
388 728 598 778 probatum
641 728 699 766 sit.
753 730 800 767 In
830 730 903 767 hac
933 729 1101 779 pecunia
1129 730 1299 780 publica,
1335 731 1386 770 iu-
1410 735 1470 776 165

0 805 37 828 10
56 791 175 839 dices,
191 793 288 831 11300
305 792 439 832 insunt
451 793 524 832 tria
542 807 686 843 genera
706 795 897 832 furtorum
914 809 921 832 :
952 794 1133 844 primum,
1153 808 1243 833 cum
1258 796 1385 846 posita

55 863 158 894 esset
176 856 344 906 pecunia
370 859 477 908 apud
504 871 569 896 eas
599 857 806 896 societates
835 859 942 897 unde
962 867 1042 897 erat
1062 858 1260 906 attributa,
1283 860 1385 898 binis

54 921 278 960 centesimis
308 923 527 961 faeneratus
557 930 628 970 est,
654 922 801 962 deinde
830 923 1033 972 permultis
1062 923 1285 963 civitatibus
1315 938 1385 974 pro

53 987 250 1025 frumento
269 987 366 1025 nihil
396 987 510 1026 solvit
526 987 701 1034 omnino,
724 995 935 1038 postremo,
959 987 990 1026 si
1011 988 1072 1026 cui
1089 988 1235 1027 civitati
1257 990 1381 1035 solvit,

53 1059 205 1090 tantum
250 1052 417 1091 detraxit
455 1061 646 1102 quantum
700 1054 958 1092 commodum
1008 1052 1090 1099 fuit,
1139 1054 1234 1091 nulli
1275 1056 1382 1104 quod

0 1129 32 1162 ¹5
52 1116 232 1155 debitum
261 1125 320 1156 est
349 1116 531 1155 reddidit.

106 1184 165 1220 Ac
185 1182 356 1232 primum
376 1183 453 1220 hoc
474 1196 521 1220 ex
541 1190 578 1221 te
599 1196 768 1233 quaero:
799 1191 852 1229 tn,
875 1183 939 1221 cui
960 1182 1160 1232 publicani
1183 1197 1228 1222 ex
1251 1184 1381 1234 Carpi-
1402 1193 1443 1231 71

49 1246 131 1285 nati
175 1246 312 1286 litteris
350 1247 491 1297 gratias
537 1256 711 1297 egerunt,
753 1247 922 1297 pecunia
962 1248 1121 1297 publica
1152 1263 1198 1287 ex
1232 1250 1382 1289 aerario

49 1319 215 1361 erogata,
247 1326 294 1350 ex
328 1311 582 1362 vectigalibus
611 1312 747 1362 populi
779 1313 951 1351 Romani
982 1315 1032 1352 ad
1062 1315 1277 1352 emendum
1308 1315 1382 1352 fru-

49 1384 227 1415 mentum
258 1376 454 1423 attributa‚
492 1377 658 1416 fueritne
697 1377 768 1415 tibi
797 1377 991 1427 quaestui,
1024 1378 1279 1427 pensitaritne
1309 1379 1379 1418 tibi

0 1458 30 1480 20
50 1442 162 1482 binas
194 1442 462 1481 centesimas?
517 1444 649 1482 Credo
679 1450 716 1481 te
746 1451 978 1492 negaturum
993 1457 1002 1491 3
1037 1443 1160 1493 turpis
1184 1444 1289 1482 enim
1320 1453 1378 1483 est

47 1516 85 1546 et
119 1507 337 1557 periculosa
367 1507 575 1546 confessio.
636 1508 737 1546 Mihi
770 1516 903 1546 autem
936 1509 1012 1546 hoc
1046 1510 1284 1558 perarduum
1319 1519 1377 1548 est
1401 1516 1463 1549 166

46 1573 325 1611 demonstrare.
385 1572 542 1622 Quibus
587 1572 693 1611 enim
739 1572 937 1611 testibus?
977 1573 1229 1623 publicanis?
1285 1576 1376 1613 Tra-

45 1637 137 1675 ctati
157 1636 373 1676 honorifice
394 1644 509 1675 sunt:
541 1638 741 1675 tacebunt.
801 1637 958 1676 Litteris
979 1640 1146 1677 eorum?
1204 1640 1375 1677 Decreto

44 1704 355 1742 decumanorum
377 1710 550 1741 remotae
571 1710 675 1741 sunt.
746 1703 838 1751 Quo
860 1716 922 1741 me
943 1702 1058 1753 igitur
1078 1706 1256 1742 vertam?
1294 1718 1374 1743 10111

0 1781 25 1813 ³5
44 1776 123 1805 tam
144 1766 377 1817 improbam,
399 1767 548 1806 crimen
573 1775 705 1806 tantae
727 1767 917 1806 audaciae
944 1775 1156 1818 tantaeque
1169 1768 1372 1818 impuden-

44 1831 119 1870 tiae
140 1840 297 1882 propter
326 1832 500 1883 inopiam
528 1832 687 1871 testium
716 1846 762 1871 ac
789 1833 1004 1871 litterarum
1033 1833 1375 1883 praetermittam?

44 1897 136 1934 Non
163 1896 316 1944 faciam,
339 1897 500 1944 iudices,
524 1905 610 1936 utar
634 1899 903 1947 teste—quo?
961 1900 1001 1936 P.
1025 1898 1160 1937 Vettio
1188 1898 1370 1944 Chilone,

42 1961 203 2012 homine
234 1962 424 2012 equestris
463 1962 611 2001 ordinis
650 1962 930 2002 honestissimo
959 1970 1079 2012 atque
1108 1962 1372 2009 ornatissimo,

41 2026 108 2076 qui
129 2026 191 2065 isti
208 2026 261 2065 ita
280 2034 319 2066 et
347 2026 499 2066 amicus
521 2035 559 2066 et
579 2027 821 2066 necessarius
843 2035 901 2066 est
922 2035 976 2074 ut,
992 2026 1145 2065 etiamsi
1167 2027 1223 2065 vir
1244 2028 1371 2066 bonus

3 2106 24 2127 0
40 2097 121 2129 non
141 2099 253 2139 esset,
278 2099 409 2130 tamen
431 2094 540 2142 quod
561 2100 697 2130 contra
717 2092 834 2130 istum
859 2091 1007 2130 diceret
1027 2105 1142 2142 grave
1162 2091 1369 2139 videretur,

40 2155 92 2194 ita
111 2156 168 2194 vir
197 2157 326 2195 bonus
349 2165 408 2196 est
435 2165 487 2203 ut,
504 2157 657 2196 etiamsi
689 2156 981 2195 inimicissimus
1011 2157 1072 2195 isti
1100 2165 1213 2204 esset,
1237 2165 1368 2196 tamen

39 2220 120 2260 eius
141 2222 368 2261 testimonio
387 2222 495 2261 credi
515 2230 721 2272 oporteret.

81 2322 102 2352 6
118 2326 152 2352 et
162 2331 228 2360 quo
241 2331 333 2353 cons.
349 2321 379 2352 Ο
393 2321 462 2352 edd.
512 2323 533 2352 8
549 2322 626 2352 volo
638 2321 698 2352 cO:
711 2320 845 2361 velimp
859 2320 923 2351 rell.
980 2330 1017 2352 10
1029 2321 1195 2352 fructuum
1212 2321 1242 2352 Ο
1295 2332 1367 2352 011111

39 2374 110 2403 pos.
122 2370 214 2396 esset
231 2365 376 2404 pecunia
392 2365 439 2396 cO
455 2376 461 2395 :
487 2375 560 2396 earn
573 2376 647 2396 cum
661 2375 734 2405 pos.
753 2369 845 2395 esset
856 2371 881 2404 p
898 2363 962 2395 rell.
1035 2374 1076 2395 22
1094 2365 1279 2404 publicanis
1296 2365 1343 2396 cO
1362 2377 1368 2395 :

40 2408 106 2438 -ani
119 2412 144 2448 p
161 2408 227 2439 rell.
309 2419 351 2448 23
375 2409 498 2440 litteris
513 2408 562 2439 cO
579 2420 585 2439 :
609 2409 740 2440 litterae
755 2414 778 2448 p
796 2409 863 2439 wll.
947 2418 989 2447 29
1014 2407 1057 2439 ita
1076 2408 1124 2438 cO
1142 2420 1148 2438 ε
1173 2419 1238 2440 om.
1257 2414 1280 2449 p
1298 2409 1364 2439 rell.
