1600 2704
56 102 102 130 10
125 98 165 130 26
491 93 546 130 M.
579 93 749 131 TVLLI
780 92 1088 132 CICERONIS

65 995 99 1021 11

122 203 233 242 cuius
254 203 318 243 hic
339 203 434 243 situs
462 211 581 255 atque
609 205 707 243 haec
738 212 876 243 natura
905 217 990 243 esse
1016 204 1093 244 loci
1118 205 1294 255 caelique
1317 205 1458 244 dicitur

121 276 163 307 ut
184 269 315 308 nullus
331 282 522 320 umquam
543 269 627 308 dies
649 277 729 308 tam
751 282 893 319 magna
913 282 958 307 ac
981 269 1206 308 turbulenta
1227 277 1459 320 tempestate

120 333 234 372 fuerit
255 333 352 384 quin
373 335 506 384 aliquo
528 342 706 384 tempore
727 335 809 373 eius
831 334 910 373 diei
931 336 1056 373 solem
1077 333 1259 372 homines
1278 333 1456 373 viderint.

122 398 203 437 Hic
233 398 286 438 ita
314 399 470 438 vivebat
500 398 572 438 iste
593 399 722 438 bonus
752 399 963 449 imperator
992 398 1166 437 hibernis
1195 399 1396 437 mensibus
1418 408 1460 437 ut

121 476 212 502 eum
234 477 315 502 non
336 464 449 502 facile
471 477 551 502 non
573 465 696 503 modo
717 472 823 502 extra
844 472 1004 511 tectum,
1026 465 1096 502 sed
1117 477 1167 502 ne
1188 471 1295 502 extra
1314 465 1460 503 lectum
1481 481 1498 512 5

121 528 285 578 quidem
305 529 516 579 quisquam
536 528 676 567 viderit
693 543 703 576 ,·
731 528 785 567 ita
813 530 892 568 diei
921 528 1088 568 brevitas
1110 528 1310 577 conviviis,
1333 530 1459 569 noctis

121 594 328 645 longitudo
350 594 492 644 stupris
515 600 552 632 et
574 593 727 644 flagitiis
749 593 1036 633 continebatur.

176 660 280 699 Cum
315 667 448 697 autern
482 672 548 697 ver
580 672 664 698 esse
701 660 1052 710 coeperat—cuius
1088 659 1244 699 initium
1279 660 1351 699 iste
1379 674 1459 700 non

119 737 142 761 a
164 725 340 776 Favonio
370 736 500 773 neque
530 724 581 763 ab
609 723 744 773 aliquo
772 732 877 762 astro
906 724 1080 771 notabat,
1112 725 1182 763 sed
1212 737 1303 763 cum
1332 738 1459 764 rosam

120 788 269 827 viderat
318 796 403 827 tum
444 788 617 839 incipere
656 802 722 827 ver
761 788 1197 829 arbitrabatur—dabat
1247 802 1287 828 se
1336 790 1460 829 labori
1482 807 1521 829 10

119 862 237 903 atque
258 853 463 892 itineribus
478 868 488 901 3
518 853 557 892 in
576 853 719 904 quibus
740 867 789 893 eo
810 867 935 905 usque
956 867 997 893 se
1013 855 1228 905 praebebat
1245 855 1459 906 patientem

119 927 239 969 atque
260 918 471 970 impigrum
503 927 545 958 ut
574 933 667 959 eum
696 933 816 958 nemo
846 933 1037 970 umquam
1067 920 1107 959 in
1129 934 1232 971 equo
1254 923 1459 961 sedentem

119 983 269 1022 viderit.
330 985 446 1031 Nam,
471 991 513 1022 ut
543 997 629 1023 mos
658 985 730 1023 fuit
762 984 970 1034 Bithyniae
1000 986 1166 1036 regibus,
1191 986 1330 1025 lectica
1358 994 1460 1025 octa-

120 1049 246 1099 phoro
268 1049 479 1096 ferebatur,
495 1049 535 1087 in
567 1063 645 1099 qua
669 1049 853 1099 pulvinus
884 1057 964 1089 erat
990 1050 1215 1100 perlucidus
1239 1050 1460 1090 Melitensis

120 1125 208 1152 rosa
236 1115 384 1162 fartus;
414 1115 497 1164 ipse
526 1121 660 1153 autem
689 1127 879 1153 coronam
908 1115 1080 1153 habebat
1110 1129 1230 1154 unam
1252 1115 1292 1154 in
1320 1117 1456 1166 capite,
1483 1128 1520 1161 15

120 1179 282 1216 alteram
315 1177 355 1216 in
395 1180 509 1225 collo,
547 1178 835 1229 reticulumque
874 1180 926 1218 ad
966 1180 1068 1217 naris
1108 1180 1183 1218 sibi
1222 1180 1460 1220 admovebat

121 1243 354 1282 tenuissimo
384 1245 476 1291 lino,
510 1244 672 1283 minutis
702 1246 878 1292 maculis,
910 1246 1073 1296 plenum
1095 1258 1216 1284 rosae.
1276 1245 1340 1284 Sic
1370 1258 1461 1283 con-

120 1309 224 1346 fecto
240 1308 378 1347 itinere
395 1322 486 1347 cum
507 1310 558 1348 ad
579 1310 741 1360 aliquod
759 1309 951 1360 oppidum
968 1318 1137 1357 venerat,
1161 1311 1301 1349 eadem
1323 1310 1461 1348 lectica

122 1386 246 1423 usque
275 1374 314 1411 in
343 1373 572 1412 cubiculum
600 1375 858 1413 deferebatur.
919 1377 980 1414 Eo
1001 1375 1213 1414 veniebant
1239 1375 1460 1414 Siculorum

122 1437 379 1488 magistram,
404 1438 617 1478 veniebant
647 1438 798 1489 equites
830 1439 1013 1486 Romani,
1042 1441 1082 1479 id
1112 1442 1222 1490 quod
1251 1453 1298 1479 ex
1327 1440 1459 1479 multis
1482 1455 1520 1476 20
1554 1460 1571 1469 -ι

122 1503 254 1541 iuratis
288 1505 482 1552 audistis3
511 1505 800 1544 controversiae
836 1513 987 1544 secreto
1022 1506 1308 1552 deferebantur,
1341 1508 1459 1557 paulo

121 1577 210 1618 post
232 1571 362 1620 palam
391 1570 550 1609 decreta
581 1570 870 1609 auferebantur.
930 1570 1088 1610 Deinde
1114 1571 1181 1609 ubi
1204 1572 1400 1623 paulisper
1420 1574 1460 1611 in

123 1635 308 1674 cubiculo
355 1635 482 1685 pretio
530 1648 611 1673 non
654 1635 852 1685 aequitate
895 1635 978 1674 iura
1014 1636 1272 1686 discripserat,
1315 1637 1459 1676 Veneri

65 1713 102 1742 28
123 1702 200 1738 iam
222 1708 260 1739 et
287 1701 432 1739 Libero
462 1699 657 1750 reliquum
688 1708 844 1750 tempus
874 1700 1010 1739 deberi
1037 1701 1306 1739 arbitrabatur.
1367 1701 1459 1747 Quo

123 1767 211 1803 loco
234 1778 315 1803 non
338 1764 433 1803 mihi
454 1764 803 1816 praetermittenda
825 1764 978 1804 videtur
999 1765 1185 1815 praeclari
1216 1766 1459 1816 imperatoris
1480 1781 1517 1812 25
1567 1752 1571 1783 Ῐ

123 1830 275 1880 egregia
295 1843 340 1868 ac
369 1829 573 1880 singularis
595 1829 808 1880 diligentia.
869 1832 974 1868 Nam
1000 1831 1140 1870 scitote
1161 1830 1353 1881 oppidum
1375 1845 1459 1870 esse
1568 1825 1570 1828 ¹

122 1895 162 1932 in
192 1894 323 1933 Sicilia
352 1896 506 1933 nullum
535 1907 582 1933 ex
611 1894 657 1933 iis
688 1895 844 1945 oppidis
875 1895 915 1932 in
945 1894 1089 1944 quibus
1119 1897 1333 1934 consistere
1354 1909 1459 1946 prae-

123 1968 224 1998 tores
246 1968 284 1998 et
305 1967 547 1998 conventum
567 1973 681 2010 agere
702 1961 864 2006 soleant,
889 1973 968 2010 quo
990 1960 1029 1998 in
1051 1960 1200 2010 oppido
1228 1974 1310 1999 non
1331 1961 1392 1999 isti
1412 1975 1458 2000 ex

122 2026 250 2075 aliqua
272 2025 419 2064 familia
440 2038 521 2064 non
543 2024 707 2075 ignobili
728 2026 881 2064 delecta
896 2026 948 2064 ad
964 2025 1171 2064 libidinem
1189 2025 1328 2064 mulier
1344 2034 1454 2065 esset.

125 2091 263 2139 Itaque
284 2104 366 2129 non
387 2092 517 2130 nullae
539 2104 585 2129 ex
605 2104 653 2129 eo
674 2103 839 2129 numero
861 2090 900 2128 in
921 2090 1146 2129 convivium
1167 2090 1458 2130 adhibebantur
1478 2107 1516 2137 30
1567 2125 1568 2128 ,

165 2203 185 2231 3
210 2195 365 2227 viderent
380 2195 410 2227 S
563 2198 584 2227 6
607 2195 728 2227 viderit
743 2194 929 2232 Karnine»,
948 2193 1107 2225 Zielinski
1121 2194 1133 2234 (
1142 2199 1177 2234 p.
1198 2194 1272 2234 197)
1293 2206 1300 2224 ε
1324 2195 1454 2226 videret

121 2236 225 2276 codd„
245 2237 315 2269 edd.
418 2249 436 2278 7
462 2240 701 2270 conterebatur
717 2240 733 2268 δ
831 2249 852 2277 9
875 2243 968 2268 astro
985 2237 1031 2269 ed.
1045 2237 1185 2270 Ascens.
1205 2247 1285 2276 1511
1307 2249 1313 2268 z
1337 2243 1453 2269 austro

123 2278 208 2310 codd.
347 2291 386 2312 10
409 2287 490 2313 tune
508 2284 524 2312 δ
660 2293 697 2322 13
721 2282 852 2312 videret
867 2282 883 2311 δ
1018 2291 1056 2320 19
1080 2291 1187 2321 usque
1203 2281 1244 2311 ad
1264 2282 1280 2311 δ
1413 2291 1453 2320 23

123 2324 344 2362 discripserat
360 2324 487 2356 Halm:
515 2326 679 2366 descrips.
698 2324 788 2356 codd.
921 2334 960 2363 27
988 2324 1039 2355 his
1058 2324 1138 2365 RSp
1276 2324 1317 2354 28
1341 2324 1453 2355 solent

116 2367 159 2406 pb
293 2376 336 2406 29
360 2368 483 2398 dilecta
502 2367 564 2400 RS
694 2378 736 2408 30
759 2367 872 2407 Atque
889 2377 958 2398 non
980 2367 1131 2398 Weidner
