1600 2704
83 122 135 162 54

88 664 138 703 55

77 724 136 757 143

79 1536 137 1568 144

164 128 221 159 142
530 111 586 148 M.
617 111 786 148 TVLLI
819 110 1126 151 CICERONIS

157 225 312 274 plesset,
343 221 530 268 concidit,
561 233 651 259 cum
683 220 735 258 illi
771 220 894 259 nihilo
924 220 1054 259 minus
1084 218 1226 259 iacenti
1255 221 1375 257 latera
1403 226 1489 256 tun-

159 289 309 335 derent,
330 294 373 325 ut
393 286 608 336 aliquando
634 286 828 336 spondere
854 298 895 324 se
921 284 1081 324 diceret.
1141 283 1204 323 Sic
1225 283 1288 322 ille
1308 284 1488 322 adfectus

159 352 255 390 illim
277 360 360 390 turn
386 364 457 401 pro
479 358 635 389 mortuo
657 350 834 388 sublatus
857 348 1033 400 perbrevi
1062 355 1198 399 postea
1219 355 1277 386 est
1298 354 1485 385 mortuus.

159 418 240 455 Iste
267 423 399 455 autem
424 416 547 453 homo
567 413 771 462 Venerius,
793 415 973 453 adfluens
1000 413 1109 451 omni
1139 414 1271 463 lepore
1300 425 1346 450 ac
1372 425 1490 450 venu-

159 489 270 528 state,
292 482 342 520 de
363 480 478 519 bonis
500 479 602 517 illius
630 478 669 516 in
690 479 789 517 aede
810 478 976 517 Veneris
996 485 1224 528 argenteum
1248 475 1488 527 Cupidinem

158 547 300 596 posuit.
342 545 406 583 Sic
423 544 540 583 etiam
563 543 726 582 fortunis
749 544 955 582 hominum
975 543 1211 582 abutebatur
1226 543 1276 581 ad
1298 549 1490 580 nocturna

158 619 249 649 vota
269 609 529 660 cupiditatum
552 621 720 646 suarum.

215 676 319 713 Nam
345 673 442 724 quid
469 686 542 723 ego
569 674 619 711 de
649 671 787 710 ceteris
815 671 959 710 civium
988 673 1260 710 Romanorum
1289 670 1490 721 suppliciis

159 738 384 790 singillatim
415 737 546 788 potius
574 749 692 787 quam
723 736 937 786 generatim
967 744 1085 786 atque
1116 735 1294 774 universe
1324 736 1491 784 loquar?

161 806 304 844 Carcer
325 803 388 842 ille
419 802 486 853 qui
516 810 574 841 est
601 815 624 839 a
652 800 925 840 crudelissimo
953 809 1118 851 tyranno
1147 799 1341 850 Dionysio
1366 800 1490 837 factus

161 868 371 919 Syracusis,
395 880 497 918 quae
527 866 740 905 lautumiae
760 874 961 913 vocantur,
983 866 1023 903 in
1048 865 1156 904 istius
1182 864 1348 914 imperio
1368 863 1492 903 domi-

161 933 295 973 cilium
316 932 460 971 civium
485 933 759 970 Romanorum
780 930 862 969 fuit.
922 932 975 968 Vt
996 929 1163 980 quisque
1184 929 1293 968 istius
1314 928 1491 967 animum

160 1006 227 1037 aut
265 999 403 1037 oculos
443 997 671 1043 offenderat,
712 995 752 1033 in
792 994 1000 1033 lautumias
1039 994 1169 1033 statim
1208 993 1488 1033 coniciebatur.

163 1063 379 1113 Indignum
418 1063 494 1100 hoc
526 1062 643 1100 video
674 1059 795 1099 videri
830 1059 1026 1107 omnibus,
1063 1058 1224 1106 iudices,
1260 1066 1298 1098 et
1332 1058 1372 1097 id
1413 1058 1491 1096 iam

161 1128 289 1179 priore
308 1127 475 1174 actione,
495 1140 586 1165 cum
607 1128 704 1164 haec
725 1133 844 1164 testes
865 1125 1051 1172 dicerent,
1070 1124 1252 1164 intellexi.
1314 1122 1491 1162 Retineri

161 1193 268 1232 enim
303 1192 448 1243 putatis
482 1199 662 1242 oportere
699 1190 781 1229 iura
819 1190 1008 1229 libertatis
1047 1204 1127 1229 non
1168 1191 1289 1229 modo
1323 1189 1387 1228 hic
1424 1188 1491 1228 ubi

161 1257 307 1296 tribuni
328 1256 455 1307 plebis
477 1263 580 1304 sunt,
596 1255 664 1294 ubi
685 1255 803 1294 ceteri
824 1255 1080 1305 magistratus,
1101 1254 1169 1294 ubi
1185 1256 1312 1293 forum
1329 1255 1491 1304 plenum

160 1322 409 1369 iudiciorum,
441 1321 509 1360 ubi
542 1328 700 1359 senatus
731 1319 952 1366 auctoritas,
986 1319 1055 1358 ubi
1089 1318 1324 1358 existimatio
1355 1318 1492 1369 populi

162 1387 335 1427 Romani
357 1395 394 1426 et
416 1385 643 1436 frequentia,
669 1386 738 1424 sed
766 1384 1007 1435 ubicumque
1035 1393 1223 1423 terrarum
1250 1392 1288 1423 et
1314 1383 1491 1434 gentium

159 1452 349 1491 violatum
371 1451 430 1490 ius
444 1450 588 1490 civium
607 1451 879 1487 Romanorum
899 1449 957 1496 sit,
977 1448 1144 1487 statuitis
1165 1448 1205 1487 id
1227 1447 1420 1499 pertinere
1440 1448 1491 1487 ad

161 1529 416 1556 communem
444 1527 604 1554 causam
631 1513 820 1552 libertatis
842 1522 880 1552 et
901 1513 1111 1564 dignitatis.
1172 1514 1221 1552 In
1242 1520 1491 1552 externorum

162 1582 369 1621 hominum
419 1580 688 1618 maleficorum
738 1580 1108 1628 sceleratorumque,
1157 1577 1197 1616 in
1245 1578 1491 1628 praedonum

162 1646 415 1696 hostiumque
436 1644 636 1684 custodias
657 1652 699 1682 tu
720 1650 872 1682 tanturn
896 1656 1104 1681 numerum
1125 1642 1269 1681 civium
1293 1643 1492 1680 Romano-

162 1724 247 1749 rum
279 1710 481 1748 includere
512 1721 630 1747 ausus
665 1709 736 1747 es?
793 1708 1076 1757 Numquamne
1111 1706 1181 1745 tibi
1216 1705 1349 1753 iudici,
1382 1719 1492 1744 num-

162 1788 281 1825 quam
312 1773 520 1820 contionis,
552 1784 770 1822 numquam
801 1771 917 1809 huius
947 1778 1078 1809 tantae
1108 1770 1361 1821 frequentiae,
1391 1784 1492 1821 quae

162 1853 268 1878 nunc
298 1847 336 1878 te
364 1838 499 1876 animo
529 1836 777 1887 iniquissimo
809 1835 1141 1885 infestissimoque
1171 1835 1354 1882 intuetur,
1386 1835 1493 1874 venit

160 1905 200 1942 in
228 1905 434 1943 mentem?
467 1915 686 1952 numquam
714 1901 785 1939 tibi
812 1901 949 1951 populi
976 1900 1148 1939 Romani
1173 1900 1347 1939 absentis
1369 1900 1492 1950 digni-

162 1978 231 2017 tas,
263 1981 481 2019 numquam
512 1967 662 2019 species
696 1966 780 2017 ipsa
813 1965 978 2005 huiusce
1008 1965 1269 2005 multitudinis
1300 1965 1339 2003 in
1369 1965 1493 2004 oculis

162 2035 376 2084 animoque
396 2040 547 2073 versata
567 2034 655 2072 est?
688 2045 907 2082 numquam
934 2039 972 2071 te
1000 2031 1039 2069 in
1066 2033 1207 2070 horum
1234 2038 1492 2081 conspectum

163 2099 390 2147 rediturum,
423 2111 641 2149 numquam
673 2097 712 2135 in
743 2098 870 2135 forum
902 2096 1037 2147 populi
1069 2095 1241 2134 Romani
1271 2103 1489 2143 venturum,

207 2213 224 2233 2
249 2202 401 2233 adfectus
422 2201 492 2242 (aff.
509 2201 548 2242 p)
568 2200 622 2241 Rp
638 2200 682 2232 al.
702 2211 708 2230 ε
733 2200 854 2231 affatus
871 2198 935 2231 SD
1052 2209 1072 2238 3
1097 2199 1177 2229 illim
1190 2204 1214 2239 p
1233 2210 1239 2229 :
1265 2198 1356 2229 illum
1375 2197 1493 2230 RSD:

164 2245 253 2275 illinc
279 2256 303 2276 s.
332 2245 398 2276 illic
425 2244 467 2275 al.
579 2254 616 2282 14
643 2243 818 2281 indignum
838 2248 885 2283 p:
922 2243 1093 2282 indignum
1119 2242 1210 2273 enim
1234 2241 1329 2273 st
1355 2242 1388 2280 (ξ
1417 2243 1493 2281 109)

164 2298 206 2318 20
232 2294 283 2318 est
300 2288 409 2319 Halm
535 2287 682 2318 statuitis
699 2286 901 2327 Naugerius,
921 2285 1088 2317 statuistiS
1099 2288 1142 2326 pb
1157 2297 1163 2316 :
1189 2286 1284 2317 statis
1301 2283 1358 2325 Rl,
1379 2285 1494 2316 sciatis

163 2330 305 2362 R²5Dst
437 2340 478 2370 25
505 2331 734 2362 contentionis
751 2329 815 2361 RS
948 2330 990 2359 28
1015 2330 1087 2368 ipsa
1105 2339 1169 2359 om.
1191 2340 1213 2358 π

1515 813 1551 836 10

1515 1136 1551 1168 Ι5

1514 1462 1553 1485 20

1513 1786 1550 1818 25

1513 2107 1553 2139 30
