1600 2704
16 848 57 871 10

13 1496 53 1517 20

9 2137 50 2172 30

83 142 352 180 ACTiole
382 143 443 179 IN
475 143 519 180 C.
543 143 784 182 VERREM
815 143 1116 183 SECVNDAE
1146 145 1250 182 Lis.
1275 146 1317 182 11
1358 126 1480 192 29'71'

79 261 202 300 erant,
226 262 268 291 ut
295 253 389 302 dixi,
409 253 517 292 idem
542 254 610 304 qui
628 262 745 292 antea
765 255 975 304 Sopatrum
997 255 1139 293 eodem
1162 254 1230 293 illo
1250 256 1413 296 crimine

82 317 300 365 liberarant,
331 317 559 368 cognoscite
587 317 759 356 hominis
788 325 963 367 apertam
992 331 1039 356 ac
1068 331 1148 357 non
1180 320 1302 357 modo
1332 334 1411 358 non

81 381 241 429 ratione,
266 383 337 420 sed
357 395 408 420 ne
427 381 741 420 dissimulatione
768 381 931 432 quidem
952 390 1097 420 tectam
1118 382 1411 433 improbitatem

80 454 119 484 et
165 446 384 484 audaciam.
445 448 502 485 M.
543 446 743 496 Petilium,
781 447 955 497 equitem
1003 449 1245 494 Romanum,
1293 461 1411 498 quem

79 510 252 548 habebat
281 509 321 548 in
350 510 530 558 consilio,
559 509 669 549 iubet
698 524 857 561 operam
889 512 992 559 dare,
1016 513 1125 561 quod
1156 511 1210 550 rei
1241 512 1413 562 privatae

78 574 196 613 iudex
233 583 346 614 esset.
406 575 568 614 Petilius
602 576 820 623 recusabat,
854 578 962 626 quod
994 590 1086 615 suos
1117 577 1278 625 amicos,
1312 592 1412 628 quos·

78 639 151 678 sibi
181 639 221 677 in
249 640 415 679 consilio
435 653 521 679 esse
540 642 667 688 vellet,
691 640 773 691 ipse
794 643 935 679 Verres
963 641 1146 681 retineret
1170 642 1210 680 in
1232 643 1409 689 consilio.

78 704 159 743 Iste
183 706 305 743 homo
331 705 501 744 liberalis
525 713 641 755 negat
668 719 709 744 se
730 719 971 756 quemquam
999 706 1166 745 retinere
1185 720 1322 745 eorum
1343 708 1409 758 qui

78 768 219 808 Petilio
238 771 383 808 vellent
403 771 553 809 adesse.
616 771 756 820 Itaque
770 770 982 809 discedunt
999 785 1138 809 omnes
1155 786 1164 818 ;
1186 785 1277 809 nam
1292 772 1410 811 ceteri

77 846 238 884 quoque
276 834 487 885 impetrant
519 849 569 873 ne
604 835 842 873 retineantur
860 850 870 882 ;
912 835 979 884 qui
1014 849 1055 873 se
1089 837 1189 874 velle
1223 836 1411 875 dicebant

75 898 247 937 alterutri
282 912 418 937 eorum
451 899 518 949 qui
550 908 632 937 tum
666 900 762 937 illud
799 899 987 938 iudicium
1022 900 1223 938 habebant
1255 902 1404 940 adesse.

76 963 218 1013 Itaque
247 963 320 1002 iste
350 966 455 1002 solus
486 977 576 1002 cum
607 977 677 1002 sua
707 965 869 1002 cohorte
900 964 1142 1013 nequissima
1163 965 1404 1014 relinquitur.

75 1028 169 1067 Non
199 1028 407 1067 dubitabat
438 1028 650 1074 Minucius,
683 1028 749 1077 qui
781 1030 989 1077 Sopatrum
1021 1029 1273 1075 defendebat,
1311 1030 1407 1079 quin
1431 1042 1466 1072 72

74 1092 159 1139 iste,
182 1092 370 1143 quoniam
401 1092 608 1131 consilium
637 1092 858 1138 dimisisset,
883 1092 950 1130 illo
977 1092 1041 1130 die
1062 1106 1143 1130 rem
1165 1092 1270 1130 illam
1292 1106 1408 1143 quae-

75 1157 219 1196 siturus
248 1171 329 1196 non
349 1166 462 1205 esset,
485 1171 576 1196 cum
598 1166 759 1208 repente
780 1157 937 1196 iubetur
957 1157 1099 1197 dicere.
1160 1159 1409 1209 Respondet,

77 1227 85 1242 ⁴
101 1223 167 1260 Ad
188 1235 287 1272 quos
303 1223 342 1260 ?'
367 1223 453 1261 ‘Ad
475 1223 562 1270 me‚’
584 1222 724 1273 inquit,
748 1222 803 1260 ‘si
826 1222 895 1261 tibi
919 1222 1086 1261 idoneus
1107 1222 1243 1262 videor
1263 1223 1331 1273 qui
1358 1225 1408 1263 de

74 1287 235 1326 homine
251 1287 384 1326 Siculo
404 1300 450 1325 ac
471 1288 667 1326 Graeculo
696 1288 894 1326 iudicem.'
957 1288 1158 1326 ‘Idoneus
1180 1288 1246 1334 es‚'
1267 1287 1405 1338 inquit,

75 1353 169 1390 ‘sed
199 1353 409 1402 pervellem
439 1354 623 1390 adessent
655 1351 680 1390 ii
707 1352 773 1402 qui
802 1353 1009 1391 adfuerant
1029 1360 1146 1390 antea
1167 1365 1408 1402 causamque

72 1417 312 1466 cognorant.’
400 1416 524 1464 ‘Dic,'
573 1417 699 1467 inquit
714 1432 724 1465 3
785 1417 860 1455 ‘illi
910 1418 1049 1456 adesse
1096 1430 1176 1455 non
1216 1418 1407 1467 possunt.’

76 1482 205 1519 ‘Nam
235 1483 418 1528 hercule‚⁷
447 1482 575 1532 inquit
607 1482 820 1529 Minucius,
865 1485 950 1520 ‘me
981 1495 1140 1532 quoque
1172 1482 1333 1520 Petilius
1366 1490 1405 1520 ut

73 1546 146 1584 sibi
166 1546 207 1584 in
228 1546 394 1585 consilio
421 1549 600 1586 adessem
631 1547 778 1597 rogavit
793 1549 812 1594 '‚
836 1556 873 1585 et
902 1547 1018 1585 simul
1039 1561 1061 1585 a
1082 1546 1278 1585 subselliis
1297 1546 1405 1584 abire
1428 1556 1467 1590 73

70 1611 212 1660 coepit.
274 1612 355 1650 Iste
376 1611 494 1650 iratus
516 1612 719 1650 hominem
741 1611 869 1650 verbis
892 1611 1255 1650 vehementioribus
1276 1624 1405 1661 prose-

71 1674 215 1725 quitur,
249 1683 368 1726 atque
399 1677 434 1715 ei
468 1676 620 1726 gravius
655 1676 773 1714 etiam
809 1675 947 1714 minari
980 1675 1111 1725 coepit
1143 1677 1252 1725 quod
1287 1675 1325 1713 in
1361 1689 1403 1714 se

71 1747 224 1778 tanturn
245 1740 393 1779 crimen
414 1740 683 1791 invidiamque
709 1741 907 1779 conflaret.
971 1740 1183 1787 Minucius,
1206 1739 1272 1790 qui
1294 1742 1402 1789 Syra·
1420 1751 1476 1788 30

38 1819 50 1828 -
71 1804 174 1842 cusis
203 1804 259 1844 sic
289 1805 552 1856 negotiaretur
581 1814 623 1843 ut
644 1805 703 1843 sui
725 1805 817 1844 iuris
839 1804 1119 1855 dignitatisque
1144 1804 1399 1851 meminisset,

70 1877 108 1907 et
135 1868 202 1919 qui
230 1869 344 1909 sciret
368 1883 410 1909 se
434 1870 487 1908 ita
511 1870 550 1908 in
578 1870 780 1920 provincia
807 1883 889 1908 rem
919 1883 1060 1920 augere
1087 1877 1268 1919 oportere
1288 1876 1331 1906 ut
1352 1881 1402 1907 ne

69 1933 166 1981 quid
187 1935 238 1972 de
258 1934 436 1972 libertate
451 1935 694 1984 deperderet,
716 1934 870 1972 homini
893 1947 994 1984 quae
1014 1933 1096 1971 visa
1116 1941 1217 1979 sunt,
1241 1940 1279 1970 et
1299 1945 1402 1982 quae

69 2004 224 2047 tempus
252 1997 349 2036 illud
376 1997 463 2036 tulit
493 2005 531 2036 et
558 2010 686 2045 causa,
710 1998 925 2048 respondit,
950 2010 1108 2035 causam
1131 2009 1215 2034 sese
1236 1995 1401 2034 dimisso

68 2068 187 2111 atque
212 2062 394 2111 ablegato
421 2061 587 2100 consilio
607 2062 861 2099 defensurum
881 2061 1047 2111 negavit.
1109 2061 1250 2110 Itaque
1269 2072 1292 2098 a
1312 2061 1401 2098 sub-

69 2124 186 2163 selliis
214 2124 404 2171 discessit,
427 2124 613 2175 idemque
641 2126 718 2162 hoc
748 2132 900 2174 praeter
930 2124 1083 2163 Siculos
1105 2123 1222 2162 ceteri
1245 2124 1397 2174 Sopatri

112 2239 131 2258 2
156 2239 222 2259 non
241 2229 341 2260 modo
362 2227 463 2269 [non]
479 2227 591 2259 Muell.
729 2237 744 2266 7
771 2228 803 2258 in
823 2228 964 2259 consilio
984 2226 1025 2256 Ο1
1042 2239 1049 2258 :
1073 2238 1138 2259 om.
1159 2227 1222 2258 rell.
1361 2237 1398 2266 ¹5

68 2271 266 2311 Respondet
282 2275 311 2302 et
330 2281 367 2311 17
385 2281 422 2302 es
436 2282 501 2302 om.
525 2271 576 2311 0¹,
597 2271 664 2302 secl.
683 2269 798 2301 Muell.
948 2272 986 2301 18
1008 2277 1107 2302 antea
1123 2271 1190 2302 ads.
1212 2270 1243 2300 Ο
1357 2281 1394 2300 21

66 2315 222 2345 adessem
238 2314 326 2345 codd.
339 2318 469 2354 praeter
485 2314 525 2344 0¹
548 2314 690 2354 (essem)
857 2325 898 2353 24
923 2315 1084 2346 conflaret
1100 2313 1158 2344 cO¹
1176 2326 1184 2345 z
1208 2314 1361 2344 conflarit
1372 2320 1398 2354 p

69 2357 134 2388 rell.
269 2359 312 2388 26
334 2368 371 2388 se
388 2358 433 2388 ita
452 2356 482 2388 Ο
498 2357 618 2388 Lamb.
632 2369 638 2388 z
665 2358 710 2388 ita
727 2367 764 2388 se
775 2357 820 2398 pb
835 2357 905 2388 edd.
996 2368 1098 2396 agere
1115 2356 1204 2388 codd.
1355 2367 1394 2396 27

69 2401 242 2440 respondit
259 2411 345 2440 quae
361 2401 393 2431 ei
410 2400 516 2431 visum
535 2406 587 2432 est
604 2400 718 2441 Quint.
740 2401 784 2432 iv.
804 2411 833 2441 2,
853 2401 893 2439 67

1252 2457 1308 2486 10³
