1600 2704
90 103 139 140 19

95 192 144 229 19

103 253 144 282 49

121 798 162 830 50

136 1378 172 1410 51

163 108 204 139 49
529 79 587 117 M.
619 73 788 114 TVLLI
819 62 1127 109 CICERONIS

219 201 266 239 In
290 195 424 235 Asiam
445 203 537 230 vero
567 194 779 239 postquam
798 178 915 225 venit,
939 174 1035 225 quid
1065 182 1137 221 ego
1167 168 1359 206 adventus
1381 160 1491 200 istius

165 262 341 317 prandia,
381 270 513 304 cenas,
551 264 675 303 equos
714 255 957 292 muneraque
995 231 1335 277 commemorem?
1382 224 1492 264 Nihil

166 343 256 369 cum
274 329 399 368 ‚Verre
426 324 476 362 de
497 314 704 359 cotidianis
732 308 961 352 criminibus
982 310 1139 343 acturus
1164 309 1274 336 sum:
1305 291 1408 333 Chio
1429 302 1496 340 per

167 396 246 434 vim
278 392 388 442 signa
424 382 687 439 pulcherrima
723 377 815 417 dico
853 369 1071 415 abstulisse,
1112 365 1206 403 item
1247 356 1422 408 Erythris
1460 361 1498 392 et

170 458 465 498 Halicarnasso.
523 445 947 492 Tenedo—praetereo
977 441 1187 485 pecuniam
1215 436 1334 475 quam
1360 418 1536 469 eripuit5

172 525 379 561 —-Tenem
418 517 559 566 ipsum,
601 509 668 560 qui
707 506 814 557 apud
853 497 1054 540 Tenedios
1093 489 1361 533 sanctissimus
1403 485 1502 523 deus

173 588 349 630 habetur,
369 581 436 632 qui
456 579 595 618 urbem
610 575 716 612 illam
736 569 878 610 dicitur
893 560 1130 606 condidisse,
1149 555 1259 595 cuius
1276 566 1322 591 ex
1343 548 1504 588 nomine

175 651 363 691 Tenedus
394 644 629 687 nominatur,
652 640 759 677 hunc
785 634 928 684 ipsum,
949 629 1123 677 inquam,
1145 623 1299 659 Tenem
1330 614 1506 667 pulcher-

177 717 274 756 rime
305 715 465 757 sactum,
496 719 616 758 quem
646 701 849 753 quondam
881 696 921 734 in
953 689 1115 732 comitio
1148 683 1310 730 vidistis,
1348 677 1508 719 abstulit

180 792 324 830 magno
345 789 436 816 curn
457 771 605 824 gemitu
627 765 806 808 civitatis.
855 762 929 800 Illa
948 770 1040 797 vero
1056 749 1293 804 expugnatio
1315 744 1393 785 fani
1415 742 1510 781 anti-

181 842 360 897 quissimi
374 848 412 880 et
428 832 663 878 nobilissimi
680 827 845 870 Iunonis
859 823 1014 865 Samiae
1034 831 1153 871 quam
1169 819 1349 855 luctuosa
1372 807 1511 849 Samiis

182 910 264 956 fuit,
288 919 407 959 quarn
429 902 570 942 acerba
590 897 661 938 toti
683 894 811 940 Asiae,
834 902 953 942 quam
980 888 1084 926 clara
1102 883 1209 934 apud
1229 877 1369 923 omnis,
1393 887 1512 924 quam

183 972 333 1014 nemini
353 977 526 1009 vestrum
554 961 757 1003 inaudita!
787 959 837 997 de
857 968 936 1006 qua
962 946 1251 1003 expugnatione
1278 954 1369 981 cum
1399 937 1514 989 legati

185 1042 235 1080 ad
275 1040 320 1078 C.
365 1037 567 1074 Neronem
613 1029 653 1067 in
692 1024 827 1065 Asiam
870 1022 990 1059 Samo
1031 1013 1241 1057 venissent,
1282 1016 1514 1058 responsum

187 1106 359 1143 tulerunt
393 1099 477 1139 eius
512 1094 621 1134 modi
655 1084 931 1142 querimonias,
965 1094 1067 1132 quae
1104 1079 1155 1117 ad
1193 1077 1342 1125 legatos
1380 1067 1517 1121 populi
1561 1081 1576 1112 5

190 1165 363 1208 Romani
392 1161 642 1215 pertinerent,
666 1168 746 1194 non
766 1153 817 1191 ad
847 1155 1066 1200 praetorem
1094 1142 1163 1181 sed
1185 1141 1357 1178 Romam
1379 1135 1519 1173 deferri

190 1240 382 1284 oportere.
443 1229 553 1276 Quas
567 1224 638 1262 iste
655 1219 807 1259 tabulas
827 1214 945 1259 illinc,
963 1223 1065 1261 quae
1085 1207 1194 1257 signa
1208 1200 1363 1242 sustulit
1383 1202 1389 1237 1
1421 1210 1522 1247 quae

193 1295 362 1348 cognovi
392 1298 549 1343 egomet
583 1286 690 1338 apud
719 1283 838 1322 istum
867 1279 906 1317 in
936 1275 1101 1315 aedibus
1132 1281 1267 1320 nuper,
1300 1278 1391 1305 cum
1423 1261 1523 1301 obsi-

195 1360 342 1414 gnandi
358 1357 479 1410 gratia
492 1353 698 1393 venissem.
749 1348 863 1395 Quae
884 1342 993 1392 signa
1014 1350 1131 1383 nunc,
1148 1337 1301 1378 Verres,
1321 1329 1388 1369 ubi
1406 1328 1525 1366 sunt?

194 1429 259 1466 illa
279 1436 426 1476 quaero
443 1433 543 1472 quae
562 1416 671 1467 apud
686 1422 724 1452 te
744 1423 869 1460 nuper
888 1408 939 1446 ad
955 1403 1083 1444 omnis
1104 1402 1320 1443 columnas,
1339 1392 1525 1434 omnibus

195 1492 313 1531 etiam
344 1480 667 1527 intercolumniis,
700 1478 740 1515 in
772 1475 867 1514 silva
900 1469 1072 1519 denique
1106 1462 1296 1515 disposita
1331 1460 1404 1498 sub
1436 1456 1528 1495 divo

197 1557 379 1596 vidimus.
440 1554 521 1591 Cur
541 1562 597 1594 ea,
622 1556 739 1596 quam
762 1540 831 1581 diu
860 1537 981 1577 alium
1003 1540 1222 1585 praetorem
1245 1540 1336 1567 cum
1367 1525 1412 1563 iis
1434 1522 1531 1561 iudi-

198 1623 310 1660 cibus
332 1631 432 1669 quos
449 1616 487 1654 in
509 1616 649 1652 horum
666 1611 799 1647 locum
819 1599 1054 1642 subsortitus
1074 1610 1115 1636 es
1136 1597 1186 1634 de
1202 1602 1240 1632 te
1260 1593 1301 1630 in
1321 1587 1530 1629 consilium

200 1687 345 1724 iturum
375 1679 532 1732 putasti,
554 1684 634 1715 tam
665 1673 732 1712 diu
757 1667 866 1709 domi
896 1667 1076 1704 fuerunt:
1106 1666 1364 1711 posteaquam
1390 1651 1531 1691 nostris

202 1749 368 1789 testibus
388 1758 460 1784 nos
481 1754 599 1793 quarn
616 1737 722 1777 horis
738 1734 814 1774 tuis
834 1731 890 1771 uti
911 1730 1027 1768 malle
1042 1723 1185 1771 vidisti,
1203 1722 1355 1761 nullum
1377 1718 1530 1768 signum

203 1813 313 1854 domi
343 1807 533 1860 reliquisti
563 1810 715 1857 praeter
744 1802 825 1840 duo
857 1808 958 1846 quae
987 1793 1028 1831 in
1059 1789 1200 1830 mediis
1233 1785 1398 1825 aedibus
1430 1788 1531 1822 sunt,

206 1892 307 1930 quae
328 1876 413 1928 ipsa
442 1875 561 1913 Samo
582 1868 736 1909 sublata
764 1862 884 1902 sunt?
932 1860 1025 1897 Non
1055 1852 1200 1907 putasti
1231 1863 1293 1889 me
1323 1848 1398 1887 tuis
1430 1844 1537 1884 fami-

256 1993 269 2012 1
297 1982 371 2012 adv.
390 1978 496 2016 istius,
518 1972 658 2015 prandia
676 1982 682 2001 ε
706 1969 751 2000 sic
765 1963 915 1998 distinxit
932 1959 1137 2000 Madvigius,
1157 1956 1245 1989 etita
1262 1957 1309 1986 est
1325 1953 1357 1983 in
1368 1955 1392 1991 p
1519 1957 1537 1976 ’.Ξ

212 2033 416 2062 muneraque
433 2021 488 2061 Dp
500 2018 564 2050 rell.
584 2028 590 2047 z
615 2023 755 2046 munera
773 2009 864 2048 Asa,
883 2005 953 2038 edd.
967 2007 1038 2036 vett.
1162 2003 1460 2031 commemorarem
1473 1996 1497 2030 p
1512 1994 1541 2021 et

206 2070 319 2110 primo
335 2066 369 2096 D
481 2072 520 2092 10
543 2069 624 2091 vero
640 2068 707 2088 om.
722 2061 746 2096 p
850 2048 1014 2090 expilatio
1042 2044 1145 2082 Koch,
1173 2041 1286 2073 Muell.
1315 2042 1356 2078 (et
1387 2036 1438 2076 13)
1458 2047 1464 2066 :
1490 2034 1535 2071 iii,

214 2116 252 2150 ξς
271 2112 301 2149 6,
322 2119 362 2147 23
454 2116 491 2136 12
516 2103 605 2143 apud
622 2102 705 2132 deos
722 2101 738 2129 δ
757 2098 812 2136 (ex
827 2094 914 2134 apud
931 2099 981 2130 os,
998 2089 1098 2128 credo,
1116 2086 1242 2125 ortum)
1351 2090 1388 2120 15
1411 2079 1540 2118 legatos

214 2156 323 2194 pr:
351 2161 418 2181 -um
438 2150 472 2179 rb
564 2156 601 2185 17
627 2144 719 2175 illinc
739 2140 774 2172 D
790 2139 832 2171 al.
852 2138 916 2168 vrb:
941 2136 1039 2166 istinc
1057 2146 1069 2165 ς
1088 2144 1095 2163 :
1120 2129 1218 2161 istinc
1236 2126 1323 2157 illinc
1343 2122 1435 2163 6,ss
1499 2130 1541 2150 20

216 2201 249 2228 in
268 2196 422 2228 omnibus
440 2192 548 2227 Klotz,
566 2187 678 2219 Muell.
777 2193 815 2213 21
842 2182 875 2212 in
894 2176 1050 2211 intercol.
1066 2174 1185 2212 Halm,
1205 2170 1308 2208 Kays.
1401 2175 1442 2204 23
1466 2163 1541 2195 sub-

217 2241 360 2273 sortitus
373 2237 414 2267 πὸ
427 2236 468 2276 (1,
489 2238 504 2272 ξ
520 2235 576 2273 30)
595 2243 602 2262 z
626 2230 768 2262 sortitus
780 2226 844 2257 ΒΨ
863 2225 899 2265 (i,
916 2226 931 2261 ξ
949 2221 1025 2261 158)
1118 2227 1156 2248 es
1172 2213 1260 2247 codd.
1281 2224 1287 2243 ε
1305 2220 1400 2242 esses
1416 2209 1543 2246 Zumpt

218 2282 463 2315 subsortiturus
474 2287 549 2308 eras
561 2274 639 2306 coni.
656 2272 792 2304 Hotom.
885 2275 926 2306 25
950 2265 1017 2296 tuis
1033 2261 1089 2303 Dp
1106 2259 1169 2291 rell.
1188 2270 1194 2289 :
1219 2267 1284 2288 om.
1305 2255 1395 2292 Asa,
1413 2250 1480 2283 cod.
1502 2249 1541 2288 (ἒ)

224 2329 294 2358 Vrs.
387 2324 453 2355 tuis
470 2320 563 2352 horis
581 2319 600 2350 b

1534 754 1568 775 10

1548 1402 1586 1424 20
