1600 2704
86 141 132 169 10
154 134 194 167 26
522 119 578 156 M.
610 113 779 154 TVLLI
808 105 1115 151 CICERONIS

153 235 297 276 iudicia
336 230 527 284 pecuniae
567 227 772 270 dabantur,
813 234 895 259 non
939 225 1019 257 erat
1043 214 1327 266 ‘quaerendum
1371 208 1483 249 cuius

96 318 132 349 27
154 315 273 342 manu
295 301 604 340 numerarentur,
626 290 696 328 sed
718 286 827 326 cuius
849 283 988 323 iniuria
1008 286 1249 331 cogerentur.
1306 273 1485 316 Comites

154 367 208 406 illi
229 365 284 404 tui
310 361 450 403 delecti
473 369 612 397 manus
637 360 746 392 erant
767 359 882 397 tuae3
911 344 1109 398 praefecti,
1132 342 1296 388 scribae,
1315 337 1483 382 accensi,

156 429 310 475 medici,
334 424 570 474 haruspices,
594 428 807 470 praecones
829 425 968 452 manus
986 416 1095 449 erant
1114 415 1229 454 tuae3
1257 412 1299 443 ut
1320 402 1488 453 quisque

157 506 195 535 te
212 493 380 533 maxime
397 486 632 539 cognatione
648 480 852 521 adfinitate
868 473 1161 516 necessitudine
1181 471 1312 520 aliqua
1328 466 1490 516 attinge·
1510 481 1527 512 5

158 562 237 606 bat,
274 559 327 596 ita
358 553 527 593 maxime
562 560 701 588 manus
740 553 808 583 tua
840 542 1078 593 putabatur3
1120 538 1261 576 cohors
1295 540 1378 572 tota
1411 530 1488 577 illa,

161 637 262 674 quae
296 623 383 671 plus
415 617 507 656 mali
543 612 697 653 Siciliae
735 608 846 649 dedit
879 619 998 657 quam
1038 603 1070 642 si
1109 609 1269 641 centum
1309 598 1491 636 cohortes

161 687 412 738 fugitivorum
453 680 631 726 fuissent,
673 684 742 714 tua
788 684 928 711 manus
972 669 1056 708 sine
1103 662 1370 705 controversia
1407 659 1490 698 fuit.

164 749 367 801 Quicquid
401 747 452 786 ab
486 747 628 783 horum
663 737 851 790 quopiam
884 742 1042 785 captum
1078 739 1150 779 est,
1183 730 1224 768 id
1258 740 1340 766 non
1371 725 1494 763 modo

163 817 234 856 tibi
259 817 408 859 datum,
432 811 501 850 sed
528 816 597 847 tua
620 817 740 844 manu
766 807 1016 840 numeratum
1046 794 1210 835 iudicari
1237 803 1399 831 necesse
1423 796 1492 827 est.
1518 800 1557 822 10

166 885 271 921 Nam
302 880 333 918 si
362 880 465 916 hanc
494 871 767 914 defensionem
798 863 1026 917 probabitis,
1062 862 1177 899 ‘Non
1208 856 1361 907 accepit
1389 854 1497 904 ipse‚'

166 949 257 986 licet
282 943 416 984 omnia
445 941 495 980 de
522 935 700 989 pecuniis
727 928 954 983 repetundis
983 925 1128 966 iudicia
1151 921 1306 962 tollatis.
1366 920 1499 957 Nemo

169 1022 359 1061 umquam
391 1018 479 1045 reus
512 1012 592 1041 tam
624 1011 772 1039 nocens
811 996 1030 1034 adducetur
1065 989 1132 1040 qui
1165 988 1238 1026 ista
1270 982 1500 1025 defensione

170 1089 251 1115 non
271 1071 394 1125 possit
415 1069 471 1109 uti
487 1084 496 1116 3
521 1065 666 1106 etenim
687 1075 777 1102 cum
794 1063 935 1099 Verres
956 1064 1099 1103 utatur,
1115 1053 1203 1104 quis
1224 1050 1295 1090 erit
1311 1059 1500 1098 umquam

171 1141 337 1192 posthac
358 1149 445 1175 reus
466 1142 546 1172 tam
567 1129 743 1182 perditus
764 1125 831 1176 qui
853 1137 933 1163 non
954 1123 1004 1161 ad
1027 1122 1076 1169 Q.
1100 1117 1212 1157 Muci
1232 1111 1502 1154 innocentiam
1525 1123 1561 1156 15

172 1207 368 1249 referatur,
402 1201 433 1239 si
464 1211 555 1237 cum
587 1196 662 1234 isto
694 1190 944 1231 conferatur?
1001 1188 1143 1235 Neque
1177 1194 1284 1220 nunc
1323 1188 1401 1218 tam
1441 1175 1504 1215 isti

174 1269 270 1308 mihi
291 1269 454 1306 Verrem
479 1261 692 1302 defendere
713 1256 895 1294 videntur
917 1264 1036 1302 quam
1061 1249 1101 1287 in
1121 1249 1242 1286 Verre
1263 1240 1506 1284 defensionis

174 1340 366 1383 temptare
387 1328 591 1368 rationem.

231 1400 322 1447 Qua
348 1396 398 1434 de
427 1406 478 1440 re,
510 1389 673 1435 iudices,
700 1395 938 1436 magnopere
964 1378 1076 1419 vobis
1105 1373 1395 1428 providendum
1426 1376 1508 1409 est:

175 1463 345 1515 pertinet
360 1462 437 1498 hoc
458 1458 509 1496 ad
525 1465 721 1494 summam
737 1464 819 1490 rem
836 1446 1036 1499 publicam
1059 1451 1095 1482 et
1112 1443 1163 1480 ad
1179 1436 1509 1480 existimationem
1533 1449 1570 1471 20

177 1527 324 1568 ordinis
359 1522 481 1563 nostri
516 1521 762 1567 salutemque
797 1512 1005 1552 sociorum.
1065 1507 1104 1546 Si
1139 1504 1244 1544 enim
1279 1503 1511 1540 innocentes

178 1589 388 1632 existimari
428 1588 621 1630 volumus,
664 1594 745 1620 non
790 1580 918 1618 solum
957 1586 1044 1621 nos,
1083 1571 1153 1610 sed
1196 1568 1315 1608 etiam
1356 1571 1512 1604 nostros

125 1669 159 1696 11
180 1656 344 1697 comites
365 1659 560 1704 praestare
581 1647 785 1687 debemus.
846 1641 1021 1680 Primum
1043 1635 1220 1676 omnium
1242 1643 1361 1682 opera
1380 1629 1513 1668 danda

182 1730 239 1761 est
260 1729 302 1759 ut
330 1732 398 1758 eos
418 1715 628 1756 nobiscum
653 1712 868 1750 educamus
889 1704 957 1756 qui
986 1709 1142 1741 nostrae
1163 1700 1290 1737 famae
1314 1693 1512 1744 capitique

184 1786 416 1830 consulant3
458 1779 615 1824 deinde,
658 1775 689 1814 si
727 1774 768 1812 in
810 1768 1039 1810 hominibus
1079 1761 1268 1814 eligendis
1311 1772 1384 1798 nos
1423 1769 1512 1807 spes
1535 1769 1600 1800 25·

184 1849 378 1889 amicitiae
404 1843 594 1890 fefellerit,
618 1849 661 1880 ut
687 1837 943 1880 vindicemus,
968 1831 1108 1870 missos
1130 1827 1331 1871 faciamus,
1361 1834 1516 1872 semper
1598 1815 1600 1817 ’

118 1414 155 1445 28

1085 1933 1104 1960 4
1129 1930 1194 1960 quo
1212 1918 1351 1958 quisque
1368 1915 1410 1945 πΙε
1497 1913 1520 1943 6

1142 1964 1203 2004 786
1218 1973 1224 1993 τ
1250 1965 1319 1992 tota
1336 1958 1392 1990 illa
1409 1962 1466 1989 tua
1482 1956 1519 1985 ὂδ

1157 2009 1367 2037 numeratum
1385 2001 1427 2032 sit
1447 1998 1518 2031 CO¹

228 1953 249 1982 3
272 1939 406 1972 accensi
420 1935 541 1968 medici
560 1933 655 1966 COlt
681 1931 767 1962 med.
788 1938 855 1960 acc.
880 1932 904 1967 p
922 1924 992 1956 rell.

185 1992 256 2018 tota
273 1985 329 2015 illa
347 1982 417 2014 COl
436 1993 442 2011 2
466 1984 536 2011 tota
554 1983 611 2008 tua
631 1976 687 2007 illa
704 1985 746 2005 πε
772 1979 827 2004 tua
849 1975 920 2002 tota
939 1968 995 1999 illa
1017 1966 1097 1998 Par.
1119 1975 1135 2004 7

189 2041 205 2068 7
233 2028 368 2060 Siciliae
386 2024 478 2056 dedit
497 2022 524 2053 C
539 2020 626 2053 codd.
647 2031 654 2050 τ
679 2018 771 2049 dedit
789 2016 855 2047 Sic.
876 2012 964 2053 vulg.
1093 2019 1134 2039 10

1146 2060 1185 2089 13
1209 2057 1288 2080 reus
1305 2052 1373 2078 tam
1391 2052 1520 2075 nocens

192 2075 271 2113 (om.
292 2069 448 2107 iudicari)
543 2075 579 2096 11
606 2062 737 2101 accepit
756 2059 800 2090 C:
825 2056 947 2096 accipit
964 2053 1026 2085 nbk

193 2116 239 2155 Cp
257 2115 322 2145 al.:
348 2124 376 2144 v.
396 2108 519 2142 Anecd.
543 2113 576 2150 p.
597 2102 826 2137 xxvii-xxviii.
895 2099 996 2130 Verba
1020 2102 1089 2128 tarn
1112 2092 1285 2126 convictus
1310 2090 1343 2120 in
1362 2097 1468 2127 maig.
1491 2084 1522 2115 O

193 2158 346 2189 videntur
375 2153 543 2193 inrepsisse
568 2162 606 2182 ex
630 2148 736 2180 simili
762 2147 836 2184 loco,
864 2143 907 2174 II.
935 2144 955 2181 i,
978 2145 993 2179 ξ
1013 2150 1053 2171 10
1222 2136 1261 2165 16
1285 2133 1340 2164 isti
1365 2130 1447 2162 mihi
1474 2127 1521 2159 C:

195 2201 274 2231 mihi
293 2199 345 2229 isti
359 2204 383 2238 p
401 2197 467 2227 rell.
576 2204 614 2232 19
638 2199 843 2231 magnopere
863 2187 909 2227 Cp
929 2184 986 2225 (11.
1007 2184 1027 2223 i,
1048 2186 1064 2221 ξ
1082 2182 1159 2219 27);
1184 2187 1307 2216 magno
1326 2183 1431 2215 opere
1447 2170 1519 2203 edd.

196 2254 238 2273 20
262 2252 330 2273 rem
349 2251 381 2280 p.
402 2239 505 2279 COp:
529 2237 577 2268 rei
596 2247 625 2275 p.
648 2235 714 2266 rell.
851 2241 889 2261 21
910 2227 1018 2260 nostri
1039 2225 1109 2258 ίῸ1
1127 2235 1133 2254 :
1157 2232 1221 2253 om.
1237 2227 1262 2262 p
1280 2219 1346 2250 rell.
1482 2223 1524 2245 22

198 2296 259 2317 nos
284 2284 491 2315 abstinentes
516 2280 603 2311 codd.
626 2282 755 2319 practer
778 2276 805 2307 C
808 2274 848 2304 0¹
937 2276 1072 2303 nostros
1089 2266 1232 2299 comites
1251 2263 1316 2304 Cpb
1333 2260 1375 2293 al.
1395 2270 1402 2290 :
1436 2268 1520 2290 com.

200 2334 303 2360 nostr.
326 2326 367 2356 Οι
479 2334 520 2363 23
544 2324 689 2354 omnium
707 2331 772 2350 om.
794 2317 852 2350 CO
870 2315 960 2357 (add.
982 2314 1040 2355 01)
1175 2320 1216 2347 24
1242 2309 1424 2338 educamus
1442 2300 1523 2333 CO:

203 2374 364 2403 ducamus
383 2368 444 2400 rell.
583 2367 623 2396 26
647 2365 827 2394 iudicemus
842 2366 887 2401 pq
906 2357 1021 2399 (indic.
1043 2356 1072 2397 r)
