1600 2704
70 129 338 169 ACTIONIS
360 131 422 168 IN
443 129 488 170 C.
510 131 752 168 VERREM
774 130 1073 169 SECVNDAE
1095 131 1199 168 LIB.
1224 132 1283 169 IV
1343 140 1396 169 20
1415 145 1457 177 43

69 237 99 277 si
116 251 264 277 emeras
277 240 295 277 ?
351 238 460 288 Quid
480 246 561 278 erat
581 240 691 289 quod
712 239 971 277 confirmabat
992 252 1033 277 se
1053 239 1123 277 abs
1138 247 1176 277 te
1191 249 1396 289 argentum

67 316 152 342 esse
182 303 449 354 repetiturum,
472 303 504 342 si
533 303 574 342 id
604 303 675 342 tibi
696 316 766 341 sua
793 304 995 342 voluntate
1016 303 1277 342 vendiderat?
1333 307 1396 343 Tu

66 381 182 418 porro
198 381 334 418 posses
349 370 475 408 facere
491 376 534 407 ut
555 370 628 409 Cn.
646 367 801 408 Calidio
823 381 904 406 non
924 369 1141 407 redderes?
1169 369 1396 419 praesertim

66 444 156 470 cum
174 431 204 470 is
224 433 266 470 L.
284 432 464 480 Sisenna,
476 434 683 471 defensore
700 439 779 479 tuo,
799 439 879 470 tam
901 432 1139 471 familiariter
1154 440 1336 480 uteretur,
1358 441 1396 472 et

28 509 45 541 5
65 508 156 534 cum
173 496 310 534 ceteris
324 495 579 535 familiaribus
596 496 786 535 Sisennae
807 496 1056 535 reddidisses.
1109 497 1294 547 Denique
1316 511 1396 537 non
1415 513 1457 545 44

64 559 204 609 opinor
232 567 465 610 negaturum
489 574 575 599 esse
601 567 639 599 te
666 560 819 600 homini
848 562 1028 607 honesto,
1052 562 1121 600 sed
1150 574 1230 600 non
1259 562 1398 612 gratio-

65 623 155 662 siori
170 637 289 674 quam
304 625 377 664 Cn.
395 625 572 665 Calidius
589 632 657 672 est,
675 627 716 663 L.
735 625 910 671 Curidio,
929 633 967 664 te
983 634 1186 676 argentum
1203 639 1270 676 per
1284 629 1397 666 Pota-

63 700 235 735 monem,
257 688 429 727 amicum
452 696 575 735 tuum,
598 689 827 729 reddidisse.
888 690 969 738 Qui
990 690 1152 740 quidem
1176 699 1395 730 ceterorum

62 766 221 792 causam
252 755 359 804 apud
380 761 418 793 te
438 754 698 793 difficiliorem
728 754 830 793 fecit.
890 756 995 793 Nam
1018 768 1107 793 cum
1130 763 1167 794 te
1188 756 1395 806 compluri-

4 831 43 855 10
61 817 134 856 bus
173 819 446 857 confirmasses
494 819 751 867 redditurum,
792 826 1051 870 posteaquam
1091 819 1276 860 Curidius
1324 834 1397 871 pro

59 882 287 921 testimonio
318 883 414 921 dixit
445 890 483 922 te
515 883 589 922 sibi
623 883 853 930 reddidisse,
883 885 1002 923 finem
1033 885 1226 924 reddendi
1255 886 1392 932 fecisti,

59 947 168 996 quod
199 946 420 985 intellexisti
442 948 587 997 praeda
607 955 646 986 te
666 949 717 987 de
738 948 920 986 manibus
951 948 1093 987 emissa
1123 949 1393 988 testimonium

59 1017 192 1049 tamen
224 1012 393 1061 effugere
424 1025 504 1050 non
539 1025 665 1062 posse.
738 1013 812 1052 Cn.
836 1013 1002 1059 Calidio,
1036 1013 1158 1063 equiti
1193 1015 1390 1062 Romano,

59 1089 127 1126 per
166 1076 294 1115 omnis
333 1076 430 1114 alios
469 1084 667 1127 praetores
706 1076 814 1115 licuit
854 1077 999 1116 habere
1046 1085 1249 1128 argentum
1291 1079 1392 1117 bene

1 1154 39 1185 15
59 1141 218 1187 factum,
254 1140 362 1179 licuit
400 1154 516 1191 posse
555 1140 782 1180 domesticis
821 1141 956 1192 copiis,
992 1155 1083 1180 cum
1124 1142 1391 1193 magistratum

57 1212 124 1242 aut
144 1205 315 1255 aliquem
337 1205 577 1255 superiorem
599 1205 810 1253 invitasset,
834 1219 971 1244 ornare
991 1214 1029 1244 et
1049 1220 1235 1257 apparare
1259 1208 1392 1245 convi-

57 1268 175 1306 vium.
236 1269 355 1308 Multi
376 1270 486 1309 domi
508 1271 581 1310 Cn.
606 1270 735 1310 Calidi
756 1284 847 1309 cum
875 1278 1068 1321 potestate
1088 1279 1206 1321 atque
1228 1272 1392 1322 imperio

57 1334 237 1372 fuerunt:
267 1348 385 1373 nemo
416 1335 598 1374 inventus
620 1343 678 1374 est
699 1343 778 1374 tam
799 1349 936 1374 amens
964 1336 1031 1386 qui
1060 1336 1157 1375 illud
1186 1345 1391 1386 argentum

57 1405 136 1436 tam
158 1400 398 1448 praeclarum
420 1413 466 1438 ac
487 1407 567 1438 tam
588 1400 722 1439 nobile
742 1400 917 1450 eriperet,
936 1413 1055 1439 nemo
1076 1408 1155 1438 tam
1175 1402 1303 1440 audax
1324 1402 1391 1451 qui

0 1477 40 1500 20
57 1470 247 1512 posceret,
277 1476 395 1502 nemo
425 1471 505 1502 tam
536 1465 746 1515 impudens
777 1464 844 1514 qui
874 1466 1088 1514 postularet
1118 1472 1159 1503 ut
1190 1466 1387 1505 venderet.

57 1528 279 1577 Superbum
307 1536 365 1566 est
391 1528 509 1576 enim,
532 1528 694 1576 iudices,
716 1536 755 1568 et
783 1542 865 1567 non
895 1530 1100 1568 ferendum
1125 1529 1256 1569 dicere
1286 1544 1391 1581 prae-
1408 1548 1451 1580 45

57 1599 181 1630 torem
220 1592 260 1630 in
298 1592 499 1642 provincia
537 1593 689 1632 homini
725 1594 905 1640 honesto,
937 1593 1134 1644 locupleti,
1168 1595 1389 1645 splendido,

58 1658 222 1696 ‘Vende
261 1657 357 1695 mihi
392 1671 484 1696 vasa
523 1660 716 1706 caelata'3
757 1659 834 1697 hoc
865 1666 923 1697 est
954 1658 1060 1697 enim
1093 1659 1234 1707 dicere,
1274 1662 1390 1699 ‘Non

55 1734 96 1760 es
129 1722 270 1772 dignus
302 1729 343 1761 tu
375 1722 442 1773 qui
474 1723 620 1762 habeas
651 1737 753 1774 quae
783 1731 863 1763 tam
889 1724 990 1763 bene
1021 1725 1123 1763 facta
1154 1732 1258 1772 sunt,
1280 1739 1391 1764 meae

0 1800 37 1834 ²5
56 1786 254 1837 dignitatis
284 1787 358 1827 ista
386 1790 501 1827 sunt.⁷
558 1790 622 1827 Tu
652 1788 819 1840 dignior,
842 1791 995 1836 Verres,
1028 1803 1147 1840 quam
1184 1790 1391 1830 Calidius?

55 1852 133 1902 qui,
167 1860 210 1890 ut
244 1866 325 1891 non
361 1855 561 1892 conferam
592 1853 712 1892 vitam
751 1868 882 1905 neque
913 1854 1242 1894 existimationem
1282 1864 1389 1894 tuam

55 1929 146 1956 cum
178 1917 466 1968 illius—neque
496 1918 602 1957 enim
634 1926 692 1957 est
730 1920 994 1966 conferenda3
1033 1920 1110 1958 hoc
1136 1919 1265 1969 ipsum
1300 1932 1391 1958 con-

56 1982 176 2020 feram
205 1995 284 2032 quo
311 1990 354 2021 tu
380 1990 418 2021 te
446 1983 686 2033 superiorem
715 1984 828 2033 fingis
843 1999 853 2032 3
883 1985 992 2034 quod
1022 1985 1092 2047 {IS
1120 1983 1195 2022 c-C‘E
1216 1983 1389 2023 divisori-

57 2047 129 2086 bus
159 2055 201 2086 ut
231 2055 386 2098 praetor
409 2048 675 2088 renuntiarere
704 2048 859 2096 dedisti,
889 2056 1063 2088 trecenta
1092 2051 1308 2088 accusatori
1338 2063 1389 2088 ne

0 2129 38 2162 30
55 2112 125 2151 tibi
157 2112 318 2152 odiosus
348 2121 459 2160 esset,
483 2127 529 2152 ea
559 2128 600 2152 re
630 2113 853 2153 contemnis
884 2122 1106 2164 equestrem
1140 2113 1320 2153 ordinem
1350 2122 1388 2153 et

54 2177 252 2228 despicis?
308 2191 354 2216 ea
382 2191 422 2216 re
451 2177 522 2216 tibi
551 2177 758 2228 indignum
788 2177 913 2217 visum
944 2186 1002 2217 est
1031 2178 1255 2229 quicquam,
1278 2180 1386 2229 quod

54 2240 125 2279 tibi
146 2243 325 2292 placeret,
351 2242 549 2282 Calidium
571 2242 701 2293 potius
722 2242 867 2282 habere
888 2255 1005 2293 quam
1028 2245 1095 2282 te?

101 2353 114 2374 1
142 2345 169 2375 si
187 2347 340 2376 emeras?
359 2344 449 2384 Quid
465 2345 602 2385 Kayser,
622 2344 798 2377 Zielinski:
825 2345 860 2377 Si
879 2356 1018 2387 emeras,
1040 2346 1118 2387 quid
1135 2346 1204 2379 edd.
1365 2359 1385 2378 2

56 2386 87 2417 id
105 2397 172 2418 om.
189 2389 229 2417 πδ
364 2399 401 2418 12
426 2390 546 2420 emissa
563 2389 657 2420 SDW
672 2402 677 2420 :
702 2390 823 2420 amissa
840 2389 912 2429 pr
929 2389 996 2420 edd.
1131 2392 1173 2423 28
1196 2393 1257 2423 ff
1272 2391 1360 2433 vulg.
1379 2405 1383 2421 z

56 2439 112 2460 ccc
130 2429 212 2462 RS:
239 2441 330 2462 Lxxx
347 2433 489 2473 miliapfi
505 2446 510 2464 :
536 2442 618 2463 Dccc
636 2433 727 2463 Noli!
