1600 2704
569 125 895 164 PRAEFATIO

65 241 123 272 est
157 233 404 272 aestimanda
437 246 558 284 quam
594 234 659 272 illa
692 248 812 284 quam
846 235 963 274 tradit
998 235 1037 273 in
1074 236 1181 274 libris
1213 238 1400 276 extremis

63 298 422 349 praestantissimus
443 299 569 337 codex
590 300 631 337 R
649 300 667 337 ¹.

119 363 276 413 Quodsi
303 371 455 414 praeter
480 363 601 402 libros
622 363 712 401 iv-v
732 364 814 402 duo
835 371 989 402 tantum
1020 365 1112 403 folia
1142 365 1181 402 in
1214 367 1246 404 S
1269 378 1399 415 super-

63 436 165 476 sunt,
201 428 298 479 quid
329 430 431 467 valet
462 428 526 466 hic
558 429 685 467 codex
715 429 767 467 ad
795 436 946 467 textum
976 429 1149 479 priorum
1177 430 1398 468 orationum

62 493 192 532 stabili
213 495 252 531 in
273 495 363 532 loco
383 493 739 533 constituendum?
797 496 868 532 Est
888 496 996 533 unde
1017 496 1132 534 detur
1153 508 1398 545 responsum.

63 560 201 596 Exstat
228 557 348 597 etiam
376 559 415 596 in
442 558 686 598 bibliotheca
708 558 916 598 Parisiensi
947 561 1035 598 cod.
1069 562 1140 608 782
1148 574 1169 609 3
1197 559 1289 610 (D),
1319 573 1398 598 non

61 631 178 662 antea
198 625 363 662 collatus
384 623 458 662 nisi
477 624 614 674 paucis
640 624 747 662 locis.
810 626 933 663 Hunc
954 638 1028 675 ego
1053 625 1215 663 ineunte
1242 626 1400 664 saeculo

60 689 201 738 quinto
217 688 375 727 decimo
395 702 442 727 ex
458 690 491 728 S
507 689 749 740 descriptum
771 703 857 728 esse
878 690 1128 740 pronuntiavi
1150 692 1203 741 (J.
1222 691 1295 728 Ple.
1314 704 1399 736 xxx,

60 767 124 804 pp.
153 756 223 802 167
251 753 372 805 sqq),
403 755 512 803 quod
542 755 635 792 satis
667 762 724 792 est
759 768 902 793 causae
933 767 1001 793 cur
1032 755 1177 804 primas
1209 756 1243 793 ei
1271 763 1400 804 partes

60 819 269 858 detulerim
304 819 344 857 in
374 827 482 857 textu
514 819 687 869 priorum
715 819 938 858 orationum
967 819 1208 858 definiendo.
1269 820 1399 859 Ceteri

60 883 177 922 huius
204 884 375 923 familiae
395 884 565 930 codices,
589 898 636 924 ex
658 886 734 923 SD
758 885 921 923 derivati
950 885 1080 935 potius
1101 898 1222 935 quam
1246 899 1293 924 ex
1313 885 1402 935 ipso

60 951 102 987 R
121 951 163 1000 tl.
180 963 212 988 c.
230 962 296 999 pp.
324 952 396 998 169
418 950 534 1000 sqq),
556 949 758 988 abiciendi
785 958 876 988 sunt
897 963 1036 989 omnes
1057 966 1063 987 :
1093 952 1186 988 satis
1216 950 1337 988 habui
1358 950 1398 988 in

61 1016 134 1052 hac
166 1013 341 1052 editione
370 1013 550 1052 omnium
580 1015 641 1052 vel
672 1013 931 1064 plurimorum
961 1028 1201 1053 consensum
1232 1016 1330 1065 siglo
1364 1014 1400 1051 Ψ

61 1078 257 1129 insignire.
321 1079 426 1116 Nam
460 1079 565 1129 prior
595 1078 668 1117 iste
704 1079 1037 1128 Guelferbytanus
1069 1078 1172 1130 (G,)‚
1205 1081 1255 1118 de
1287 1080 1399 1118 cuius

62 1143 208 1182 meritis
228 1144 345 1193 plane
371 1151 596 1182 erraverunt
623 1143 804 1190 editores,
828 1151 866 1182 et
894 1144 1087 1182 recentior
1108 1152 1166 1182 est
1187 1157 1307 1194 quam
1334 1146 1397 1195 G..

60 1217 98 1247 et
115 1209 240 1246 multo
262 1208 384 1258 magis
405 1208 717 1247 correctionibus
738 1210 974 1258 depravatus
995 1209 1034 1259 (l.
1051 1223 1083 1247 c.
1103 1222 1166 1259 pp.
1191 1212 1263 1258 183
1281 1211 1396 1260 sqq).

60 1276 203 1324 Neque
220 1272 378 1312 maioris
394 1281 452 1311 est
466 1273 578 1324 pretii
595 1275 721 1313 codex
739 1274 948 1313 Leidensis
966 1274 1034 1326 (L)
1053 1290 1060 1312 :
1085 1276 1132 1313 cf.
1150 1276 1171 1312 l.
1188 1288 1219 1313 c.
1239 1288 1303 1325 pp.
1325 1278 1397 1323 176

59 1352 145 1389 sqq.
191 1339 297 1377 Illud
313 1351 384 1389 pro
403 1346 511 1377 certo
533 1347 591 1377 est
612 1340 858 1386 habendum,
875 1339 1119 1389 ubicumque
1141 1339 1204 1378 hic
1221 1347 1259 1378 et
1279 1340 1396 1378 ceteri

58 1404 109 1442 ab
131 1405 208 1443 SD
228 1404 429 1443 declinant
459 1417 614 1454 semper
641 1404 680 1442 in
705 1405 881 1455 peiorem
907 1404 988 1443 fieri
1015 1415 1177 1454 partem.
1240 1406 1397 1442 Horum

59 1468 244 1507 codicum
262 1468 451 1508 lectiones
472 1471 677 1520 neglegere
690 1478 728 1508 et
745 1478 929 1520 poterunt
946 1478 984 1508 et
1001 1470 1206 1508 debebunt
1227 1469 1373 1519 posteri
1393 1485 1399 1506 z

58 1536 142 1584 ipse
163 1534 308 1573 nimius
328 1536 492 1574 fortasse
513 1535 567 1573 fui
584 1535 651 1585 qui
668 1537 770 1575 duos
791 1549 812 1574 e
830 1537 974 1574 Museo
992 1535 1220 1573 Britannico
1241 1548 1332 1573 curn
1353 1534 1399 1572 iis

59 1599 330 1639 coniunxerim
363 1600 494 1647 libros,
520 1602 630 1639 Harl.
654 1613 756 1650 4105
784 1608 822 1639 et
847 1603 950 1650 4852
972 1600 1014 1650 (l.
1030 1613 1063 1638 c.
1086 1614 1150 1650 pp.
1179 1601 1247 1638 181
1279 1600 1398 1650 sqq),

57 1677 227 1714 quorum
257 1665 321 1703 hic
353 1667 563 1716 praecipue
587 1666 778 1716 optimam
807 1666 968 1716 praebet
999 1666 1270 1705 recensionem
1296 1678 1398 1715 quae

57 1730 87 1768 si
117 1738 235 1768 antea
273 1729 409 1768 fuisset
447 1732 603 1780 vulgata
637 1744 855 1781 numquam
901 1731 950 1779 G¹
995 1730 1045 1782 Ge
1083 1732 1154 1769 Ld.
1193 1739 1398 1781 tantopere

57 1796 284 1834 laudassent
314 1796 499 1835 editores.

113 1861 342 1900 Proximum
376 1870 435 1900 est
469 1870 511 1900 ut
541 1862 729 1900 familiam
775 1864 813 1900 Y
838 1876 1124 1909 recenseamus,
1158 1863 1220 1900 cui
1255 1863 1398 1900 adscri-

58 1927 236 1965 bendum
261 1934 319 1965 est
346 1926 585 1965 deteriorum
611 1927 797 1966 codicum
832 1941 975 1978 agmen
997 1941 1097 1977 quos
1127 1928 1397 1966 adhibuerunt

58 1990 85 2027 ii
105 1990 173 2040 qui
194 1990 380 2029 Verrinas
410 1992 581 2042 primum
603 1993 705 2042 typis
726 1993 927 2042 impressis
958 1993 1257 2030 mandaverunt.
1317 1993 1398 2030 Sed

58 2054 159 2093 inter
188 2056 261 2093 hos
288 2062 327 2093 et
358 2057 446 2094 cod.
481 2056 702 2094 Parisinum
738 2059 838 2104 7776
872 2056 953 2107 (p),
988 2058 1146 2095 saeculo
1182 2056 1400 2095 undecimo

58 2128 259 2159 exaratum
290 2120 529 2171 (Chatelain,
561 2134 623 2171 op.
658 2121 746 2160 cit.:
778 2122 834 2159 Pl.
869 2121 984 2170 xxxi),
1018 2121 1111 2160 satis
1142 2123 1305 2172 longum
1338 2129 1397 2160 est

58 2185 319 2224 intervallum.
389 2187 513 2223 Hunc
559 2185 740 2224 codicem
785 2194 913 2224 totum
964 2186 1121 2237 perlegi,
1164 2195 1203 2225 et
1251 2200 1399 2225 errores

59 2263 196 2290 eorum
235 2249 303 2300 qui
341 2251 551 2300 scripturas
586 2252 669 2289 eius
713 2250 791 2289 iam
823 2259 939 2290 antea
979 2253 1211 2290 rettulerunt
1239 2251 1302 2303 (J.
1321 2253 1397 2289 Ple.-

104 2338 115 2357 ¹
141 2338 219 2370 Non
244 2339 584 2379 praetermittendum
609 2344 661 2370 est
687 2340 760 2371 cod.
779 2339 859 2371 Sin
883 2340 976 2371 libris
1002 2342 1078 2371 ἱνα*
1102 2340 1302 2380 plerumque
1324 2350 1398 2370 cum

59 2382 166 2414 altera
182 2383 215 2413 in
232 2383 265 2413 R
281 2392 382 2414 manu
399 2393 589 2423 congruere
608 2383 658 2421 (J.
679 2383 740 2414 Ph.
759 2394 842 2423 xxx,
863 2394 894 2423 p.
911 2384 1000 2423 198?-

710 2438 744 2476 xi
