1600 2704
125 155 178 192 24
199 159 240 190 53
561 142 618 180 M.
651 141 819 179 TVLLI
851 141 1157 181 CICERONIS

198 254 361 293 cellinus
400 252 594 299 dissuasit,
637 252 736 291 sicut
775 253 904 303 ipsum
946 251 1076 290 dicere
1117 250 1292 290 audistis.
1371 251 1522 291 Recita.

197 321 481 357 ARCHAGATHl
513 329 563 355 ET
595 318 781 355 LENTvm
802 327 1103 355 TsssT1MoN1vM.

137 396 178 429 54
253 385 304 422 Et
325 396 374 422 ne
394 384 493 421 forte
514 382 718 421 hominem
740 381 969 419 existimetis
988 381 1091 419 hanc
1113 387 1263 418 tantam
1283 379 1362 418 vim
1383 380 1528 419 emble-

199 456 349 487 matum
379 447 463 486 sine
493 459 611 485 causa
641 459 871 484 coacervare
901 444 1080 491 voluisse,
1113 444 1244 484 videte
1278 444 1417 495 quanti
1445 457 1524 491 vos,

198 513 335 564 quanti
383 511 714 551 existimationem
761 510 898 561 populi
947 509 1131 557 Romani,
1173 509 1310 560 quanti
1348 511 1452 560 leges
1491 518 1569 552 et5

199 580 354 626 iudicia,
377 578 514 629 quanti
545 578 652 616 testis
674 577 827 616 Siculos
850 575 1146 630 [negotiatores]
1169 576 1312 615 fecerit.
1374 578 1530 615 Postea-

199 657 319 695 quam
349 651 499 681 tantam
529 641 825 679 multitudinem
855 642 1065 691 collegerat
1095 641 1378 679 emblematum
1408 648 1451 679 ut
1480 653 1530 679 ne

199 722 323 747 unum
353 707 515 758 quidem
545 706 730 756 cuiquam
758 705 987 755 reliquisset,
1011 705 1177 744 instituit
1203 706 1402 744 officinam
1423 707 1531 754 Syra-

199 773 302 811 cusis
322 772 363 810 in
383 772 487 821 regia
506 770 728 810 maximam.
788 771 923 808 Palam
950 770 1116 808 artifices
1146 770 1286 817 omnis,
1317 771 1530 809 caelatores

199 851 244 876 ac
283 836 530 882 vascularios‚
572 834 782 874 convocari
827 834 947 881 iubet,
989 841 1026 872 et
1064 834 1148 884 ipse
1187 847 1278 873 suos
1317 833 1529 884 compluris
1552 847 1591 869 10

199 902 382 941 habebat.
444 903 523 940 Eos
545 900 759 947 concludit,
780 912 963 949 magnam
988 899 1196 938 hominum
1223 899 1528 938 multitudinem.

202 967 354 1006 Mensis
375 974 466 1005 octo
488 965 697 1005 continuos
719 965 778 1003 his
800 977 899 1014 opus
920 978 1002 1003 non
1022 964 1157 1011 defuit,
1181 977 1273 1003 cum
1292 977 1359 1003 vas
1379 966 1532 1003 nullum

202 1033 310 1070 fieret
340 1031 414 1070 nisi
443 1044 616 1069 aureum.
676 1031 780 1067 Tum
811 1029 886 1075 illa,
910 1042 956 1067 ex
986 1029 1138 1079 patellis
1168 1036 1206 1068 et
1231 1028 1410 1068 turibulis
1431 1042 1532 1079 quae

202 1097 395 1142 evellerat,
427 1095 480 1133 ita
512 1094 607 1133 scite
642 1094 681 1132 in
715 1093 842 1132 aureis
874 1093 1026 1143 poculis
1056 1093 1253 1144 inligabat,
1290 1093 1343 1132 ita
1373 1101 1463 1144 apte
1493 1093 1532 1132 in

202 1158 372 1209 scaphiis
406 1158 531 1196 aureis
563 1157 802 1204 includebat,
837 1164 879 1195 ut
911 1170 957 1195 ea
986 1157 1038 1196 ad
1072 1156 1177 1195 illam
1212 1170 1293 1195 rem
1325 1165 1417 1195 nata
1448 1171 1533 1197 esse
1553 1169 1592 1202 15

203 1223 352 1263 diceres
369 1238 377 1270 3
408 1223 492 1273 ipse
527 1229 659 1261 tamen
689 1229 854 1272 praetor,
887 1221 955 1272 qui
985 1235 1054 1259 sua
1088 1221 1287 1272 vigilantia
1320 1235 1460 1272 pacem
1493 1222 1534 1261 in

204 1287 335 1327 Sicilia
354 1287 449 1327 dicit
469 1287 598 1334 fuisse,
623 1287 662 1325 in
682 1288 756 1325 hac
781 1286 936 1325 officina
956 1286 1146 1325 maiorem
1173 1295 1323 1337 partem
1343 1287 1423 1326 diei
1443 1301 1534 1326 cum

204 1352 336 1390 tunica
356 1354 463 1402 pulla
484 1354 620 1391 sedere
641 1352 793 1390 solebat
814 1360 852 1390 et
873 1351 1001 1402 pallio.

133 1396 184 1467 25-
260 1418 373 1455 Haec
403 1429 487 1466 ego,
520 1416 682 1462 iudices,
706 1429 787 1454 non
816 1417 1003 1455 auderem
1032 1417 1214 1466 proferre,
1238 1416 1277 1454 ni
1307 1430 1457 1455 vererer
1486 1430 1535 1455 ne

144 1460 182 1491 ⁵³
203 1483 302 1520 forte
322 1482 432 1531 plura
453 1482 503 1520 de
524 1480 598 1519 isto
619 1482 669 1519 ab
694 1480 778 1519 aliis
800 1480 839 1519 in
861 1494 1041 1519 sermone
1062 1494 1181 1531 quam
1202 1495 1224 1520 a
1245 1495 1308 1520 me
1328 1481 1368 1520 in
1388 1481 1535 1520 iudicio
1554 1494 1594 1516 20

203 1560 272 1586 vos
302 1546 458 1585 audisse
488 1545 683 1585 diceretis.
741 1545 842 1594 Quis
872 1545 976 1584 enim
1008 1553 1066 1585 est
1096 1546 1163 1596 qui
1193 1547 1242 1585 de
1270 1547 1343 1585 hac
1367 1547 1534 1594 officina,

204 1612 272 1662 qui
292 1612 342 1651 de
362 1610 462 1650 vasis
483 1610 624 1658 aureis,
645 1610 713 1661 qui
734 1611 784 1649 de
805 1610 916 1648 istius
937 1610 1056 1660 pallio
1076 1624 1158 1649 non
1178 1611 1375 1650 audierit?
1404 1612 1536 1660 Quem

204 1678 311 1716 voles
333 1689 354 1715 e
374 1684 572 1715 conventu
594 1677 840 1725 Syracusano
860 1675 986 1713 virum
1012 1676 1161 1714 bonum
1192 1675 1397 1714 nominato
1412 1690 1423 1723 ,-
1452 1689 1536 1725 pro-

205 1742 349 1780 ducam
366 1755 376 1788 3
405 1753 525 1779 nemo
556 1740 626 1778 erit
660 1739 756 1789 quin
792 1740 868 1778 hoc
903 1752 944 1778 se
972 1739 1129 1778 audisse
1158 1747 1224 1777 aut
1244 1739 1388 1778 vidisse
1418 1739 1532 1778 dicat.

144 1809 185 1852 56
206 1806 242 1845 O
263 1813 451 1855 tempora,
474 1817 498 1843 o
520 1816 647 1842 mores
665 1807 671 1841 !
722 1803 831 1842 Nihil
853 1803 1019 1841 nimium
1041 1810 1151 1842 vetus
1172 1804 1375 1853 proferam.
1436 1805 1535 1843 Sunt
1555 1814 1600 1848 25¹

204 1877 376 1909 vestrum
407 1869 579 1919 aliquam
615 1868 727 1907 multi
762 1868 830 1919 qui
866 1870 909 1907 L.
947 1868 1132 1907 Pisonem
1167 1868 1383 1918 cognorint,
1418 1868 1533 1908 huius

205 1937 248 1973 L.
273 1934 436 1980 Pisonis,
461 1934 529 1985 qui
558 1941 713 1984 praetor
742 1933 824 1980 fuit,
849 1941 1009 1984 patrem.
1072 1933 1118 1971 Ei
1143 1946 1234 1972 cum
1264 1941 1366 1972 esset
1395 1933 1435 1971 in
1464 1933 1534 1971 Hi-

251 2047 264 2067 1
290 2038 441 2069 audistis.
476 2037 588 2076 Atque
604 2037 664 2068 hac
681 2041 752 2068 tota
770 2037 811 2067 de
829 2047 865 2068 re
882 2036 1024 2067 audistis
1039 2036 1245 2075 Archagathi
1258 2037 1300 2076 p&
1388 2037 1409 2066 6
1432 2046 1533 2075 nego-

204 2082 343 2111 tiatores
381 2079 524 2112 RSHrr:
572 2080 868 2120 negotiatoresque
902 2081 937 2111 δ;
976 2079 1034 2110 del.
1067 2078 1181 2117 Halm,
1213 2079 1346 2119 Jacoby,
1381 2078 1537 2110 Zielinski

207 2133 244 2163 15
268 2124 415 2162 scaphiis
435 2124 627 2155 Gulielmius
643 2137 648 2155 :
673 2124 811 2163 scaphis
827 2123 969 2154 RSHn:
989 2123 1127 2162 scyphis
1145 2124 1161 2152 δ
1265 2122 1458 2153 includebat
1475 2124 1532 2154 πδ;

204 2167 423 2198 concludebat
448 2166 553 2198 RSH
732 2168 770 2198 16
794 2172 907 2197 tamen
936 2165 1044 2197 codd.:
1077 2171 1189 2197 autem
1221 2165 1368 2206 Madvig,
1398 2166 1532 2196 interim

204 2242 318 2274 Eberlz.
455 2254 494 2273 22
521 2243 622 2283 pallio
650 2244 694 2282 rk,
723 2242 785 2284 Lg.
814 2254 876 2281 42:
901 2242 1003 2282 pallio
1029 2242 1119 2282 pullo
1150 2241 1230 2273 RS:
1256 2242 1359 2281 pallio
1386 2217 1487 2280 pollio
1507 2246 1532 2280 p

207 2287 402 2325 (purpureo,
415 2297 447 2325 v,
463 2291 477 2324 ξ
495 2293 567 2325 137)
658 2286 823 2317 audiverit
840 2285 998 2316 Zielinski
1083 2287 1124 2316 26
1147 2286 1247 2325 9noft
1267 2286 1314 2325 (z
1337 2285 1529 2324 cognorint)

205 2329 286 2360 SD:
314 2329 398 2359 mede
415 2335 560 2368 gnorunt
578 2330 642 2361 sive
658 2335 782 2361 norunt
798 2333 827 2360 Ψ
843 2343 848 2361 ;
874 2330 985 2370 gonrit
1002 2328 1053 2360 R:
1079 2329 1298 2367 cognoverint
1315 2339 1337 2357 π
1491 2337 1530 2365 27

205 2371 245 2402 Ei
266 2372 444 2403 Graevius:
470 2378 503 2403 et
520 2372 602 2404 RS:
633 2374 660 2404 is
672 2375 715 2412 p&
