<?xml version="1.0" encoding="UTF-8"?>
<!DOCTYPE html PUBLIC "-//W3C//DTD XHTML 1.0 Transitional//EN"
    "http://www.w3.org/TR/xhtml1/DTD/xhtml1-transitional.dtd">
<html xmlns="http://www.w3.org/1999/xhtml" xml:lang="en" lang="en">
 <head>
  <title>
</title>
<meta http-equiv="Content-Type" content="text/html;charset=utf-8" />
  <meta name='ocr-system' content='tesseract 3.04.00' />
  <meta name='ocr-capabilities' content='ocr_page ocr_carea ocr_par ocr_line ocrx_word'/>
</head>
<body>
  <div class='ocr_page' id='page_1' title='image "./orationesrecogno02ciceuoft_0298.png"; bbox 0 0 1600 2704; ppageno 0'>
   <div class='ocr_carea' id='block_1_1' title="bbox 60 104 1091 179">
    <p class='ocr_par' dir='ltr' id='par_1_1' title="bbox 60 104 1091 179">
     <span class='ocr_line' id='line_1_1' title="bbox 60 104 1091 179; baseline -0.028 -9"><span class='ocrx_word' id='word_1_1' title='bbox 60 142 106 179; x_wconf 88' lang='lat'>41</span> <span class='ocrx_word' id='word_1_2' title='bbox 124 134 167 179; x_wconf 87' lang='lat'>96</span> <span class='ocrx_word' id='word_1_3' title='bbox 496 118 552 156; x_wconf 87' lang='lat' dir='ltr'>M.</span> <span class='ocrx_word' id='word_1_4' title='bbox 584 113 752 154; x_wconf 82' lang='lat' dir='ltr'>TVLLI</span> <span class='ocrx_word' id='word_1_5' title='bbox 784 104 1091 151; x_wconf 83' lang='lat' dir='ltr'>CICERONIS</span> 
     </span>
    </p>
   </div>
   <div class='ocr_carea' id='block_1_2' title="bbox 67 215 1555 2091">
    <p class='ocr_par' dir='ltr' id='par_1_2' title="bbox 127 215 1453 281">
     <span class='ocr_line' id='line_1_2' title="bbox 127 215 1453 281; baseline -0.028 0"><span class='ocrx_word' id='word_1_6' title='bbox 127 240 246 281; x_wconf 89' lang='lat' dir='ltr'>etiam</span> <span class='ocrx_word' id='word_1_7' title='bbox 267 238 387 277; x_wconf 90' lang='lat' dir='ltr'>istum</span> <span class='ocrx_word' id='word_1_8' title='bbox 408 239 644 273; x_wconf 80' lang='lat' dir='ltr'>senatorem,</span> <span class='ocrx_word' id='word_1_9' title='bbox 665 232 707 264; x_wconf 91' lang='lat' dir='ltr'>ut</span> <span class='ocrx_word' id='word_1_10' title='bbox 728 225 804 261; x_wconf 88' lang='lat' dir='ltr'>hoc</span> <span class='ocrx_word' id='word_1_11' title='bbox 824 216 1112 269; x_wconf 86' lang='lat' dir='ltr'>amplissimum</span> <span class='ocrx_word' id='word_1_12' title='bbox 1134 223 1280 251; x_wconf 88' lang='lat' dir='ltr'>nornen</span> <span class='ocrx_word' id='word_1_13' title='bbox 1301 215 1453 248; x_wconf 85' lang='lat' dir='ltr'>senato-</span> 
     </span>
    </p>

    <p class='ocr_par' dir='ltr' id='par_1_3' title="bbox 67 274 1459 414">
     <span class='ocr_line' id='line_1_3' title="bbox 128 274 1457 345; baseline -0.028 1"><span class='ocrx_word' id='word_1_14' title='bbox 128 307 228 345; x_wconf 89' lang='lat' dir='ltr'>rium</span> <span class='ocrx_word' id='word_1_15' title='bbox 260 316 342 342; x_wconf 91' lang='lat' dir='ltr'>non</span> <span class='ocrx_word' id='word_1_16' title='bbox 374 300 496 339; x_wconf 87' lang='lat' dir='ltr'>modo</span> <span class='ocrx_word' id='word_1_17' title='bbox 529 296 580 333; x_wconf 89' lang='lat' dir='ltr'>ad</span> <span class='ocrx_word' id='word_1_18' title='bbox 615 289 803 330; x_wconf 85' lang='lat' dir='ltr'>invidiam</span> <span class='ocrx_word' id='word_1_19' title='bbox 839 282 1121 334; x_wconf 88' lang='lat' dir='ltr'>imperitorum,</span> <span class='ocrx_word' id='word_1_20' title='bbox 1155 278 1224 316; x_wconf 88' lang='lat' dir='ltr'>sed</span> <span class='ocrx_word' id='word_1_21' title='bbox 1258 274 1377 314; x_wconf 90' lang='lat' dir='ltr'>etiam</span> <span class='ocrx_word' id='word_1_22' title='bbox 1406 274 1457 310; x_wconf 87' lang='lat' dir='ltr'>ad</span> 
     </span>
     <span class='ocr_line' id='line_1_4' title="bbox 67 340 1459 414; baseline -0.029 -1"><span class='ocrx_word' id='word_1_23' title='bbox 67 380 108 414; x_wconf 82' lang='lat'>97</span> <span class='ocrx_word' id='word_1_24' title='bbox 130 366 412 410; x_wconf 85' lang='lat' dir='ltr'>contumeliam</span> <span class='ocrx_word' id='word_1_25' title='bbox 443 360 713 412; x_wconf 86' lang='lat' dir='ltr'>improborum</span> <span class='ocrx_word' id='word_1_26' title='bbox 745 360 881 392; x_wconf 87' lang='lat' dir='ltr'>natum</span> <span class='ocrx_word' id='word_1_27' title='bbox 911 360 996 387; x_wconf 88' lang='lat' dir='ltr'>esse</span> <span class='ocrx_word' id='word_1_28' title='bbox 1028 341 1258 383; x_wconf 85' lang='lat' dir='ltr'>videatur?&#39;</span> <span class='ocrx_word' id='word_1_29' title='bbox 1316 340 1459 387; x_wconf 80' lang='lat' dir='ltr'>Neque</span> 
     </span>
    </p>

    <p class='ocr_par' dir='ltr' id='par_1_4' title="bbox 132 404 1461 475">
     <span class='ocr_line' id='line_1_5' title="bbox 132 404 1461 475; baseline -0.029 1"><span class='ocrx_word' id='word_1_30' title='bbox 132 438 210 475; x_wconf 91' lang='lat' dir='ltr'>hoc</span> <span class='ocrx_word' id='word_1_31' title='bbox 240 434 280 472; x_wconf 85' lang='lat' dir='ltr'>in</span> <span class='ocrx_word' id='word_1_32' title='bbox 310 444 391 471; x_wconf 89' lang='lat' dir='ltr'>uno</span> <span class='ocrx_word' id='word_1_33' title='bbox 411 427 502 467; x_wconf 90' lang='lat' dir='ltr'>fecit</span> <span class='ocrx_word' id='word_1_34' title='bbox 533 427 711 466; x_wconf 84' lang='lat' dir='ltr'>Annaeo,</span> <span class='ocrx_word' id='word_1_35' title='bbox 743 418 813 457; x_wconf 89' lang='lat' dir='ltr'>sed</span> <span class='ocrx_word' id='word_1_36' title='bbox 841 415 880 453; x_wconf 86' lang='lat' dir='ltr'>in</span> <span class='ocrx_word' id='word_1_37' title='bbox 915 410 1100 452; x_wconf 87' lang='lat' dir='ltr'>omnibus</span> <span class='ocrx_word' id='word_1_38' title='bbox 1132 404 1389 449; x_wconf 86' lang='lat' dir='ltr'>senatoribus,</span> <span class='ocrx_word' id='word_1_39' title='bbox 1419 408 1461 440; x_wconf 88' lang='lat' dir='ltr'>ut</span> 
     </span>
    </p>

    <p class='ocr_par' dir='ltr' id='par_1_5' title="bbox 134 467 1509 540">
     <span class='ocr_line' id='line_1_6' title="bbox 134 467 1509 540; baseline -0.028 0"><span class='ocrx_word' id='word_1_40' title='bbox 134 499 282 540; x_wconf 86' lang='lat' dir='ltr'>ordinis</span> <span class='ocrx_word' id='word_1_41' title='bbox 310 507 457 535; x_wconf 91' lang='lat' dir='ltr'>nornen</span> <span class='ocrx_word' id='word_1_42' title='bbox 485 503 566 530; x_wconf 92' lang='lat' dir='ltr'>non</span> <span class='ocrx_word' id='word_1_43' title='bbox 594 494 746 526; x_wconf 87' lang='lat' dir='ltr'>tantum</span> <span class='ocrx_word' id='word_1_44' title='bbox 770 483 821 521; x_wconf 86' lang='lat' dir='ltr'>ad</span> <span class='ocrx_word' id='word_1_45' title='bbox 851 481 1044 518; x_wconf 88' lang='lat' dir='ltr'>honorem</span> <span class='ocrx_word' id='word_1_46' title='bbox 1071 478 1264 523; x_wconf 87' lang='lat' dir='ltr'>quantum</span> <span class='ocrx_word' id='word_1_47' title='bbox 1285 470 1336 507; x_wconf 90' lang='lat' dir='ltr'>ad</span> <span class='ocrx_word' id='word_1_48' title='bbox 1357 467 1462 517; x_wconf 84' lang='lat' dir='ltr'>igno·</span> <span class='ocrx_word' id='word_1_49' title='bbox 1483 480 1509 512; x_wconf 64' lang='lat'>5,</span> 
     </span>
    </p>

    <p class='ocr_par' dir='ltr' id='par_1_6' title="bbox 136 531 1461 604">
     <span class='ocr_line' id='line_1_7' title="bbox 136 531 1461 604; baseline -0.029 1"><span class='ocrx_word' id='word_1_50' title='bbox 136 564 299 604; x_wconf 90' lang='lat' dir='ltr'>miniam</span> <span class='ocrx_word' id='word_1_51' title='bbox 321 562 475 599; x_wconf 80' lang='lat' dir='ltr'>valeret.</span> <span class='ocrx_word' id='word_1_52' title='bbox 539 555 587 592; x_wconf 86' lang='lat' dir='ltr'>In</span> <span class='ocrx_word' id='word_1_53' title='bbox 609 552 652 591; x_wconf 92' lang='lat' dir='ltr'>C.</span> <span class='ocrx_word' id='word_1_54' title='bbox 678 547 827 592; x_wconf 91' lang='lat' dir='ltr'>Cassio,</span> <span class='ocrx_word' id='word_1_55' title='bbox 853 541 1069 583; x_wconf 88' lang='lat' dir='ltr'>clarissimo</span> <span class='ocrx_word' id='word_1_56' title='bbox 1086 545 1124 577; x_wconf 96' lang='lat' dir='ltr'>et</span> <span class='ocrx_word' id='word_1_57' title='bbox 1141 533 1353 574; x_wconf 88' lang='lat' dir='ltr'>fortissimo</span> <span class='ocrx_word' id='word_1_58' title='bbox 1369 531 1461 577; x_wconf 90' lang='lat' dir='ltr'>viro,</span> 
     </span>
    </p>

    <p class='ocr_par' dir='ltr' id='par_1_7' title="bbox 137 599 1469 805">
     <span class='ocr_line' id='line_1_8' title="bbox 137 599 1463 672; baseline -0.028 -3"><span class='ocrx_word' id='word_1_59' title='bbox 137 642 228 669; x_wconf 91' lang='lat' dir='ltr'>cum</span> <span class='ocrx_word' id='word_1_60' title='bbox 261 627 292 665; x_wconf 95' lang='lat' dir='ltr'>is</span> <span class='ocrx_word' id='word_1_61' title='bbox 325 638 373 664; x_wconf 93' lang='lat' dir='ltr'>eo</span> <span class='ocrx_word' id='word_1_62' title='bbox 404 623 491 672; x_wconf 91' lang='lat' dir='ltr'>ipso</span> <span class='ocrx_word' id='word_1_63' title='bbox 526 626 702 666; x_wconf 89' lang='lat' dir='ltr'>tempore</span> <span class='ocrx_word' id='word_1_64' title='bbox 737 610 865 662; x_wconf 88' lang='lat' dir='ltr'>primo</span> <span class='ocrx_word' id='word_1_65' title='bbox 901 606 1011 645; x_wconf 90' lang='lat' dir='ltr'>istius</span> <span class='ocrx_word' id='word_1_66' title='bbox 1045 614 1152 641; x_wconf 87' lang='lat' dir='ltr'>anno</span> <span class='ocrx_word' id='word_1_67' title='bbox 1181 599 1321 639; x_wconf 88' lang='lat' dir='ltr'>consul</span> <span class='ocrx_word' id='word_1_68' title='bbox 1351 602 1463 641; x_wconf 88' lang='lat' dir='ltr'>esset,</span> 
     </span>
     <span class='ocr_line' id='line_1_9' title="bbox 138 659 1468 740; baseline -0.028 -7"><span class='ocrx_word' id='word_1_69' title='bbox 138 700 247 733; x_wconf 83' lang='lat' dir='ltr'>tanta</span> <span class='ocrx_word' id='word_1_70' title='bbox 276 686 528 740; x_wconf 78' lang='lat' dir='ltr'>improbitate</span> <span class='ocrx_word' id='word_1_71' title='bbox 559 692 651 719; x_wconf 86' lang='lat' dir='ltr'>usus</span> <span class='ocrx_word' id='word_1_72' title='bbox 681 684 739 717; x_wconf 87' lang='lat' dir='ltr'>est</span> <span class='ocrx_word' id='word_1_73' title='bbox 768 682 824 722; x_wconf 87' lang='lat' dir='ltr'>ut,</span> <span class='ocrx_word' id='word_1_74' title='bbox 845 685 937 711; x_wconf 89' lang='lat' dir='ltr'>cum</span> <span class='ocrx_word' id='word_1_75' title='bbox 969 669 1052 709; x_wconf 90' lang='lat' dir='ltr'>eius</span> <span class='ocrx_word' id='word_1_76' title='bbox 1085 678 1192 711; x_wconf 86' lang='lat' dir='ltr'>uxor,</span> <span class='ocrx_word' id='word_1_77' title='bbox 1219 662 1366 702; x_wconf 87' lang='lat' dir='ltr'>femina</span> <span class='ocrx_word' id='word_1_78' title='bbox 1397 659 1468 710; x_wconf 88' lang='lat' dir='ltr'>pri-</span> 
     </span>
     <span class='ocr_line' id='line_1_10' title="bbox 141 730 1469 805; baseline -0.028 -7"><span class='ocrx_word' id='word_1_79' title='bbox 141 757 272 804; x_wconf 87' lang='lat' dir='ltr'>maria,</span> <span class='ocrx_word' id='word_1_80' title='bbox 299 761 482 805; x_wconf 88' lang='lat' dir='ltr'>paternas</span> <span class='ocrx_word' id='word_1_81' title='bbox 509 747 671 786; x_wconf 86' lang='lat' dir='ltr'>haberet</span> <span class='ocrx_word' id='word_1_82' title='bbox 701 739 894 780; x_wconf 86' lang='lat' dir='ltr'>arationes</span> <span class='ocrx_word' id='word_1_83' title='bbox 927 735 968 774; x_wconf 89' lang='lat' dir='ltr'>in</span> <span class='ocrx_word' id='word_1_84' title='bbox 996 731 1205 775; x_wconf 90' lang='lat' dir='ltr'>Leontino,</span> <span class='ocrx_word' id='word_1_85' title='bbox 1229 730 1469 766; x_wconf 86' lang='lat' dir='ltr'>frumentum</span> 
     </span>
    </p>

    <p class='ocr_par' dir='ltr' id='par_1_8' title="bbox 141 793 1534 863">
     <span class='ocr_line' id='line_1_11' title="bbox 141 793 1534 863; baseline -0.028 1"><span class='ocrx_word' id='word_1_86' title='bbox 141 835 261 863; x_wconf 91' lang='lat' dir='ltr'>omne</span> <span class='ocrx_word' id='word_1_87' title='bbox 291 820 535 859; x_wconf 81' lang='lat' dir='ltr'>decumanos</span> <span class='ocrx_word' id='word_1_88' title='bbox 565 810 714 850; x_wconf 89' lang='lat' dir='ltr'>auferre</span> <span class='ocrx_word' id='word_1_89' title='bbox 745 802 907 843; x_wconf 87' lang='lat' dir='ltr'>iusserit.</span> <span class='ocrx_word' id='word_1_90' title='bbox 970 800 1091 837; x_wconf 89' lang='lat' dir='ltr'>Hunc</span> <span class='ocrx_word' id='word_1_91' title='bbox 1119 803 1161 834; x_wconf 90' lang='lat' dir='ltr'>tu</span> <span class='ocrx_word' id='word_1_92' title='bbox 1191 794 1231 832; x_wconf 89' lang='lat' dir='ltr'>in</span> <span class='ocrx_word' id='word_1_93' title='bbox 1259 793 1333 830; x_wconf 88' lang='lat' dir='ltr'>hac</span> <span class='ocrx_word' id='word_1_94' title='bbox 1354 801 1472 829; x_wconf 88' lang='lat' dir='ltr'>causa</span> <span class='ocrx_word' id='word_1_95' title='bbox 1494 804 1534 827; x_wconf 83' lang='lat'>10</span> 
     </span>
    </p>

    <p class='ocr_par' dir='ltr' id='par_1_9' title="bbox 83 859 1551 1575">
     <span class='ocr_line' id='line_1_12' title="bbox 144 859 1474 932; baseline -0.027 -5"><span class='ocrx_word' id='word_1_96' title='bbox 144 895 296 932; x_wconf 87' lang='lat' dir='ltr'>testem,</span> <span class='ocrx_word' id='word_1_97' title='bbox 318 885 472 927; x_wconf 85' lang='lat' dir='ltr'>Verres,</span> <span class='ocrx_word' id='word_1_98' title='bbox 494 874 674 921; x_wconf 78' lang='lat' dir='ltr'>habebis,</span> <span class='ocrx_word' id='word_1_99' title='bbox 703 868 891 921; x_wconf 90' lang='lat' dir='ltr'>quoniam</span> <span class='ocrx_word' id='word_1_100' title='bbox 923 864 1094 904; x_wconf 90' lang='lat' dir='ltr'>iudicem</span> <span class='ocrx_word' id='word_1_101' title='bbox 1124 874 1174 899; x_wconf 91' lang='lat' dir='ltr'>ne</span> <span class='ocrx_word' id='word_1_102' title='bbox 1204 859 1369 897; x_wconf 87' lang='lat' dir='ltr'>haberes</span> <span class='ocrx_word' id='word_1_103' title='bbox 1389 867 1474 906; x_wconf 93' lang='lat' dir='ltr'>pro-</span> 
     </span>
     <span class='ocr_line' id='line_1_13' title="bbox 83 921 1476 997; baseline -0.028 -2"><span class='ocrx_word' id='word_1_104' title='bbox 83 956 125 997; x_wconf 87' lang='lat'>98</span> <span class='ocrx_word' id='word_1_105' title='bbox 145 950 288 992; x_wconf 91' lang='lat' dir='ltr'>vidisti.</span> <span class='ocrx_word' id='word_1_106' title='bbox 345 949 430 985; x_wconf 93' lang='lat' dir='ltr'>Vos</span> <span class='ocrx_word' id='word_1_107' title='bbox 459 950 602 986; x_wconf 87' lang='lat' dir='ltr'>autem,</span> <span class='ocrx_word' id='word_1_108' title='bbox 629 936 789 982; x_wconf 87' lang='lat' dir='ltr'>iudices,</span> <span class='ocrx_word' id='word_1_109' title='bbox 826 939 962 983; x_wconf 91' lang='lat' dir='ltr'>putare</span> <span class='ocrx_word' id='word_1_110' title='bbox 991 926 1144 968; x_wconf 85' lang='lat' dir='ltr'>debetis</span> <span class='ocrx_word' id='word_1_111' title='bbox 1172 937 1257 963; x_wconf 88' lang='lat' dir='ltr'>esse</span> <span class='ocrx_word' id='word_1_112' title='bbox 1284 921 1476 972; x_wconf 84' lang='lat' dir='ltr'>quiddam</span> 
     </span>
     <span class='ocr_line' id='line_1_14' title="bbox 147 988 1477 1057; baseline -0.028 1"><span class='ocrx_word' id='word_1_113' title='bbox 147 1016 263 1057; x_wconf 89' lang='lat' dir='ltr'>nobis</span> <span class='ocrx_word' id='word_1_114' title='bbox 292 1014 392 1053; x_wconf 90' lang='lat' dir='ltr'>inter</span> <span class='ocrx_word' id='word_1_115' title='bbox 421 1022 494 1049; x_wconf 94' lang='lat' dir='ltr'>nos</span> <span class='ocrx_word' id='word_1_116' title='bbox 524 1015 736 1046; x_wconf 88' lang='lat' dir='ltr'>commune</span> <span class='ocrx_word' id='word_1_117' title='bbox 760 1007 880 1048; x_wconf 88' lang='lat' dir='ltr'>atque</span> <span class='ocrx_word' id='word_1_118' title='bbox 909 994 1178 1034; x_wconf 87' lang='lat' dir='ltr'>coniunctum.</span> <span class='ocrx_word' id='word_1_119' title='bbox 1236 988 1366 1027; x_wconf 90' lang='lat' dir='ltr'>Multa</span> <span class='ocrx_word' id='word_1_120' title='bbox 1387 991 1477 1024; x_wconf 87' lang='lat' dir='ltr'>sunt</span> 
     </span>
     <span class='ocr_line' id='line_1_15' title="bbox 148 1050 1478 1132; baseline -0.027 -10"><span class='ocrx_word' id='word_1_121' title='bbox 148 1080 333 1132; x_wconf 87' lang='lat' dir='ltr'>imposita</span> <span class='ocrx_word' id='word_1_122' title='bbox 361 1076 454 1115; x_wconf 86' lang='lat' dir='ltr'>huic</span> <span class='ocrx_word' id='word_1_123' title='bbox 480 1070 608 1112; x_wconf 87' lang='lat' dir='ltr'>ordini</span> <span class='ocrx_word' id='word_1_124' title='bbox 636 1078 808 1110; x_wconf 82' lang='lat' dir='ltr'>munera,</span> <span class='ocrx_word' id='word_1_125' title='bbox 833 1061 945 1101; x_wconf 90' lang='lat' dir='ltr'>multi</span> <span class='ocrx_word' id='word_1_126' title='bbox 974 1060 1137 1103; x_wconf 85' lang='lat' dir='ltr'>labores,</span> <span class='ocrx_word' id='word_1_127' title='bbox 1162 1055 1286 1093; x_wconf 90' lang='lat' dir='ltr'>multa</span> <span class='ocrx_word' id='word_1_128' title='bbox 1306 1050 1478 1102; x_wconf 87' lang='lat' dir='ltr'>pericula</span> 
     </span>
     <span class='ocr_line' id='line_1_16' title="bbox 149 1122 1539 1189; baseline -0.027 -2"><span class='ocrx_word' id='word_1_129' title='bbox 149 1160 231 1186; x_wconf 91' lang='lat' dir='ltr'>non</span> <span class='ocrx_word' id='word_1_130' title='bbox 258 1146 387 1183; x_wconf 90' lang='lat' dir='ltr'>solum</span> <span class='ocrx_word' id='word_1_131' title='bbox 420 1143 551 1189; x_wconf 87' lang='lat' dir='ltr'>legum</span> <span class='ocrx_word' id='word_1_132' title='bbox 585 1147 630 1173; x_wconf 86' lang='lat' dir='ltr'>ac</span> <span class='ocrx_word' id='word_1_133' title='bbox 663 1130 910 1174; x_wconf 88' lang='lat' dir='ltr'>iudiciorum,</span> <span class='ocrx_word' id='word_1_134' title='bbox 946 1125 1016 1164; x_wconf 90' lang='lat' dir='ltr'>sed</span> <span class='ocrx_word' id='word_1_135' title='bbox 1048 1122 1167 1162; x_wconf 87' lang='lat' dir='ltr'>etiam</span> <span class='ocrx_word' id='word_1_136' title='bbox 1198 1129 1399 1157; x_wconf 90' lang='lat' dir='ltr'>rumorum</span> <span class='ocrx_word' id='word_1_137' title='bbox 1433 1127 1478 1153; x_wconf 87' lang='lat' dir='ltr'>ac</span> <span class='ocrx_word' id='word_1_138' title='bbox 1502 1125 1539 1158; x_wconf 89' lang='lat'>15</span> 
     </span>
     <span class='ocr_line' id='line_1_17' title="bbox 151 1180 1481 1261; baseline -0.027 -9"><span class='ocrx_word' id='word_1_139' title='bbox 151 1220 399 1261; x_wconf 90' lang='lat' dir='ltr'>temporum:</span> <span class='ocrx_word' id='word_1_140' title='bbox 434 1204 490 1243; x_wconf 90' lang='lat' dir='ltr'>sic</span> <span class='ocrx_word' id='word_1_141' title='bbox 518 1209 575 1241; x_wconf 90' lang='lat' dir='ltr'>est</span> <span class='ocrx_word' id='word_1_142' title='bbox 601 1199 666 1237; x_wconf 88' lang='lat' dir='ltr'>hic</span> <span class='ocrx_word' id='word_1_143' title='bbox 693 1196 791 1235; x_wconf 92' lang='lat' dir='ltr'>ordo</span> <span class='ocrx_word' id='word_1_144' title='bbox 819 1190 930 1243; x_wconf 82' lang='lat' dir='ltr'>quasi</span> <span class='ocrx_word' id='word_1_145' title='bbox 962 1187 1185 1240; x_wconf 88' lang='lat' dir='ltr'>propositus</span> <span class='ocrx_word' id='word_1_146' title='bbox 1213 1191 1332 1233; x_wconf 89' lang='lat' dir='ltr'>atque</span> <span class='ocrx_word' id='word_1_147' title='bbox 1352 1180 1481 1220; x_wconf 83' lang='lat' dir='ltr'>editus</span> 
     </span>
     <span class='ocr_line' id='line_1_18' title="bbox 153 1246 1483 1315; baseline -0.026 1"><span class='ocrx_word' id='word_1_148' title='bbox 153 1278 194 1315; x_wconf 91' lang='lat' dir='ltr'>in</span> <span class='ocrx_word' id='word_1_149' title='bbox 222 1277 346 1314; x_wconf 89' lang='lat' dir='ltr'>altum</span> <span class='ocrx_word' id='word_1_150' title='bbox 376 1278 418 1310; x_wconf 87' lang='lat' dir='ltr'>ut</span> <span class='ocrx_word' id='word_1_151' title='bbox 447 1269 497 1307; x_wconf 90' lang='lat' dir='ltr'>ab</span> <span class='ocrx_word' id='word_1_152' title='bbox 528 1264 712 1305; x_wconf 88' lang='lat' dir='ltr'>omnibus</span> <span class='ocrx_word' id='word_1_153' title='bbox 742 1258 867 1298; x_wconf 83' lang='lat' dir='ltr'>ventis</span> <span class='ocrx_word' id='word_1_154' title='bbox 899 1254 1069 1294; x_wconf 88' lang='lat' dir='ltr'>invidiae</span> <span class='ocrx_word' id='word_1_155' title='bbox 1101 1246 1333 1290; x_wconf 87' lang='lat' dir='ltr'>circumflari</span> <span class='ocrx_word' id='word_1_156' title='bbox 1367 1256 1483 1296; x_wconf 91' lang='lat' dir='ltr'>posse</span> 
     </span>
     <span class='ocr_line' id='line_1_19' title="bbox 154 1310 1485 1381; baseline -0.028 1"><span class='ocrx_word' id='word_1_157' title='bbox 154 1342 343 1381; x_wconf 86' lang='lat' dir='ltr'>videatur.</span> <span class='ocrx_word' id='word_1_158' title='bbox 402 1337 451 1374; x_wconf 94' lang='lat' dir='ltr'>In</span> <span class='ocrx_word' id='word_1_159' title='bbox 472 1335 546 1372; x_wconf 91' lang='lat' dir='ltr'>hac</span> <span class='ocrx_word' id='word_1_160' title='bbox 566 1338 647 1369; x_wconf 88' lang='lat' dir='ltr'>tam</span> <span class='ocrx_word' id='word_1_161' title='bbox 669 1326 809 1365; x_wconf 88' lang='lat' dir='ltr'>misera</span> <span class='ocrx_word' id='word_1_162' title='bbox 829 1330 866 1361; x_wconf 88' lang='lat' dir='ltr'>et</span> <span class='ocrx_word' id='word_1_163' title='bbox 895 1320 1029 1370; x_wconf 88' lang='lat' dir='ltr'>iniqua</span> <span class='ocrx_word' id='word_1_164' title='bbox 1057 1314 1293 1356; x_wconf 89' lang='lat' dir='ltr'>condicione</span> <span class='ocrx_word' id='word_1_165' title='bbox 1313 1310 1415 1349; x_wconf 87' lang='lat' dir='ltr'>vitae</span> <span class='ocrx_word' id='word_1_166' title='bbox 1435 1321 1485 1346; x_wconf 93' lang='lat' dir='ltr'>ne</span> 
     </span>
     <span class='ocr_line' id='line_1_20' title="bbox 156 1372 1487 1455; baseline -0.028 -9"><span class='ocrx_word' id='word_1_167' title='bbox 156 1410 233 1446; x_wconf 89' lang='lat' dir='ltr'>hoc</span> <span class='ocrx_word' id='word_1_168' title='bbox 254 1403 416 1455; x_wconf 90' lang='lat' dir='ltr'>quidem</span> <span class='ocrx_word' id='word_1_169' title='bbox 437 1395 705 1439; x_wconf 85' lang='lat' dir='ltr'>retinebimus,</span> <span class='ocrx_word' id='word_1_170' title='bbox 729 1389 890 1434; x_wconf 89' lang='lat' dir='ltr'>iudices,</span> <span class='ocrx_word' id='word_1_171' title='bbox 915 1392 957 1423; x_wconf 91' lang='lat' dir='ltr'>ut</span> <span class='ocrx_word' id='word_1_172' title='bbox 979 1379 1267 1432; x_wconf 84' lang='lat' dir='ltr'>magistratibus</span> <span class='ocrx_word' id='word_1_173' title='bbox 1289 1374 1429 1414; x_wconf 90' lang='lat' dir='ltr'>nostris</span> <span class='ocrx_word' id='word_1_174' title='bbox 1446 1372 1487 1410; x_wconf 87' lang='lat' dir='ltr'>in</span> 
     </span>
     <span class='ocr_line' id='line_1_21' title="bbox 158 1437 1551 1510; baseline -0.027 1"><span class='ocrx_word' id='word_1_175' title='bbox 158 1469 380 1510; x_wconf 87' lang='lat' dir='ltr'>obtinendo</span> <span class='ocrx_word' id='word_1_176' title='bbox 408 1465 491 1503; x_wconf 89' lang='lat' dir='ltr'>iure</span> <span class='ocrx_word' id='word_1_177' title='bbox 522 1467 655 1499; x_wconf 92' lang='lat' dir='ltr'>nostro</span> <span class='ocrx_word' id='word_1_178' title='bbox 685 1469 735 1495; x_wconf 90' lang='lat' dir='ltr'>ne</span> <span class='ocrx_word' id='word_1_179' title='bbox 766 1446 1094 1500; x_wconf 82' lang='lat' dir='ltr'>contemptissimi</span> <span class='ocrx_word' id='word_1_180' title='bbox 1121 1457 1166 1483; x_wconf 91' lang='lat' dir='ltr'>ac</span> <span class='ocrx_word' id='word_1_181' title='bbox 1186 1437 1489 1492; x_wconf 86' lang='lat' dir='ltr'>despicatissimi</span> <span class='ocrx_word' id='word_1_182' title='bbox 1510 1451 1551 1473; x_wconf 86' lang='lat'>20</span> 
     </span>
     <span class='ocr_line' id='line_1_22' title="bbox 161 1529 499 1575; baseline -0.03 0"><span class='ocrx_word' id='word_1_183' title='bbox 161 1548 246 1575; x_wconf 90' lang='lat' dir='ltr'>esse</span> <span class='ocrx_word' id='word_1_184' title='bbox 266 1529 499 1571; x_wconf 89' lang='lat' dir='ltr'>videamur?</span> 
     </span>
    </p>

    <p class='ocr_par' dir='ltr' id='par_1_10' title="bbox 165 1566 1555 2091">
     <span class='ocr_line' id='line_1_23' title="bbox 217 1566 1489 1637; baseline -0.028 2"><span class='ocrx_word' id='word_1_185' title='bbox 217 1593 464 1637; x_wconf 87' lang='lat' dir='ltr'>Thermitani</span> <span class='ocrx_word' id='word_1_186' title='bbox 513 1590 703 1629; x_wconf 86' lang='lat' dir='ltr'>miserunt</span> <span class='ocrx_word' id='word_1_187' title='bbox 751 1582 819 1634; x_wconf 88' lang='lat' dir='ltr'>qui</span> <span class='ocrx_word' id='word_1_188' title='bbox 859 1581 1048 1620; x_wconf 82' lang='lat' dir='ltr'>decumas</span> <span class='ocrx_word' id='word_1_189' title='bbox 1087 1579 1263 1614; x_wconf 89' lang='lat' dir='ltr'>emerent</span> <span class='ocrx_word' id='word_1_190' title='bbox 1301 1568 1381 1620; x_wconf 85' lang='lat' dir='ltr'>agri</span> <span class='ocrx_word' id='word_1_191' title='bbox 1420 1566 1489 1606; x_wconf 90' lang='lat' dir='ltr'>sui.</span> 
     </span>
     <span class='ocr_line' id='line_1_24' title="bbox 167 1634 1494 1715; baseline -0.027 -10"><span class='ocrx_word' id='word_1_192' title='bbox 167 1663 305 1715; x_wconf 86' lang='lat' dir='ltr'>Magni</span> <span class='ocrx_word' id='word_1_193' title='bbox 321 1675 391 1701; x_wconf 87' lang='lat' dir='ltr'>sua</span> <span class='ocrx_word' id='word_1_194' title='bbox 411 1657 603 1710; x_wconf 89' lang='lat' dir='ltr'>putabant</span> <span class='ocrx_word' id='word_1_195' title='bbox 623 1654 809 1691; x_wconf 88' lang='lat' dir='ltr'>interesse</span> <span class='ocrx_word' id='word_1_196' title='bbox 830 1644 988 1698; x_wconf 88' lang='lat' dir='ltr'>publice</span> <span class='ocrx_word' id='word_1_197' title='bbox 1004 1640 1134 1693; x_wconf 89' lang='lat' dir='ltr'>potius</span> <span class='ocrx_word' id='word_1_198' title='bbox 1155 1634 1334 1688; x_wconf 89' lang='lat' dir='ltr'>quamvis</span> <span class='ocrx_word' id='word_1_199' title='bbox 1351 1644 1494 1683; x_wconf 83' lang='lat' dir='ltr'>magno</span> 
     </span>
     <span class='ocr_line' id='line_1_25' title="bbox 165 1698 1495 1778; baseline -0.027 -9"><span class='ocrx_word' id='word_1_200' title='bbox 165 1730 243 1769; x_wconf 88' lang='lat' dir='ltr'>emi</span> <span class='ocrx_word' id='word_1_201' title='bbox 274 1739 393 1778; x_wconf 90' lang='lat' dir='ltr'>quam</span> <span class='ocrx_word' id='word_1_202' title='bbox 423 1724 463 1761; x_wconf 87' lang='lat' dir='ltr'>in</span> <span class='ocrx_word' id='word_1_203' title='bbox 492 1721 665 1770; x_wconf 86' lang='lat' dir='ltr'>aliquem</span> <span class='ocrx_word' id='word_1_204' title='bbox 698 1714 808 1754; x_wconf 89' lang='lat' dir='ltr'>istius</span> <span class='ocrx_word' id='word_1_205' title='bbox 845 1707 1090 1750; x_wconf 88' lang='lat' dir='ltr'>emissarium</span> <span class='ocrx_word' id='word_1_206' title='bbox 1124 1702 1354 1742; x_wconf 87' lang='lat' dir='ltr'>inciderent.</span> <span class='ocrx_word' id='word_1_207' title='bbox 1416 1698 1495 1736; x_wconf 89' lang='lat' dir='ltr'>Ad-</span> 
     </span>
     <span class='ocr_line' id='line_1_26' title="bbox 167 1762 1555 1845; baseline -0.026 -12"><span class='ocrx_word' id='word_1_208' title='bbox 167 1792 318 1845; x_wconf 88' lang='lat' dir='ltr'>positus</span> <span class='ocrx_word' id='word_1_209' title='bbox 347 1795 428 1829; x_wconf 89' lang='lat' dir='ltr'>erat</span> <span class='ocrx_word' id='word_1_210' title='bbox 451 1783 668 1824; x_wconf 86' lang='lat' dir='ltr'>Venuleius</span> <span class='ocrx_word' id='word_1_211' title='bbox 702 1778 863 1829; x_wconf 89' lang='lat' dir='ltr'>quidam</span> <span class='ocrx_word' id='word_1_212' title='bbox 897 1772 964 1823; x_wconf 90' lang='lat' dir='ltr'>qui</span> <span class='ocrx_word' id='word_1_213' title='bbox 995 1775 1150 1810; x_wconf 83' lang='lat' dir='ltr'>emeret.</span> <span class='ocrx_word' id='word_1_214' title='bbox 1214 1768 1253 1805; x_wconf 91' lang='lat' dir='ltr'>Is</span> <span class='ocrx_word' id='word_1_215' title='bbox 1283 1762 1389 1803; x_wconf 91' lang='lat' dir='ltr'>liceri</span> <span class='ocrx_word' id='word_1_216' title='bbox 1414 1774 1495 1800; x_wconf 88' lang='lat' dir='ltr'>non</span> <span class='ocrx_word' id='word_1_217' title='bbox 1517 1774 1555 1806; x_wconf 86' lang='lat'>25</span> 
     </span>
     <span class='ocr_line' id='line_1_27' title="bbox 169 1832 1497 1903; baseline -0.027 -5"><span class='ocrx_word' id='word_1_218' title='bbox 169 1856 343 1903; x_wconf 77' lang='lat' dir='ltr'>destitit3</span> <span class='ocrx_word' id='word_1_219' title='bbox 371 1853 426 1891; x_wconf 90' lang='lat' dir='ltr'>illi</span> <span class='ocrx_word' id='word_1_220' title='bbox 446 1849 579 1902; x_wconf 88' lang='lat' dir='ltr'>quoad</span> <span class='ocrx_word' id='word_1_221' title='bbox 603 1846 809 1885; x_wconf 85' lang='lat' dir='ltr'>videbatur</span> <span class='ocrx_word' id='word_1_222' title='bbox 827 1838 914 1878; x_wconf 87' lang='lat' dir='ltr'>ferri</span> <span class='ocrx_word' id='word_1_223' title='bbox 945 1836 1078 1885; x_wconf 88' lang='lat' dir='ltr'>aliquo</span> <span class='ocrx_word' id='word_1_224' title='bbox 1109 1832 1231 1870; x_wconf 89' lang='lat' dir='ltr'>modo</span> <span class='ocrx_word' id='word_1_225' title='bbox 1261 1839 1377 1879; x_wconf 89' lang='lat' dir='ltr'>posse</span> <span class='ocrx_word' id='word_1_226' title='bbox 1407 1839 1497 1865; x_wconf 88' lang='lat' dir='ltr'>con-</span> 
     </span>
     <span class='ocr_line' id='line_1_28' title="bbox 170 1890 1499 1966; baseline -0.026 -4"><span class='ocrx_word' id='word_1_227' title='bbox 170 1923 381 1962; x_wconf 90' lang='lat' dir='ltr'>tenderunt</span> <span class='ocrx_word' id='word_1_228' title='bbox 399 1933 408 1966; x_wconf 80' lang='lat'><em>3</em></span> <span class='ocrx_word' id='word_1_229' title='bbox 438 1922 637 1966; x_wconf 89' lang='lat' dir='ltr'>postremo</span> <span class='ocrx_word' id='word_1_230' title='bbox 657 1907 765 1948; x_wconf 90' lang='lat' dir='ltr'>liceri</span> <span class='ocrx_word' id='word_1_231' title='bbox 784 1903 1028 1944; x_wconf 86' lang='lat' dir='ltr'>destiterunt.</span> <span class='ocrx_word' id='word_1_232' title='bbox 1075 1894 1285 1936; x_wconf 86' lang='lat' dir='ltr'>Addicitur</span> <span class='ocrx_word' id='word_1_233' title='bbox 1305 1890 1499 1932; x_wconf 84' lang='lat' dir='ltr'>Venuleio</span> 
     </span>
     <span class='ocr_line' id='line_1_29' title="bbox 172 1959 1500 2026; baseline -0.026 0"><span class='ocrx_word' id='word_1_234' title='bbox 172 1985 287 2026; x_wconf 89' lang='lat' dir='ltr'>tritici</span> <span class='ocrx_word' id='word_1_235' title='bbox 317 1981 564 2022; x_wconf 88' lang='lat' dir='ltr'>medimnum</span> <span class='ocrx_word' id='word_1_236' title='bbox 586 1988 660 2014; x_wconf 84' lang='lat' dir='ltr'>vm</span> <span class='ocrx_word' id='word_1_237' title='bbox 693 1971 860 2011; x_wconf 88' lang='lat' dir='ltr'>milibus.</span> <span class='ocrx_word' id='word_1_238' title='bbox 922 1966 1091 2015; x_wconf 85' lang='lat' dir='ltr'>Legatus</span> <span class='ocrx_word' id='word_1_239' title='bbox 1118 1959 1331 1999; x_wconf 89' lang='lat' dir='ltr'>Posidorus</span> <span class='ocrx_word' id='word_1_240' title='bbox 1361 1968 1500 1994; x_wconf 88' lang='lat' dir='ltr'>renun-</span> 
     </span>
     <span class='ocr_line' id='line_1_30' title="bbox 174 2025 1500 2091; baseline -0.028 1"><span class='ocrx_word' id='word_1_241' title='bbox 174 2052 253 2091; x_wconf 86' lang='lat' dir='ltr'>tiat.</span> <span class='ocrx_word' id='word_1_242' title='bbox 313 2050 417 2089; x_wconf 89' lang='lat' dir='ltr'>Cum</span> <span class='ocrx_word' id='word_1_243' title='bbox 449 2044 635 2085; x_wconf 89' lang='lat' dir='ltr'>omnibus</span> <span class='ocrx_word' id='word_1_244' title='bbox 675 2040 751 2077; x_wconf 87' lang='lat' dir='ltr'>hoc</span> <span class='ocrx_word' id='word_1_245' title='bbox 792 2030 1083 2073; x_wconf 88' lang='lat' dir='ltr'>intolerandum</span> <span class='ocrx_word' id='word_1_246' title='bbox 1122 2025 1326 2067; x_wconf 86' lang='lat' dir='ltr'>videretur,</span> <span class='ocrx_word' id='word_1_247' title='bbox 1369 2028 1500 2058; x_wconf 90' lang='lat' dir='ltr'>tamen</span> 
     </span>
    </p>
   </div>
   <div class='ocr_carea' id='block_1_3' title="bbox 89 1577 140 1615">
    <p class='ocr_par' dir='ltr' id='par_1_11' title="bbox 89 1577 140 1615">
     <span class='ocr_line' id='line_1_31' title="bbox 89 1577 140 1615; baseline -0.02 -10"><span class='ocrx_word' id='word_1_248' title='bbox 89 1577 140 1615; x_wconf 88' lang='lat'>42</span> 
     </span>
    </p>
   </div>
   <div class='ocr_carea' id='block_1_4' title="bbox 178 2121 1508 2402">
    <p class='ocr_par' dir='ltr' id='par_1_12' title="bbox 178 2121 1508 2402">
     <span class='ocr_line' id='line_1_32' title="bbox 218 2121 1502 2186; baseline -0.029 1"><span class='ocrx_word' id='word_1_249' title='bbox 218 2157 240 2186; x_wconf 84' lang='lat'><strong>6</strong></span> <span class='ocrx_word' id='word_1_250' title='bbox 263 2160 296 2184; x_wconf 83' lang='lat' dir='ltr'>et</span> <span class='ocrx_word' id='word_1_251' title='bbox 314 2152 497 2184; x_wconf 85' lang='lat' dir='ltr'>fortissimo</span> <span class='ocrx_word' id='word_1_252' title='bbox 517 2158 580 2179; x_wconf 84' lang='lat' dir='ltr'>om.</span> <span class='ocrx_word' id='word_1_253' title='bbox 605 2145 634 2176; x_wconf 92' lang='lat' dir='ltr'>O</span> <span class='ocrx_word' id='word_1_254' title='bbox 654 2147 669 2182; x_wconf 69' lang='grc' dir='ltr'>ξ</span> <span class='ocrx_word' id='word_1_255' title='bbox 688 2151 730 2182; x_wconf 85' lang='lat'>52</span> <span class='ocrx_word' id='word_1_256' title='bbox 747 2143 866 2178; x_wconf 79' lang='lat' dir='ltr'>supra:</span> <span class='ocrx_word' id='word_1_257' title='bbox 896 2137 904 2165; x_wconf 92' lang='lat' dir='ltr'>i</span> <span class='ocrx_word' id='word_1_258' title='bbox 927 2137 941 2172; x_wconf 69' lang='grc' dir='ltr'>ξ</span> <span class='ocrx_word' id='word_1_259' title='bbox 963 2144 1003 2171; x_wconf 80' lang='lat'>44</span> <span class='ocrx_word' id='word_1_260' title='bbox 1165 2137 1186 2167; x_wconf 93' lang='lat'>9</span> <span class='ocrx_word' id='word_1_261' title='bbox 1210 2130 1291 2157; x_wconf 84' lang='lat' dir='ltr'>arat.</span> <span class='ocrx_word' id='word_1_262' title='bbox 1312 2124 1452 2155; x_wconf 87' lang='lat' dir='ltr'>haberet</span> <span class='ocrx_word' id='word_1_263' title='bbox 1472 2121 1502 2151; x_wconf 88' lang='lat' dir='ltr'>O</span> 
     </span>
     <span class='ocr_line' id='line_1_33' title="bbox 180 2167 1504 2230; baseline -0.027 0"><span class='ocrx_word' id='word_1_264' title='bbox 180 2209 218 2230; x_wconf 93' lang='lat'>10</span> <span class='ocrx_word' id='word_1_265' title='bbox 242 2198 369 2228; x_wconf 86' lang='lat' dir='ltr'>decum.</span> <span class='ocrx_word' id='word_1_266' title='bbox 391 2195 522 2225; x_wconf 84' lang='lat' dir='ltr'>auferre</span> <span class='ocrx_word' id='word_1_267' title='bbox 539 2190 586 2221; x_wconf 83' lang='lat' dir='ltr'>cO</span> <span class='ocrx_word' id='word_1_268' title='bbox 601 2201 607 2219; x_wconf 75' lang='grc' dir='ltr'>ε</span> <span class='ocrx_word' id='word_1_269' title='bbox 633 2189 666 2218; x_wconf 91' lang='lat' dir='ltr'>in</span> <span class='ocrx_word' id='word_1_270' title='bbox 685 2187 844 2216; x_wconf 86' lang='lat' dir='ltr'>decumas</span> <span class='ocrx_word' id='word_1_271' title='bbox 860 2178 992 2210; x_wconf 81' lang='lat' dir='ltr'>auferre</span> <span class='ocrx_word' id='word_1_272' title='bbox 1004 2180 1029 2215; x_wconf 83' lang='lat' dir='ltr'>p</span> <span class='ocrx_word' id='word_1_273' title='bbox 1046 2173 1108 2204; x_wconf 72' lang='lat' dir='ltr'>rell.</span> <span class='ocrx_word' id='word_1_274' title='bbox 1292 2178 1329 2206; x_wconf 91' lang='lat'>17</span> <span class='ocrx_word' id='word_1_275' title='bbox 1354 2167 1504 2197; x_wconf 84' lang='lat' dir='ltr'>videatur</span> 
     </span>
     <span class='ocr_line' id='line_1_34' title="bbox 178 2209 1504 2281; baseline -0.029 -7"><span class='ocrx_word' id='word_1_276' title='bbox 178 2250 278 2281; x_wconf 83' lang='lat' dir='ltr'>posse</span> <span class='ocrx_word' id='word_1_277' title='bbox 291 2245 325 2280; x_wconf 87' lang='lat' dir='ltr'>p,</span> <span class='ocrx_word' id='word_1_278' title='bbox 342 2238 400 2269; x_wconf 79' lang='lat' dir='ltr'>sed</span> <span class='ocrx_word' id='word_1_279' title='bbox 413 2248 487 2268; x_wconf 73' lang='lat' dir='ltr'>cum</span> <span class='ocrx_word' id='word_1_280' title='bbox 504 2234 607 2274; x_wconf 64' lang='lat' dir='ltr'>szgnz&#39;s</span> <span class='ocrx_word' id='word_1_281' title='bbox 625 2232 748 2268; x_wconf 79' lang='lat' dir='ltr'>transp.</span> <span class='ocrx_word' id='word_1_282' title='bbox 879 2222 917 2251; x_wconf 89' lang='lat'>18</span> <span class='ocrx_word' id='word_1_283' title='bbox 942 2220 1062 2250; x_wconf 87' lang='lat' dir='ltr'>misera</span> <span class='ocrx_word' id='word_1_284' title='bbox 1077 2221 1176 2254; x_wconf 84' lang='lat' dir='ltr'>atque</span> <span class='ocrx_word' id='word_1_285' title='bbox 1195 2212 1224 2243; x_wconf 92' lang='grc' dir='ltr'><em>Ο</em></span> <span class='ocrx_word' id='word_1_286' title='bbox 1241 2211 1310 2243; x_wconf 84' lang='lat' dir='ltr'>edd.</span> <span class='ocrx_word' id='word_1_287' title='bbox 1389 2209 1504 2247; x_wconf 88' lang='lat' dir='ltr'>iniqua</span> 
     </span>
     <span class='ocr_line' id='line_1_35' title="bbox 179 2251 1500 2320; baseline -0.026 -5"><span class='ocrx_word' id='word_1_288' title='bbox 179 2285 250 2315; x_wconf 89' lang='lat' dir='ltr'>cO:</span> <span class='ocrx_word' id='word_1_289' title='bbox 282 2283 419 2320; x_wconf 86' lang='lat' dir='ltr'>indigna</span> <span class='ocrx_word' id='word_1_290' title='bbox 438 2285 462 2319; x_wconf 81' lang='lat' dir='ltr'>p</span> <span class='ocrx_word' id='word_1_291' title='bbox 487 2277 551 2308; x_wconf 79' lang='lat' dir='ltr'>rell.</span> <span class='ocrx_word' id='word_1_292' title='bbox 691 2283 732 2302; x_wconf 91' lang='lat'>20</span> <span class='ocrx_word' id='word_1_293' title='bbox 756 2262 1012 2307; x_wconf 88' lang='lat' dir='ltr'>despicatissimi</span> <span class='ocrx_word' id='word_1_294' title='bbox 1037 2259 1105 2291; x_wconf 88' lang='lat' dir='ltr'>cO:</span> <span class='ocrx_word' id='word_1_295' title='bbox 1132 2252 1416 2296; x_wconf 88' lang='lat' dir='ltr'>despectissimip</span> <span class='ocrx_word' id='word_1_296' title='bbox 1434 2251 1500 2281; x_wconf 85' lang='lat' dir='ltr'>rell.</span> 
     </span>
     <span class='ocr_line' id='line_1_36' title="bbox 180 2294 1508 2366; baseline -0.028 -7"><span class='ocrx_word' id='word_1_297' title='bbox 180 2338 219 2366; x_wconf 83' lang='lat'>24</span> <span class='ocrx_word' id='word_1_298' title='bbox 239 2326 428 2357; x_wconf 85' lang='lat' dir='ltr'>inciderent</span> <span class='ocrx_word' id='word_1_299' title='bbox 445 2321 515 2352; x_wconf 77' lang='lat' dir='ltr'>edd.</span> <span class='ocrx_word' id='word_1_300' title='bbox 535 2332 541 2350; x_wconf 79' lang='lat' dir='ltr'>z</span> <span class='ocrx_word' id='word_1_301' title='bbox 567 2317 731 2349; x_wconf 87' lang='lat' dir='ltr'>incideret</span> <span class='ocrx_word' id='word_1_302' title='bbox 744 2313 793 2344; x_wconf 88' lang='lat' dir='ltr'>O:</span> <span class='ocrx_word' id='word_1_303' title='bbox 818 2308 968 2341; x_wconf 87' lang='lat' dir='ltr'>incidere</span> <span class='ocrx_word' id='word_1_304' title='bbox 987 2304 1072 2343; x_wconf 80' lang='lat' dir='ltr'>rell.(</span> <span class='ocrx_word' id='word_1_305' title='bbox 1086 2303 1107 2333; x_wconf 86' lang='lat' dir='ltr'>ii</span> <span class='ocrx_word' id='word_1_306' title='bbox 1127 2305 1141 2340; x_wconf 67' lang='grc' dir='ltr'>ξ</span> <span class='ocrx_word' id='word_1_307' title='bbox 1162 2310 1201 2340; x_wconf 89' lang='lat'>91</span> <span class='ocrx_word' id='word_1_308' title='bbox 1222 2309 1230 2338; x_wconf 92' lang='grc'><strong>;</strong></span> <span class='ocrx_word' id='word_1_309' title='bbox 1254 2298 1286 2328; x_wconf 85' lang='grc' dir='ltr'>ἰν</span> <span class='ocrx_word' id='word_1_310' title='bbox 1304 2299 1319 2334; x_wconf 81' lang='lat'>§</span> <span class='ocrx_word' id='word_1_311' title='bbox 1339 2295 1395 2335; x_wconf 83' lang='lat'>39)</span> <span class='ocrx_word' id='word_1_312' title='bbox 1465 2294 1508 2324; x_wconf 86' lang='lat'>28</span> 
     </span>
     <span class='ocr_line' id='line_1_37' title="bbox 182 2365 468 2402; baseline -0.024 0"><span class='ocrx_word' id='word_1_313' title='bbox 182 2369 403 2402; x_wconf 82' lang='lat' dir='ltr'>Pharsidorus</span> <span class='ocrx_word' id='word_1_314' title='bbox 422 2365 468 2396; x_wconf 87' lang='lat' dir='ltr'>cO</span> 
     </span>
    </p>
   </div>
  </div>
 </body>
</html>
