1600 2704
86 104 354 146 ACTIONIS
385 100 446 140 IN
477 100 523 141 C.
545 96 787 137 VERREM
817 93 1117 135 SECVNDAE
1147 92 1251 129 LIB.
1273 89 1310 125 V
1355 95 1409 135 50
1432 98 1489 132 131

89 216 256 262 obicere,
279 226 370 252 curn
397 210 509 250 multi
528 208 598 248 viri
626 208 744 246 fortes
770 205 811 244 in
839 203 1041 244 communi
1068 204 1297 250 incertoque
1316 197 1412 250 peri-

89 283 180 320 culo
206 280 297 318 belli
327 285 365 316 et
391 284 490 315 terra
517 281 555 313 et
583 271 678 311 mari
705 283 823 321 saepe
848 267 1097 308 offenderint.
1155 266 1315 304 Nullam
1342 262 1412 301 tibi

89 345 222 384 obicio
250 345 456 388 fortunam,
480 339 577 379 nihil
606 345 664 377 est
692 336 802 386 quod
827 342 1046 373 ceterorum
1074 344 1133 369 res
1161 329 1290 368 minus
1310 341 1414 366 com-

90 411 210 449 mode
238 416 365 459 gestas
394 406 577 457 proferas,
608 401 706 440 nihil
741 407 799 439 est
834 399 942 449 quod
974 398 1186 435 multorum
1217 392 1416 441 naufragia

52 488 70 521 5
91 475 269 513 fortunae
303 470 472 522 colligas.
532 470 618 518 Ego
652 465 762 504 navis
795 463 923 502 inanis
962 461 1081 500 fuisse
1115 459 1218 505 dico,
1250 457 1416 506 remiges

91 546 310 588 nautasque
343 536 538 581 dimissos,
573 531 744 581 reliquos
778 527 963 578 stirpibus
997 525 1137 565 vixisse
1176 524 1392 574 palmarum
1410 534 1420 567 5

93 602 305 655 praefuisse
333 599 447 640 classi
481 598 616 649 populi
653 593 824 634 Romani
860 592 1047 637 Siculum,
1079 594 1268 640 perpetuo
1302 584 1418 624 sociis

93 677 212 718 atque
238 667 373 706 amicis
400 666 713 714 Syracusanum3
741 667 779 698 te
806 659 873 696 illo
900 665 1077 706 tempore
1104 654 1190 704 ipso
1216 648 1420 702 superiori-

95 733 247 782 busque
267 730 407 770 diebus
427 728 613 767 omnibus
635 727 673 764 in
694 725 806 763 litore
826 735 916 761 cum
938 719 1174 759 mulierculis
1194 723 1421 768 perpotasse

37 814 76 836 10
95 798 210 845 dico;
248 797 386 833 harum
421 806 549 832 rerum
583 790 761 830 omnium
796 795 975 827 auctores
1008 783 1198 833 testisque
1232 780 1418 831 produco.

96 864 204 902 Num
225 861 296 900 tibi
323 860 508 898 insultare
528 857 569 895 in
592 854 825 900 calamitate,
846 865 942 890 num
969 848 1229 888 intercludere
1249 844 1423 896 perfugia

96 930 285 974 fortunae,
307 938 403 963 num
423 936 536 962 casus
557 922 719 960 bellicos
740 917 973 968 exprobrare
996 922 1062 953 aut
1083 913 1239 952 obicere
1260 909 1424 948 videor?

96 991 273 1032 Tametsi
300 992 427 1030 solent
456 990 482 1027 ii
509 989 706 1026 fortunam
733 984 807 1023 sibi
828 981 933 1020 obici
958 981 1063 1019 nolle
1083 979 1150 1029 qui
1178 990 1219 1015 se
1246 977 1424 1014 fortunae

98 1056 390 1102 commiserunt,
413 1055 481 1105 qui
508 1053 548 1091 in
575 1052 657 1090 eius
681 1046 863 1101 periculis
890 1053 980 1085 sunt
1000 1058 1047 1083 ac
1067 1044 1252 1082 varietate
1272 1037 1423 1078 versati.

42 1144 78 1177 15
101 1129 219 1167 Istius
248 1124 409 1176 quidem
440 1116 670 1161 calamitatis
704 1122 794 1155 tuae
823 1115 979 1153 fortuna
1007 1109 1202 1161 particeps
1232 1118 1312 1144 non
1342 1103 1424 1141 fuit.

102 1191 300 1232 Homines
329 1188 435 1228 enim
462 1187 503 1225 in
528 1183 696 1236 proeliis,
720 1194 801 1220 non
828 1179 867 1217 in
892 1175 1080 1217 conviviis
1108 1172 1200 1212 belli
1230 1172 1427 1209 fortunam

101 1255 307 1310 periclitari
342 1255 494 1299 solent3
534 1251 574 1289 in
612 1249 676 1287 illa
714 1254 847 1286 autem
886 1240 1107 1282 calamitate
1143 1250 1222 1276 non
1259 1236 1428 1273 Martem

101 1323 220 1362 fuisse
240 1331 507 1364 communem,
529 1316 598 1355 sed
618 1316 816 1352 Venerem
843 1319 1053 1359 possumus
1074 1304 1214 1344 dicere.
1275 1297 1430 1348 Quodsi

102 1389 300 1427 fortunam
335 1383 406 1423 tibi
439 1381 545 1421 obici
577 1392 659 1418 non
695 1381 860 1427 oportet,
892 1386 959 1411 cur
993 1379 1034 1409 tu
1064 1371 1242 1409 fortunae
1276 1365 1431 1404 illorum

46 1470 86 1493 20
105 1452 377 1492 innocentium
398 1447 553 1486 veniam
573 1457 618 1483 ac
639 1445 771 1482 locum
791 1453 873 1479 non
893 1435 1066 1477 dedisti?

161 1518 291 1556 Etiam
326 1514 423 1553 illud
457 1510 658 1563 praecidas
692 1508 796 1555 licet,
827 1513 876 1552 te,
912 1503 1022 1554 quod
1054 1500 1291 1552 supplicium
1326 1509 1435 1536 more

108 1583 299 1622 maiorum
313 1577 524 1629 sumpseris
541 1574 746 1623 securique
762 1569 1011 1622 percusseris,
1027 1566 1174 1606 idcirco
1190 1579 1212 1604 a
1228 1577 1291 1602 me
1306 1562 1346 1600 in
1368 1562 1436 1600 cri-

107 1661 198 1686 men
219 1655 258 1686 et
279 1646 317 1684 in
340 1643 527 1683 invidiam
548 1638 689 1679 vocari.
745 1639 837 1676 Non
859 1635 898 1673 in
919 1632 1113 1684 supplicio
1133 1630 1281 1669 crimen
1303 1638 1435 1665 meum

109 1712 292 1759 vertitur3
322 1723 403 1748 non
424 1720 497 1757 ego
518 1718 619 1755 nego
640 1702 764 1742 securi
789 1711 1031 1751 quemquam
1055 1695 1156 1736 feriri
1177 1695 1332 1739 debere,
1358 1704 1437 1728 non

47 1792 85 1823 25
111 1790 183 1827 ego
198 1784 347 1815 metum
361 1787 408 1812 ex
420 1786 460 1810 re
475 1769 640 1816 militari,
652 1781 733 1806 non
747 1765 993 1805 severitatem
1006 1760 1155 1812 imperi,
1172 1772 1253 1798 non
1267 1768 1438 1807 poenam

110 1840 229 1892 flagiti
257 1838 341 1878 tolli
370 1837 461 1877 dico
495 1841 675 1885 oportere
690 1848 700 1880 3
733 1833 857 1870 fateor
885 1842 967 1867 non
997 1827 1119 1865 modo
1144 1824 1183 1862 in
1214 1822 1341 1862 socios
1369 1821 1439 1859 sed

110 1906 228 1945 etiam
259 1904 299 1942 in
329 1902 423 1941 civis
453 1900 675 1949 militesque
709 1904 863 1934 nostros
894 1904 1081 1943 persaepe
1112 1903 1197 1928 esse
1231 1899 1363 1926 severe
1394 1898 1440 1922 ac

111 1972 365 2010 vehementer
384 1965 640 2004 vindicatum.
699 1963 832 2010 Quare
852 1960 949 1997 haec
970 1968 1130 2006 quoque
1157 1949 1440 2003 praetermittas

111 2036 213 2074 licet.
285 2036 371 2083 Ego
409 2032 566 2080 culpam
606 2040 686 2066 non
725 2025 764 2063 in
804 2021 1011 2062 nauarchis
1053 2020 1124 2058 sed
1162 2017 1203 2056 in
1242 2024 1280 2055 te
1323 2014 1441 2054 fuisse

158 2151 176 2170 2
201 2138 259 2169 tibi
278 2147 344 2167 om.
365 2147 385 2165 π
500 2142 537 2172 13
560 2132 582 2162 ii
604 2131 652 2161 V:
677 2129 721 2160 hii
740 2128 827 2159 RS:
851 2127 884 2157 hi
899 2131 922 2167 p
1037 2134 1075 2163 19
1099 2122 1157 2153 tibi
1174 2132 1240 2152 om.
1266 2120 1297 2149 V
1404 2129 1440 2149 21

852 2182 865 2196 δ

115 2223 148 2248 te
165 2216 252 2256 quod
275 2214 344 2255 qu
360 2224 366 2243 :
400 2211 490 2251 quod
507 2211 523 2240 δ
540 2221 546 2240 :
582 2208 629 2239 hii
646 2207 736 2246 quod
754 2205 796 2244 R,
817 2204 848 2234 hi
866 2203 957 2243 quod
974 2201 1012 2239 S,
1032 2200 1085 2231 his
1101 2198 1192 2238 quod
1209 2197 1256 2235 D,
1272 2197 1362 2236 quod
1380 2195 1445 2226 hiis

115 2261 146 2293 Z
225 2259 282 2289 An
307 2256 397 2298 quod
422 2256 464 2287 de
489 2254 564 2284 his?
654 2261 696 2289 23
722 2251 755 2280 in
780 2248 939 2280 invidiam
970 2245 1020 2275 V:
1056 2244 1090 2274 in
1115 2253 1182 2273 om.
1209 2240 1312 2282 R5p5
1332 2239 1363 2279 (ξ
1387 2248 1444 2277 107

115 2304 235 2345 supra)
383 2311 424 2338 24
448 2302 600 2329 vertetur
615 2293 709 2325 st
819 2301 888 2323 non
905 2300 968 2329 ego
983 2298 1072 2328 nego
1089 2285 1200 2318 securi
1221 2285 1270 2315 V:
1295 2294 1364 2315 non
1383 2293 1445 2322 ego

117 2355 319 2389 quemquam
338 2355 381 2376 ex
398 2354 433 2375 re
451 2340 585 2373 militari
603 2349 716 2370 mance
732 2335 796 2368 RS
884 2335 1008 2366 debere
1026 2334 1063 2364 δε
1088 2335 1249 2372 oportere
1270 2328 1302 2359 V

1458 1507 1516 1539 133

1461 1956 1505 1993 51
