1600 2704
128 181 178 219 27
199 177 241 220 63
571 169 629 206 M.
659 166 828 205 TVLLI
859 159 1164 204 CICERONIS

134 698 185 735 28

143 758 185 798 64

201 283 311 333 quod
341 281 424 331 ipsa
455 292 514 318 res
544 275 766 322 declaravit,
791 274 865 312 nisi
893 284 1011 323 quem
1042 270 1093 308 ad
1127 267 1292 306 modum
1324 276 1455 314 regem
1484 275 1531 302 ex

202 344 404 398 provincia
438 342 648 394 spoliatum
687 340 980 390 expilatumque
1018 332 1242 374 dimitteret.
1312 328 1438 367 Mittit
1475 341 1533 366 ro-

202 418 336 462 gatum
367 421 459 447 vasa
487 420 533 445 ea
562 418 663 456 quae
689 401 950 454 pulcherrima
976 399 1083 450 apud
1103 410 1193 436 eum
1214 395 1390 441 viderat,
1418 392 1471 430 ait
1492 404 1534 430 se

204 475 282 513 suis
323 471 582 512 caelatoribus
626 470 726 507 velle
773 466 991 505 ostendere.
1052 464 1149 508 Rex,
1188 458 1257 510 qui
1294 457 1405 495 illum
1453 469 1534 494 non

205 546 349 585 nosset,
373 539 455 575 sine
476 537 554 574 ulla
575 532 800 583 suspicione
820 528 1078 569 libentissime
1099 525 1219 566 dedit.
1270 522 1396 561 Mittit
1416 520 1534 560 etiam
1554 530 1575 564 5

206 605 360 642 trullam
390 612 611 652 gemmeam
641 604 848 647 rogatum;
875 596 975 634 velle
1004 607 1045 633 se
1074 605 1162 632 eam
1191 587 1417 639 diligentius
1446 599 1537 625 con-

206 668 387 706 siderare.
446 666 505 703 Ea
525 675 685 714 quoque
706 660 741 699 ei
761 659 936 698 mittitur.

264 734 381 771 Nunc
413 730 620 779 reliquum,
640 726 803 772 iudices,
823 723 1026 770 attendite,
1047 723 1098 761 de
1118 733 1198 770 quo
1219 725 1257 758 et
1276 731 1346 757 vos
1374 714 1539 755 audistis

208 804 246 836 et
276 797 446 846 populus
468 796 673 832 Romanus
694 804 775 829 non
796 802 902 827 nunc
922 787 1093 838 primum
1113 783 1247 823 audiet
1268 790 1306 821 et
1332 782 1372 820 in
1400 780 1538 820 exteris

208 862 436 901 nationibus
464 871 589 909 usque
618 857 669 895 ad
699 856 855 894 ultimas
885 861 1004 892 terras
1033 856 1286 902 pervagatum
1311 853 1379 885 est.
1439 845 1540 885 Can·
1561 856 1599 880 10

206 927 413 966 delabrum
443 938 464 963 e
502 920 668 973 gemmis
702 918 925 958 clarissimis
960 928 1078 966 opere
1115 911 1283 952 mirabili
1323 911 1540 960 perfectum

207 1005 315 1042 reges
344 991 380 1038 ii,
402 1002 502 1040 quos
523 987 625 1033 dico,
649 987 821 1024 Romam
842 996 933 1022 curn
956 979 1188 1024 attulissent,
1210 984 1252 1015 ut
1281 975 1321 1013 in
1343 972 1541 1024 Capitolio

208 1062 412 1108 ponerent,
449 1053 559 1103 quod
591 1050 771 1089 nondum
806 1048 1023 1098 perfectum
1059 1043 1251 1092 templum
1283 1038 1540 1083 offenderant,

209 1134 338 1171 neque
359 1131 506 1170 ponere
527 1121 740 1167 potuerunt
759 1124 888 1161 neque
912 1110 1029 1159 vulgo
1059 1106 1268 1146 ostendere
1296 1116 1342 1141 ac
1371 1101 1542 1152 proferre

209 1188 428 1231 voluerunt,
450 1190 492 1221 ut
522 1188 560 1220 et
584 1175 898 1229 magnificentius
927 1174 1123 1212 videretur
1144 1183 1235 1209 curn
1263 1181 1334 1206 suo
1364 1173 1541 1216 tempore
1563 1177 1599 1211 15

210 1253 250 1289 in
289 1251 387 1288 cella
422 1246 528 1286 Iovis
553 1243 705 1295 Optimi
738 1239 903 1279 Maximi
942 1244 1163 1289 poneretur,
1195 1242 1234 1273 et
1273 1233 1412 1271 clarius
1452 1244 1542 1269 curn

210 1313 463 1365 pulchritudo
495 1311 577 1350 eius
604 1320 740 1347 recens
763 1307 815 1345 ad
844 1305 980 1343 oculos
1011 1300 1219 1340 hominum
1247 1305 1366 1347 atque
1395 1295 1545 1344 integra

211 1378 430 1430 perveniret
447 1392 453 1416 :
484 1380 702 1414 statuerunt
722 1371 763 1410 id
784 1382 918 1408 secum
939 1367 979 1405 in
999 1365 1148 1416 Syriam
1168 1369 1365 1413 reportare
1385 1366 1438 1406 ut,
1454 1371 1545 1397 cum

211 1444 414 1484 audissent
462 1441 714 1479 simulacrum
755 1434 860 1473 Iovis
899 1430 1051 1482 Optimi
1091 1426 1257 1467 Maximi
1304 1423 1544 1469 dedicatum,

212 1511 360 1559 legatos
391 1506 590 1545 mitterent
621 1501 689 1552 qui
720 1512 811 1538 curn
844 1496 982 1536 ceteris
1013 1494 1129 1533 rebus
1161 1493 1258 1530 illud
1297 1502 1456 1540 quoque
1486 1501 1546 1526 ex-
1566 1501 1600 1524 20

214 1574 352 1612 imium
386 1584 431 1609 ac
466 1568 773 1620 pulcherrimum
804 1564 956 1602 donum
988 1559 1029 1597 in
1063 1555 1304 1608 Capitolium
1335 1554 1542 1592 adferrent.

182 1648 193 1654 ·
216 1636 397 1677 Pervenit
424 1648 484 1674 res
504 1635 555 1673 ad
576 1631 686 1670 istius
712 1628 815 1668 auris
845 1625 978 1664 nescio
1009 1636 1088 1674 quo
1119 1622 1266 1667 modo;
1295 1631 1385 1657 nam
1412 1630 1477 1656 rex
1506 1615 1547 1653 id

216 1704 385 1742 celatum
420 1701 606 1744 voluerat,
639 1708 721 1733 non
760 1705 840 1743 quo
879 1690 1092 1740 quicquam
1132 1691 1323 1725 metueret
1360 1689 1427 1721 aut
1468 1694 1550 1719 sus-

216 1768 420 1816 picaretur,
454 1763 523 1802 sed
559 1768 601 1800 ut
632 1773 681 1798 ne
713 1756 826 1796 multi
860 1755 957 1793 illud
996 1759 1087 1791 ante
1121 1749 1389 1801 praeciperent
1423 1744 1548 1784 oculis

218 1843 337 1880 quam
359 1829 528 1879 populus
551 1827 768 1864 Romanus.
829 1821 910 1859 Iste
931 1817 1027 1870 petit
1048 1831 1070 1855 a
1091 1829 1180 1866 rege
1201 1821 1238 1853 et
1259 1826 1349 1852 eum
1371 1810 1547 1862 pluribus
1568 1821 1600 1853 πε

218 1893 345 1932 verbis
380 1899 489 1942 rogat
522 1897 564 1928 ut
595 1889 636 1927 id
661 1888 713 1926 ad
742 1899 783 1924 se
813 1884 964 1930 mittat3
993 1893 1136 1931 cupere
1163 1892 1204 1917 se
1233 1877 1328 1916 dicit
1357 1874 1550 1926 inspicere

219 1971 349 2008 neque
363 1970 403 1995 se
424 1955 508 1994 aliis
521 1952 681 1993 videndi
696 1956 931 2002 potestatem
953 1959 1038 1985 esse
1058 1946 1263 1983 facturum.
1315 1940 1549 1986 Antiochus,

220 2022 287 2072 qui
307 2021 441 2060 animo
455 2027 493 2059 et
514 2017 652 2069 puerili
674 2022 776 2055 esset
798 2021 835 2052 et
857 2011 973 2062 regio,
990 2009 1087 2048 nihil
1108 2009 1157 2047 de
1171 2007 1281 2045 istius
1298 2004 1549 2055 improbitate

221 2087 441 2138 suspicatus
462 2092 519 2123 est
538 2098 547 2131 3
577 2084 741 2132 imperat
761 2078 839 2118 suis
861 2084 903 2116 ut
923 2075 963 2114 id
993 2075 1032 2112 in
1062 2071 1298 2123 praetorium
1330 2070 1550 2108 involutum

222 2166 342 2202 quam
376 2148 641 2190 occultissime
666 2146 872 2186 deferrent.
931 2141 1026 2190 Quo
1053 2145 1312 2188 posteaquam
1338 2135 1550 2172 attulerunt
1570 2142 1600 2174 3c

268 2268 286 2293 4
311 2255 401 2284 illum
420 2251 542 2291 RSHp
559 2263 565 2282 :
590 2251 688 2281 istum
706 2248 763 2290 qrb*
890 2255 929 2276 10
953 2245 1171 2283 pervagatum
1184 2243 1209 2278 p
1225 2237 1267 2269 al.
1287 2248 1293 2267 :
1318 2234 1550 2276 pervulgatum

225 2298 358 2328 RSHw
379 2298 439 2337 (iii,
462 2299 498 2334 §§
519 2306 569 2335 77,
592 2295 665 2332 129>
819 2299 857 2320 12
876 2293 938 2328 pro
955 2295 1052 2325 reges
1070 2284 1092 2314 ii
1108 2282 1226 2313 habent
1242 2279 1306 2311 RS
1323 2289 1404 2318 rege
1421 2279 1484 2308 sit:
1510 2277 1553 2307 sit

226 2341 371 2414 τεοῗξῗῆζ,
392 2351 469 2370 corr.
491 2340 523 2370 hi
542 2347 641 2377 reges
657 2347 690 2366 m
705 2345 723 2364 2
841 2333 882 2363 28
907 2330 1002 2370 regio
1013 2329 1056 2368 pb
1073 2338 1080 2358 ε
1105 2325 1220 2365 religio
1239 2321 1343 2354 R¹H¹
1363 2333 1370 2352 ε
1395 2320 1553 2360 religioso
