1600 2704
47 101 316 140 ACTIONIS
339 103 400 140 IN
421 102 468 141 C.
485 103 727 140 VERREM
748 104 1046 143 SECVNDAE
1068 106 1172 144 LIB.
1195 107 1262 144 ΙΙΙ
1320 117 1372 154 34
1394 120 1433 156 79

50 216 109 251 ‘et
128 214 179 251 de
201 211 383 260 Docimo,
406 213 578 252 amiculo
599 227 699 260 meo,
724 213 820 264 quid
841 214 1020 265 cogitatis
1037 217 1074 254 ?'
1130 218 1264 266 Atque
1293 218 1371 256 hoc

45 278 185 328 agebat
213 277 254 316 in
283 278 479 326 cubiculo,
501 277 661 326 iudices,
684 287 804 329 atque
834 278 874 318 in
895 281 997 319 lecto
1018 293 1100 319 suo.
1161 282 1199 319 N
1203 282 1371 331 egabant

43 342 98 380 illi
119 342 333 393 quicquam
353 342 428 382 sibi
448 357 534 382 esse
554 345 798 382 mandatum.
859 347 867 365 ‘
884 346 977 383 Non
993 345 1137 384 audio:
1167 354 1372 385 numerate

44 408 127 445 HS.
151 409 238 445 ὶῖιῖ]
296 407 406 456 Quid
427 409 598 447 facerent
619 407 759 455 miseri,
775 416 842 447 aut
862 409 959 459 quid
980 411 1236 448 recusarent?
1265 423 1373 460 prae-

5 487 23 519 5
43 470 176 510 sertim
205 485 297 511 curn
325 471 366 511 in
395 473 498 511 lecto
527 473 772 512 decumanae
802 473 973 512 mulieris
1003 474 1165 524 vestigia
1194 474 1372 513 viderent

42 536 224 584 recentia,
247 535 391 587 quibus
421 537 532 577 illum
560 536 794 576 inflammari
822 539 873 576 ad
903 540 1232 588 perseverandum
1263 539 1372 578 intel-

42 601 234 650 legebant.
295 602 358 640 Ita
372 601 508 640 civitas
529 615 608 641 una
624 602 821 641 sociorum
841 611 960 653 atque
974 603 1191 641 amicorum
1213 604 1370 643 duabus

41 664 258 704 deterrimis
281 666 518 705 mulierculis
539 668 661 705 Verre
680 675 858 717 praetore
879 668 1076 717 vectigalis
1098 668 1180 706 fuit.

94 732 227 781 Atque
248 744 321 781 ego
342 744 448 770 nunc
468 745 561 770 eum
584 732 770 770 frumenti
801 746 1010 771 numerum
1035 740 1072 771 et
1093 746 1158 771 eas
1179 734 1369 784 pecunias

1 811 22 832 0
40 795 199 844 publice
225 795 457 834 decumanis
480 796 532 835 ab
561 797 868 836 Herbitensibus
894 798 1006 837 datas
1033 811 1119 836 esse
1141 798 1258 847 dico3
1288 812 1369 849 quo

39 859 93 897 illi
123 861 320 899 frumento
350 869 389 900 et
417 861 562 911 quibus
592 861 770 911 pecuniis
805 870 937 901 tamen
970 862 1020 901 ab
1055 864 1368 902 decumanorum

38 923 187 963 iniuriis
217 925 311 964 civis
342 939 434 964 suos
463 939 545 964 non
574 927 836 965 redemerunt.
897 927 1064 966 Perditis
1093 928 1199 966 enirn
1229 927 1306 966 iam
1330 937 1369 967 et

37 988 199 1039 direptis
221 998 417 1029 aratorum
438 990 564 1036 bonis,
589 992 686 1029 haec
713 990 945 1029 decumanis
967 1005 1115 1030 merces
1136 992 1304 1031 dabatur
1325 1001 1368 1031 ut

37 1053 252 1103 aliquando
273 1067 320 1093 ex
339 1067 476 1093 eorum
495 1054 595 1104 agris
615 1062 735 1104 atque
754 1068 802 1093 ex
821 1054 984 1093 urbibus
1004 1055 1167 1094 abirent.
1226 1058 1367 1107 Itaque
1389 1070 1430 1100 80

0 1131 18 1165 5
38 1131 128 1156 cum
150 1118 329 1157 Philinus
351 1118 614 1165 Herbitensis,
631 1119 753 1157 homo
773 1118 941 1158 disertus
958 1127 996 1158 et
1013 1121 1185 1170 prudens
1202 1128 1240 1160 et
1257 1122 1367 1160 domi

36 1182 191 1230 nobilis,
215 1184 265 1222 de
285 1183 508 1222 calamitate
533 1191 732 1221 aratorum
753 1191 792 1222 et
812 1184 863 1223 de
884 1185 974 1234 fuga
995 1192 1033 1223 et
1054 1186 1104 1224 de
1125 1185 1366 1236 reliquorum

34 1247 232 1298 paucitate
252 1248 411 1298 publice
435 1248 594 1295 diceret,
617 1248 959 1296 animadvertistis,
990 1249 1149 1298 iudices,
1173 1251 1364 1301 gemitum

34 1312 171 1364 populi
210 1312 396 1360 Romani,
430 1313 542 1352 cuius
580 1314 800 1364 frequentia
839 1314 931 1353 huic
963 1327 1105 1354 causae
1144 1329 1363 1366 numquam

35 1378 168 1416 defuit.
229 1379 321 1427 Qua
340 1379 391 1417 de
412 1378 610 1429 paucitate
629 1387 826 1418 aratorum
855 1380 933 1418 alio
963 1381 1050 1419 loco
1071 1379 1226 1420 dicam:
1257 1395 1364 1420 nunc
1387 1391 1435 1429 35

0 1441 132 1482 oillud
170 1445 279 1494 quod
317 1443 496 1494 praeterii
535 1457 616 1482 non
655 1444 820 1483 omnino
860 1444 1164 1495 relinquendum
1196 1445 1360 1485 videtur.

35 1508 150 1556 Nam,
166 1522 236 1559 per
251 1510 349 1548 deos
366 1509 609 1556 immortalis,
633 1510 743 1559 quod
764 1510 814 1548 de
835 1510 963 1560 capite
983 1509 1056 1548 iste
1077 1510 1258 1561 dempsit,
1284 1524 1363 1561 quo

32 1574 194 1612 tandem
233 1575 355 1613 modo
394 1574 506 1613 vobis
545 1587 626 1613 non
666 1576 788 1613 modo
823 1576 1040 1622 ferendum,
1074 1589 1210 1615 verum
1245 1576 1363 1614 etiam

32 1638 278 1677 audiendum
307 1638 491 1677 videtur?
547 1640 660 1677 Vnus
690 1640 822 1678 adhuc
853 1639 925 1678 fuit
958 1647 1047 1689 post
1078 1641 1250 1678 Romam
1272 1653 1363 1679 con·
1386 1647 1423 1679 81

33 1702 267 1749 ditam,-—di
287 1702 527 1742 immortales
548 1704 681 1750 faxint,
704 1717 754 1742 ne
776 1704 824 1742 sit
855 1706 950 1743 alter
967 1704 1093 1743 2—cui
1122 1717 1182 1743 res
1202 1705 1363 1755 publica

0 1772 156 1813 5totam
188 1780 230 1806 se
260 1768 429 1807 traderet
463 1768 706 1818 temporibus
738 1776 777 1807 et
808 1768 918 1806 malis
953 1776 1089 1807 coacta
1119 1769 1358 1817 domesticis,

33 1831 76 1868 L.
99 1831 215 1870 Sulla.
276 1832 357 1870 Hic
378 1839 532 1871 tantum
552 1832 681 1883 potuit
702 1841 745 1872 ut
766 1846 885 1872 nemo
907 1833 973 1872 illo
1002 1833 1123 1872 invito
1150 1846 1224 1872 nec
1254 1835 1360 1873 bona

29 1908 103 1934 nec
123 1896 287 1945 patriam
308 1910 382 1936 nec
403 1897 522 1935 vitam
539 1897 705 1936 retinere
726 1906 859 1948 posset
874 1912 884 1945 ,·
914 1905 1067 1936 tantum
1088 1898 1208 1936 animi
1222 1899 1360 1937 habuit

28 1961 79 1998 ad
113 1961 319 1999 audaciam
350 1969 392 2000 ut
426 1962 557 2000 dicere
596 1962 636 2000 in
669 1962 855 2001 contione
895 1975 976 2001 non
1011 1962 1218 2009 dubitaret,
1252 1962 1360 2001 bona

28 2023 172 2062 civium
204 2027 477 2065 Romanorum
507 2039 599 2065 cum
620 2028 817 2073 venderet,
842 2040 883 2066 se
914 2028 1100 2077 praedam
1131 2039 1241 2064 suam
1268 2041 1358 2066 ven-

0 2104 12 2127 >
27 2089 129 2127 dere.
191 2090 286 2128 Eius
307 2091 436 2130 omnis
458 2104 516 2130 res
537 2099 664 2142 gestas
692 2105 774 2131 non
801 2093 929 2130 solum
961 2091 1198 2138 obtinemus,
1220 2104 1356 2131 verum

72 2202 86 2222 1
112 2197 144 2223 et
163 2193 204 2224 de
221 2193 268 2224 cO
285 2206 290 2224 z
317 2199 349 2224 et
368 2194 433 2226 rell.
559 2205 578 2225 2
604 2194 728 2226 lectulo
745 2197 761 2226 δ
876 2207 895 2234 4
919 2195 972 2226 {fi
987 2194 1035 2226 cO
1052 2206 1057 2224 :
1082 2195 1129 2225 {V
1146 2194 1209 2226 rell.
1334 2205 1354 2235 5

25 2234 149 2266 lectulo
166 2249 189 2266 π
342 2249 362 2277 9
387 2239 549 2278 pecunias
564 2238 695 2278 publice
716 2238 768 2270 O:
794 2238 883 2279 publ.
905 2249 977 2279 pec.
999 2239 1064 2270 rell.
1226 2248 1265 2269 12
1289 2238 1353 2269 iam

25 2278 73 2309 cO
91 2291 97 2309 :
121 2289 187 2312 om.
201 2284 227 2319 p
245 2280 309 2312 rell.
431 2292 467 2320 17
491 2282 653 2321 gemitum
672 2283 801 2314 iudices
821 2282 851 2313 O
871 2284 924 2323 (§§
943 2292 994 2322 25,
1015 2282 1070 2322 61)
1177 2292 1220 2313 20
1244 2292 1354 2322 paene

25 2324 184 2360 praeterii
192 2324 287 2362 salso
305 2325 392 2365 vulg.
548 2335 587 2355 21
616 2326 679 2356 iste
697 2326 744 2356 cO
761 2338 767 2356 :
792 2326 855 2366 ipsi
868 2331 893 2366 p
910 2326 974 2356 rell.
1128 2334 1168 2366 25
1192 2330 1298 2357 totam
1315 2335 1353 2357 se

27 2363 101 2396 On:
125 2376 162 2396 se
179 2371 278 2398 totam
295 2367 364 2398 edd.

1452 47 1533 78 5:4⁴
