1600 2704
104 133 375 173 ACTIONIS
407 135 469 173 IN
500 134 545 174 C.
567 135 812 173 VERREM
843 136 1143 175 SECVNDAE
1174 138 1277 175 LIB.
1303 139 1345 175 ΙΙ
1411 147 1472 191 25

103 245 267 284 deberet
301 258 384 284 non
418 246 470 285 ad
501 245 608 285 diem
637 245 777 285 dedit?
811 247 973 296 quando
1002 246 1043 285 id
1077 248 1186 296 quod
1220 261 1319 297 opus
1349 262 1435 287 esse

102 316 255 359 putaret
275 323 358 349 non
377 312 480 350 ultro
496 309 671 361 pollicita
690 312 779 349 est?
806 312 969 360 quando
989 310 1029 350 id
1051 312 1160 361 quod
1181 311 1435 361 imperaretur

101 373 324 413 recusavit?
382 375 522 424 Itaque
548 373 613 413 ille
643 376 699 413 M.
733 375 834 414 Cato
869 374 1033 425 Sapiens
1063 376 1203 413 cellam
1233 376 1434 426 penariam

101 437 155 475 rei
193 438 377 488 publicae
414 446 581 486 nostrae,
617 438 810 478 nutricem
849 439 976 490 plebis
1016 441 1223 478 Romanae
1262 440 1434 479 Siciliam

62 517 79 548 5
100 502 344 542 nominabat.
419 505 505 542 Nos
553 516 645 542 vero
693 503 839 554 experti
887 517 1023 542 sumus
1073 504 1213 543 Italico
1261 505 1434 544 maximo

100 566 411 618 difficillimoque
442 568 547 608 bello
575 568 749 607 Siciliam
777 568 893 607 nobis
921 582 1002 608 non
1032 582 1103 620 pro
1132 570 1292 619 penaria
1321 571 1430 617 cella,

99 632 170 670 sed
193 645 265 682 pro
290 632 439 672 aerario
463 634 531 672 illo
559 633 750 672 maiorum
772 641 903 672 vetere
929 646 975 672 ac
996 635 1138 672 referto
1166 634 1309 682 fuisse;
1338 648 1431 673 nam

97 696 182 735 sine
202 699 283 736 ullo
299 705 458 748 sumptu
475 705 620 745 nostro,
639 697 764 745 coriis,
783 697 936 744 tunicis,
955 698 1232 747 frumentoque
1249 698 1431 748 suppedi-

97 762 232 809 tando,
270 762 461 801 maximos
495 762 687 801 exercitus
721 770 876 801 nostros
907 762 1072 809 vestivit,
1105 762 1210 809 aluit,
1252 763 1426 801 armavit.

38 840 78 864 10
98 825 239 875 Quid?
276 827 342 866 illa
379 840 481 878 quae
519 827 681 866 forsitan
720 840 770 866 ne
802 826 1016 865 sentiamus
1056 826 1230 877 quidem,
1264 827 1426 874 iudices,
1446 821 1472 859 3

95 899 245 940 quanta
274 896 389 931 sunt!
424 894 533 943 quod
563 891 696 930 multis
726 891 1050 941 locupletioribus
1082 891 1234 930 civibus
1269 892 1426 939 utimur,
1449 872 1468 903 6

94 957 205 1005 quod
253 957 402 995 habent
448 956 712 1007 propinquam
764 957 922 994 fidelem
971 957 1292 1006 fructuosamque
1344 970 1429 1007 pro—

93 1020 279 1069 vinciam,
295 1034 376 1072 quo
396 1021 510 1060 facile
532 1028 749 1067 excurrant,
773 1020 841 1059 ubi
862 1020 1029 1059 libenter
1049 1020 1252 1070 negotium
1273 1029 1409 1071 gerant
1418 1036 1428 1069 5

93 1098 194 1135 quos
242 1085 308 1124 illa
354 1086 495 1136 partim
534 1085 731 1125 mercibus
779 1084 1082 1134 suppeditandis
1121 1098 1212 1123 cum
1261 1094 1427 1135 quaestu

36 1162 74 1196 15
93 1149 415 1200 compendioque
439 1149 612 1197 dimittit,
635 1148 777 1199 partim
801 1148 953 1196 retinet,
976 1156 1018 1187 ut
1041 1162 1160 1196 arare,
1184 1158 1226 1187 ut
1253 1162 1425 1199 pascere,

91 1222 134 1253 ut
160 1214 350 1264 negotiari
377 1213 510 1262 libeat,
537 1221 580 1253 ut
606 1213 780 1264 denique
806 1214 921 1253 sedes
944 1226 991 1252 ac
1021 1213 1266 1252 domicilium
1294 1216 1426 1253 conlo-

91 1292 203 1327 care3
243 1280 353 1329 quod
392 1280 651 1318 commodum
690 1292 771 1318 non
811 1278 1012 1318 mediocre
1043 1278 1097 1318 rei
1135 1279 1318 1329 publicae
1353 1288 1425 1327 est,

89 1350 244 1381 tantum
278 1342 423 1382 civium
462 1356 672 1382 numerum
704 1351 784 1381 tam
819 1356 942 1393 prope
975 1356 998 1381 a
1029 1344 1153 1381 domo
1187 1351 1268 1382 tam
1308 1343 1423 1382 bonis

89 1407 379 1458 fructuosisque
408 1408 525 1447 rebus
551 1407 730 1447 detineri.
790 1408 841 1446 Et
868 1407 1056 1458 quoniam
1085 1407 1197 1457 quasi
1225 1409 1420 1458 quaedam
1445 1426 1460 1457 7

31 1488 72 1511 20
89 1472 249 1522 praedia
279 1472 416 1524 populi
447 1473 623 1513 Romani
656 1482 747 1512 sunt
778 1473 983 1524 vectigalia
1015 1482 1147 1512 nostra
1179 1482 1299 1525 atque
1337 1488 1423 1524 pro-

87 1536 250 1584 vinciae,
283 1550 402 1588 quern
436 1539 488 1577 ad
519 1539 685 1577 modum
717 1551 787 1577 vos
822 1538 1054 1589 propinquis
1081 1539 1217 1578 vestris
1252 1539 1421 1589 praediis

87 1602 258 1641 maxime
284 1603 547 1651 delectamini,
577 1603 633 1642 sic
654 1605 804 1654 populo
826 1605 1012 1643 Romano
1033 1604 1208 1643 iucunda
1233 1604 1422 1643 suburba-

86 1667 188 1706 nitas
209 1675 267 1706 est
288 1668 452 1707 huiusce
477 1668 712 1719 provinciae.
775 1669 862 1707 Iam
882 1681 975 1707 vero
999 1668 1208 1708 hominum
1230 1669 1421 1719 ipsorum,

86 1731 248 1780 iudices,
272 1745 319 1772 ea
347 1732 536 1783 patientia
555 1733 676 1772 virtus
705 1732 984 1784 frugalitasque
1011 1741 1070 1772 est
1099 1741 1142 1771 ut
1165 1733 1342 1783 proxime
1367 1735 1420 1773 ad

27 1808 67 1842 25
85 1804 262 1836 nostram
300 1796 553 1848 disciplinam
592 1797 699 1836 illam
738 1805 922 1846 veterem,
964 1811 1045 1836 non
1084 1799 1135 1837 ad
1175 1799 1278 1836 hanc
1317 1811 1419 1849 quae

85 1875 193 1901 nunc
223 1861 437 1902 increbruit
457 1863 664 1902 videantur
687 1864 901 1902 accedere:
932 1862 1030 1900 nihil
1051 1870 1270 1902 ceterorum
1292 1864 1419 1902 simile

86 1928 342 1975 Graecorum,
375 1929 483 1967 nulla
514 1927 678 1976 desidia,
715 1929 824 1966 nulla
857 1927 1042 1976 luxuries,
1070 1936 1207 1967 contra
1239 1941 1418 1966 summus

129 2040 149 2070 5
173 2030 362 2061 nominavit
385 2030 421 2060 ὁδ
561 2032 582 2062 8
605 2031 855 2081 suppeditando
884 2030 950 2062 0¹:
983 2031 1170 2070 subpedido
1197 2030 1260 2061 C1:
1293 2041 1416 2072 suppe-

86 2074 191 2105 ditato
211 2079 236 2114 p
260 2074 339 2109 rell.
360 2073 454 2105 Serv.
475 2073 523 2104 ced
541 2075 627 2105 Aen.
647 2075 667 2105 i.
691 2085 729 2106 1:
755 2075 994 2114 suppeditabat
1015 2076 1121 2105 Am
1141 2074 1240 2105 Mess.
1378 2085 1417 2106 10

85 2118 274 2149 sentiamus
302 2116 399 2149 601.
392 2129 399 2135 ·
437 2118 600 2149 sentimus
621 2123 646 2158 p
672 2118 737 2149 rell.
911 2127 948 2156 17
974 2118 1058 2157 reip.
1085 2117 1165 2158 COp
1192 2118 1261 2148 aL:
1299 2120 1416 2158 populi

87 2161 236 2192 Romani
252 2161 289 2192 b6
382 2161 420 2190 18
445 2161 567 2192 civium
594 2161 642 2192 C:
666 2170 883 2193 romanorum
908 2160 982 2191 add.
1010 2163 1091 2201 (per
1111 2160 1295 2202 compend.)
1316 2161 1417 2193 Ο1ὸνδ

87 2205 133 2244 (ν,
154 2208 170 2242 §
188 2205 265 2244 118)
365 2214 384 2234 a
404 2203 483 2235 CO:
506 2205 660 2245 abprell.
784 2214 824 2244 19
847 2203 1095 2235 detineribaL:
1111 2214 1184 2234 -ere
1197 2204 1277 2245 COp
1292 2205 1410 2245 etpler.

87 2248 124 2288 (i,
149 2250 164 2285 ξ
186 2248 239 2287 18)
373 2257 411 2278 21
437 2258 500 2278 uos
521 2248 718 2288 propinquis
736 2247 830 2279 CO1:
854 2258 948 2287 prop.
967 2252 1067 2286 uosp
1083 2247 1149 2278 rell.
1260 2258 1301 2287 23
1325 2253 1414 2289 estp

86 2291 150 2322 rell.
170 2302 177 2322 :
201 2301 267 2321 om.
288 2289 398 2329 C(est
414 2292 547 2323 suburb.
568 2302 647 2324 σοιν.
672 2291 751 2331 091)
901 2300 942 2330 25
965 2291 1007 2322 ad
1027 2290 1086 2322 CO
1102 2290 1181 2322 Ρη).
1203 2292 1310 2330 7786:
1346 2303 1413 2322 om.

80 2339 106 2374 p
123 2334 186 2366 tell.
277 2335 319 2364 26
343 2334 524 2365 increbruit
542 2334 613 2366 Cn:
637 2335 804 2366 increbuit
824 2334 872 2365 Ob
888 2339 917 2366 et
928 2334 1006 2375 pler.
1065 2334 1220 2365 uideatur
1238 2335 1283 2366 Cb
1373 2346 1412 2374 27

85 2377 237 2409 luxuries
256 2376 351 2410 601.
378 2378 508 2409 luxuria
520 2383 545 2420 p
561 2378 626 2410 ull.
