1600 2704
102 77 370 116 ACT10N1s
400 78 461 116 IN
491 77 537 117 C.
558 77 801 115 VERREM
831 78 1129 117 SECVNDAE
1159 77 1264 115 LIB.
1287 78 1324 114 v
1379 86 1429 114 22
1449 53 1511 122 56³
1568 48 1574 55 ’

102 187 225 225 multa
249 186 372 236 pretia
394 199 440 225 ae
470 198 632 225 munera
662 186 902 233 conlocasse‚
925 198 1016 224 cum
1046 185 1151 225 idem
1179 186 1244 224 alii
1265 186 1357 226 iuris
1384 201 1430 226 ex

100 252 240 291 eadem
260 264 377 290 causa
397 264 478 290 non
498 249 754 290 obtinerent?

155 315 236 355 Hic
261 316 357 355 mihi
391 316 510 355 etiam
541 315 703 354 audebit
731 314 974 353 mentionem
1007 316 1133 353 facere
1166 316 1428 355 Mamertinae
1451 328 1490 361 57

99 380 360 420 laudationis!
415 380 455 419 in
494 393 572 431 qua
611 393 729 430 quam
767 381 889 418 multa
928 379 1005 417 sint
1042 381 1203 419 vulnera
1244 379 1331 430 quis
1371 389 1428 419 est

62 461 79 494 5
98 453 269 485 vestrum
274 445 458 495 ,iudices‚
469 445 565 496 quin
581 444 804 496 intellegat?
834 444 1010 483 Primum
1025 446 1124 483 enim
1139 444 1178 483 in
1192 444 1346 484 iudiciis
1361 445 1428 495 qui

98 513 238 551 decem
263 512 484 550 laudatores
509 511 603 549 dare
623 523 704 549 non
726 517 867 560 potest,
889 509 1093 548 honestius
1123 517 1182 548 est
1211 509 1247 548 ei
1274 510 1426 547 nullum

97 577 190 616 dare
217 588 337 627 quam
367 574 477 613 illum
507 574 619 625 quasi
643 573 861 624 legitimum
890 587 1097 612 numerum
1128 573 1426 612 consuetudinis

96 654 178 680 non
207 641 371 691 explere.
430 641 509 679 Tot
538 639 579 678 in
609 639 739 679 Sicilia
773 639 948 678 civitates
984 646 1074 677 sunt
1104 638 1247 689 quibus
1283 646 1324 676 tu
1358 651 1427 688 per

96 704 307 744 triennium
337 704 562 755 praefuisti:
595 712 761 754 arguunt
791 711 952 751 ceterae,
986 717 1135 755 paucae
1161 711 1199 741 et
1227 716 1367 753 parvae
1388 711 1426 742 et

38 783 77 808 10
96 777 203 809 metu
234 783 432 820 repressae
461 769 590 817 silent,
619 783 697 808 una
727 770 870 808 laudat.
931 771 1025 808 Hoc
1054 768 1151 819 quid
1180 776 1238 807 est
1268 768 1342 808 nisi
1373 770 1426 807 in-

94 836 277 886 tellegere
302 834 398 885 quid
426 835 570 873 habeat
599 834 774 873 utilitatis
794 847 884 873 vera
913 834 1099 881 laudatio,
1122 835 1192 873 sed
1219 841 1351 873 tamen
1373 834 1426 873 ita

92 900 317 950 provinciae
331 899 544 950 praefuisse
560 907 602 938 ut
615 901 689 939 hac
704 899 870 939 utilitate
886 899 1106 938 necessario
1119 899 1167 937 sit
1180 900 1395 938 carendum
1409 902 1426 937 ?

93 965 263 1012 Deinde,
296 965 405 1014 quod
433 964 511 1003 alio
540 966 629 1003 loco
660 972 775 1003 antea
807 964 896 1012 dixi,
933 978 1035 1014 quae
1068 971 1126 1003 est
1160 963 1233 1002 ista
1262 966 1423 1004 tandem
1445 972 1484 1013 58

92 1029 279 1077 laudatio,
303 1029 414 1068 cuius
435 1030 671 1069 laudationis
693 1029 808 1080 legati
829 1038 866 1068 et
894 1029 1090 1080 principes
1111 1037 1149 1068 et
1174 1030 1332 1080 publice
1353 1030 1423 1069 tibi

35 1106 73 1139 15
93 1107 234 1132 navem
266 1094 513 1133 aedificatam
549 1101 586 1132 et
620 1093 800 1144 privatim
836 1107 877 1133 se
908 1094 1015 1144 ipsos
1048 1094 1118 1132 abs
1157 1102 1196 1132 te
1235 1095 1423 1145 spoliatos

91 1158 361 1209 expilatosque
408 1172 493 1198 esse
540 1159 751 1198 dixerunt?
817 1160 1023 1198 Postremo
1071 1158 1167 1209 quid
1214 1159 1321 1199 aliud
1362 1160 1422 1198 isti

90 1224 248 1272 faciunt,
273 1237 364 1263 cum
386 1232 424 1264 te
445 1224 517 1263 soli
539 1238 586 1264 ex
607 1224 738 1263 Sicilia
765 1225 938 1272 laudant,
963 1224 1036 1263 nisi
1057 1224 1285 1264 testimonio
1307 1225 1422 1264 nobis

90 1296 180 1327 sunt
215 1289 349 1328 omnia
383 1297 421 1328 te
452 1289 527 1328 sibi
561 1302 646 1328 esse
680 1290 860 1340 largitum
895 1303 996 1340 quae
1031 1298 1071 1329 tu
1107 1291 1158 1329 de
1189 1304 1229 1329 re
1263 1290 1422 1340 publica

89 1361 221 1392 nostra
250 1354 494 1393 detraxeris?
552 1355 666 1403 Quae
701 1354 858 1393 colonia
892 1362 949 1393 est
983 1355 1023 1393 in
1055 1355 1169 1393 Italia
1198 1363 1277 1393 tam
1313 1356 1421 1394 bono

31 1429 70 1452 20
88 1417 180 1466 iure,
203 1420 313 1469 quod
335 1427 414 1458 tarn
436 1419 612 1457 immune
634 1418 904 1469 municipium,
929 1420 1038 1470 quod
1066 1433 1134 1471 per
1155 1421 1275 1459 hosce
1295 1434 1421 1460 annos

88 1490 167 1522 tam
202 1486 416 1524 commoda
450 1484 656 1523 vacatione
691 1484 870 1524 omnium
903 1498 1031 1524 rerum
1067 1486 1115 1523 sit
1147 1499 1260 1525 usum
1300 1500 1419 1537 quam

89 1548 327 1587 Mamertina
360 1548 526 1588 civitas?
585 1551 660 1588 Per
693 1549 905 1588 triennium
938 1550 1009 1589 soli
1043 1564 1089 1589 ex
1122 1552 1281 1590 foedere
1311 1554 1420 1603 quod

87 1613 309 1652 debuerunt
342 1628 423 1654 non
451 1616 659 1663 dederunt,
681 1615 754 1653 soli
784 1614 859 1654 isto
886 1623 1064 1665 praetore
1091 1616 1270 1655 omnium
1291 1631 1419 1656 rerum

86 1676 283 1717 immunes
312 1679 479 1726 fuerunt,
512 1679 585 1719 soli
614 1679 654 1718 in
682 1679 792 1718 istius
822 1679 988 1731 imperio
1017 1694 1063 1720 ea
1087 1681 1324 1721 condicione
1345 1683 1420 1721 vix-

28 1752 66 1784 25
86 1750 199 1782 erunt
219 1751 261 1782 ut
281 1745 431 1795 populo
453 1746 639 1784 Romano
660 1745 756 1783 nihil
777 1746 929 1794 darent,
950 1746 1062 1785 Verri
1082 1745 1179 1784 nihil
1200 1756 1397 1798 negarent.

139 1810 288 1848 Verum
310 1817 351 1847 ut
371 1811 421 1849 ad
442 1811 619 1858 classem,
638 1824 718 1861 quo
739 1824 785 1849 ex
805 1812 894 1850 loco
911 1824 998 1850 sum
1016 1811 1225 1861 digressus,
1238 1820 1416 1860 revertar,
1439 1799 1489 1865 33

83 1873 271 1924 accepisti
291 1887 313 1912 a
335 1875 583 1914 Mamertinis
611 1889 752 1915 navem
783 1884 921 1915 contra
940 1878 1055 1927 leges,
1079 1876 1260 1916 remisisti
1281 1886 1418 1916 contra
1441 1860 1481 1891 ³9

84 1939 253 1977 foedera.
316 1940 377 1977 Ita
412 1939 451 1978 in
484 1953 563 1978 una
594 1940 750 1979 civitate
777 1940 837 1979 bis
872 1940 1075 1992 improbus
1105 1941 1221 1988 fuisti,
1258 1955 1350 1981 curn
1380 1950 1418 1982 et

83 2003 266 2042 remisisti
287 2005 397 2054 quod
418 2017 498 2043 non
520 2006 739 2055 oportebat,
762 2012 799 2044 et
820 2005 1006 2055 accepisti
1028 2007 1136 2055 quod
1158 2019 1239 2045 non
1260 2006 1415 2046 licebat.

25 2079 66 2112 30
84 2068 248 2118 Exigere
269 2076 308 2109 te
328 2069 500 2120 oportuit
520 2083 661 2108 navem
682 2083 783 2120 quae
803 2078 940 2109 contra
959 2071 1189 2121 praedones,
1213 2084 1294 2111 non
1315 2085 1418 2123 quae

126 2182 145 2212 5
171 2174 262 2204 enim
279 2174 414 2215 scripsi:
439 2177 474 2204 ut
492 2172 594 2213 Rsp5
611 2172 713 2205 Prisc.
732 2173 804 2210 (Gr.
819 2172 896 2205 Lat.
917 2174 1005 2214 iii,p.
1023 2175 1102 2214 3383
1118 2186 1125 2206 :
1151 2185 1215 2207 om.
1228 2175 1411 2216 Hotoman,

81 2215 241 2248 Zielinski
255 2217 417 2257 (Primum
436 2227 501 2248 om.
514 2217 567 2256 pl}
743 2228 764 2256 9
788 2222 820 2248 et
840 2219 930 2258 <ante
945 2219 1050 2259 metu)
1070 2229 1134 2251 om.
1154 2221 1170 2249 δ
1317 2231 1354 2261 13
1381 2222 1413 2254 id

82 2262 170 2300 quod
189 2263 205 2291 δ
371 2263 411 2293 16
434 2261 711 2301 exspoliatosque
728 2259 814 2302 RSp
831 2273 837 2292 :
862 2272 940 2294 corr.
958 2262 1132 2294 Hotoman
1306 2267 1344 2297 18
1371 2267 1412 2297 de

76 2305 120 2344 p6
135 2303 355 2337 Arusianus:
380 2315 448 2336 om.
466 2304 532 2335 RS
548 2305 647 2346 (reip.
669 2304 726 2346 Gl)
884 2317 925 2347 24
949 2306 1038 2339 vitae
1054 2306 1187 2340 fuerunt
1205 2310 1221 2339 δ
1372 2320 1412 2350 25

83 2348 291 2388 denegarent
310 2351 326 2379 δ
345 2348 409 2390 (nil
427 2355 590 2389 negarent
605 2349 768 2389 Zielinski,
780 2355 815 2391 p.
833 2351 908 2391 178)
