1600 2704
105 112 374 155 ACTIONIS
405 118 466 157 IN
496 119 541 159 C.
564 121 805 163 VERREM
835 127 1136 171 SECVNDAE
1168 135 1269 174 LIB.
1296 139 1337 176 II
1381 150 1433 189 35
1452 150 1493 189 87

102 224 224 263 Erant
250 225 360 277 signa
379 242 426 267 ex
448 242 537 269 aere
563 235 766 283 complura
780 250 791 284 ,-
820 236 859 275 in
880 238 940 277 his
968 241 1109 281 eximia
1135 247 1428 295 pulchritudine
1449 254 1490 296 87

98 287 182 338 ipsa
203 289 370 332 Himera
390 293 430 332 in
460 295 691 336 muliebrem
713 300 876 350 figuram
906 305 1167 357 habitumque
1195 312 1361 352 formata
1381 329 1427 354 ex

95 353 233 404 oppidi
264 357 426 398 nomine
455 368 493 398 et
526 362 709 402 fluminis
771 367 864 406 Erat
893 368 1011 408 etiam
1041 373 1252 414 Stesichori
1285 387 1426 428 poetae

94 425 221 458 statua
250 421 382 461 senilis
410 423 570 464 incurva
590 440 681 466 curn
709 429 808 470 libro
833 445 1000 482 summo,
1025 445 1067 475 ut
1090 446 1241 488 putant,
1260 443 1424 484 artificio

53 493 70 524 5
90 484 202 533 facta,
244 487 311 537 qui
349 489 422 528 fuit
460 491 661 542 Himerae,
695 497 766 535 sed
805 506 843 536 et
874 508 932 538 est
966 510 1004 540 et
1035 504 1107 542 fuit
1141 513 1224 545 tota
1258 509 1423 550 Graecia

89 561 247 589 summo
279 561 438 604 propter
468 555 670 606 ingenium
702 561 854 602 honore
892 573 930 604 et
964 568 1136 608 nomine.
1199 573 1314 612 Haec
1348 575 1420 615 iste

86 615 136 652 ad
172 614 365 656 insaniam
399 622 689 672 concupiverat.
750 626 893 676 Etiam,
926 634 1034 680 quod
1065 647 1191 684 paene
1226 640 1415 688 praeterii,

85 681 235 729 capella
273 684 470 732 quaedam
501 694 570 734 est,
602 701 648 727 ea
682 690 845 740 quidem
876 694 982 743 mire,
1016 705 1057 736 ut
1093 699 1211 738 etiam
1246 715 1319 741 nos
1349 705 1416 754 qui

82 744 198 783 rudes
242 746 380 786 harum
427 762 555 789 rerum
599 765 735 793 sumus
783 756 1008 809 intellegere
1055 775 1277 814 possumuS‚
1319 769 1416 809 scite

23 816 63 839 10
80 807 181 847 facta
220 817 259 848 et
297 821 471 852 venuste.
532 817 648 856 Haec
685 827 723 857 et
762 821 838 860 alia
877 824 1010 875 Scipio
1045 840 1126 865 non
1163 832 1415 883 neglegenter

77 872 284 922 abiecerat,
316 884 359 915 ut
388 879 511 917 homo
544 880 776 934 intellegens
806 888 947 927 Verres
976 892 1127 932 auferre
1159 905 1304 944 posset,
1341 901 1411 938 sed

75 937 341 979 Thermitanis
372 943 601 993 restituerat,
633 961 714 987 non
739 963 821 1000 quo
849 951 933 1002 ipse
962 955 1096 995 hortos
1125 967 1193 997 aut
1223 962 1410 1002 suburba-

72 1014 168 1040 num
207 1012 274 1043 aut
311 1007 442 1045 locum
473 1010 637 1050 omnino
669 1013 736 1052 ubi
768 1028 815 1053 ea
845 1027 1010 1065 poneret
1045 1023 1197 1061 nullum
1232 1026 1406 1076 haberet,

71 1068 140 1106 sed
168 1070 287 1118 quod,
311 1070 343 1109 si
363 1073 527 1112 domum
555 1076 789 1126 abstulisset,
814 1093 894 1119 non
925 1082 993 1121 diu
1015 1085 1211 1136 Scipionis
1237 1094 1407 1141 appella—

12 1142 48 1176 15
68 1138 211 1180 rentur,
238 1135 309 1173 sed
338 1149 474 1176 eorum
503 1140 554 1178 ad
586 1153 862 1194 quoscumque
892 1145 994 1186 illius
1024 1158 1150 1190 morte
1180 1154 1403 1196 venissent:

66 1208 172 1234 nunc
204 1197 249 1236 iis
281 1200 376 1239 locis
411 1202 538 1252 posita
572 1213 663 1244 sunt
697 1215 739 1246 ut
771 1209 866 1248 mihi
903 1225 1058 1265 semper
1091 1217 1287 1268 Scipionis
1320 1223 1402 1261 fore

63 1258 268 1301 videantur
288 1263 420 1315 itaque
439 1267 631 1309 dicantur.

116 1326 233 1365 Haec
265 1341 355 1367 cum
388 1330 461 1370 iste
495 1344 674 1383 posceret
700 1347 959 1392 agereturque
993 1357 1039 1383 ea
1073 1359 1133 1385 res
1168 1347 1208 1386 in
1243 1359 1397 1399 senam,
1417 1326 1473 1417 ἓξ

60 1388 246 1430 Sthenius
281 1396 626 1438 vehementissime
665 1403 804 1442 restitit
844 1408 1057 1458 multaque,
1100 1420 1141 1450 ut
1180 1412 1220 1450 in
1260 1415 1395 1464 primis

0 1470 40 1493 20
58 1452 280 1495 Siculorum
304 1458 344 1496 in
371 1460 544 1501 dicendo
564 1465 750 1515 copiosus
779 1478 851 1517 est,
873 1477 1223 1516 commemoravit:
1255 1480 1393 1519 urbem

56 1519 276 1570 relinquere
321 1525 586 1567 Thermitanis
637 1544 722 1570 esse
770 1535 974 1575 honestius
1018 1552 1136 1589 quam
1180 1543 1259 1592 pati
1309 1546 1393 1584 tolli

54 1596 101 1621 ex
135 1585 231 1625 urbe
271 1600 530 1630 monumenta
570 1595 775 1645 maiorum,
817 1601 943 1649 spolia
978 1604 1163 1654 hostium,
1198 1608 1391 1650 beneficia

52 1649 254 1690 clarissimi
297 1653 379 1702 viri,
428 1656 574 1697 indicia
621 1662 818 1702 societatis
866 1668 1003 1717 populi
1049 1671 1221 1711 Romani
1270 1682 1389 1726 atque

50 1713 257 1755 amicitiae.
328 1719 532 1761 Commoti
570 1724 691 1764 animi
736 1736 827 1767 sunt
865 1732 1069 1782 omnium3
1114 1746 1288 1786 repertus
1328 1749 1387 1780 est

0 1794 29 1826 25
50 1790 169 1818 nemo
199 1781 295 1831 quin
330 1785 427 1823 mori
463 1787 611 1828 diceret
651 1792 770 1831 satius
805 1807 901 1833 esse.
963 1799 1105 1849 Itaque
1144 1802 1220 1841 hoc
1251 1806 1384 1845 adhuc

48 1843 241 1892 oppidum
280 1848 421 1887 Verres
460 1850 610 1892 invenit
648 1868 772 1906 prope
811 1861 940 1898 solum
980 1862 1019 1900 in
1059 1865 1154 1904 orbe
1194 1874 1381 1909 terrarum

46 1908 152 1946 unde
191 1909 288 1949 nihil
327 1913 410 1952 eius
450 1917 559 1956 modi
598 1932 726 1959 rerum
766 1924 817 1962 de
855 1926 1018 1974 publico
1049 1942 1118 1979 per
1151 1931 1241 1979 vim,
1283 1934 1380 1973 nihil

43 1973 208 2020 occulte,
251 1974 349 2014 nihil
392 1977 567 2029 imperio,
612 1983 710 2023 nihil
756 1988 888 2035 gratia,
931 1990 1029 2029 nihil
1072 1994 1198 2043 pretio
1245 2007 1379 2046 posset

41 2037 201 2076 auferre.
261 2041 410 2080 Verum
432 2044 549 2084 hasce
573 2046 657 2087 eius
681 2050 917 2100 cupiditates
941 2069 1137 2105 exponam
1164 2060 1241 2099 alio
1262 2063 1351 2103 loco
1365 2079 1377 2112 ‚-

0 2118 25 2141 ‚o
41 2113 148 2141 nunc
167 2104 219 2143 ad
240 2105 447 2147 Sthenium
468 2119 644 2152 revertar.
693 2116 819 2156 Iratus
840 2117 913 2158 iste
933 2123 1187 2164 vehementer
1207 2127 1372 2168 Sthenio
1393 2138 1434 2181 89

82 2214 101 2244 5
125 2207 180 2245 qui
205 2207 269 2239 suit
293 2209 339 2242 H.
366 2211 438 2243 cO:
472 2213 513 2245 ab
536 2225 577 2246 eo
595 2216 652 2256 qui
675 2218 736 2250 fuit
761 2219 807 2252 H.
827 2226 851 2262 p
873 2223 961 2256 rell.:
996 2226 1050 2264 qui
1068 2227 1180 2260 floruit
1198 2229 1242 2262 H.
1263 2230 1370 2263 Colet:

37 2249 91 2286 qui
109 2248 169 2281 suit
187 2250 393 2286 Himeraeus
409 2255 510 2293 Bake,
529 2258 661 2299 Kayser
763 2269 797 2294 et
815 2270 867 2296 est
881 2266 929 2297 cO
945 2271 974 2297 et
987 2269 1033 2299 sic
1041 2272 1191 2314 prz'mop
1206 2285 1213 2304 :
1237 2280 1289 2305 est
1303 2276 1368 2308 rell.

37 2290 178 2324 Graecia
195 2295 265 2327 cO:
290 2297 324 2328 in
342 2297 401 2330 Gr.
422 2300 486 2332 rell.
623 2314 660 2343 14
684 2307 774 2344 quod
792 2307 860 2339 cO:
884 2320 951 2341 om.
973 2312 1038 2343 rell.
1186 2318 1224 2347 18
1250 2325 1368 2357 postea

35 2343 191 2373 posceret
211 2337 241 2368 O
409 2353 448 2373 21
474 2344 703 2379 Thermitanis
720 2349 778 2380 cO¹
796 2362 803 2380 :
826 2362 880 2383 -os
897 2354 964 2385 rell.
1120 2369 1161 2399 25
1178 2362 1232 2399 qui
1250 2372 1317 2393 non
1339 2363 1369 2393 O

38 2378 68 2417 (§
91 2387 151 2419 149
168 2381 272 2424 infra)
406 2396 449 2426 29
472 2387 596 2420 Verum
616 2390 683 2422 Ob:
710 2402 825 2424 verum
840 2400 951 2428 tamen
964 2403 990 2439 p
1007 2399 1097 2441 vulg.
