1600 2704
129 101 172 137 31
192 100 231 130 82
542 93 598 131 M.
620 94 789 131 TVLLI
818 93 1124 133 CICERONIS

193 203 300 241 iubet
330 211 449 253 atque
488 203 689 253 imperare.
750 204 843 241 Hoc
881 215 929 241 eo
967 201 1059 241 facit
1094 210 1135 240 ut
1167 201 1232 241 ille
1270 216 1351 241 non
1391 205 1519 242 solum

190 269 345 306 abesset
376 281 399 305 a
430 269 553 306 domo
591 269 687 306 dum
722 266 930 317 navigaret,
963 268 1033 306 sed
1065 266 1183 311 etiam
1223 266 1390 305 libenter
1428 281 1518 305 cum

191 346 334 382 magno
373 334 522 371 honore
562 331 836 381 beneficioque
869 332 1039 379 abesset,
1078 331 1163 381 ipse
1200 339 1333 370 autem
1368 340 1520 370 remoto

169 407 307 446 -atque
341 397 522 445 ablegato
550 396 631 434 viro
667 409 747 434 non
779 395 937 434 liberius
969 409 1088 446 quam
1122 396 1383 446 antea—quis
1414 395 1520 433 enim

116 724 168 761 32

123 1441 164 1480 84

190 474 377 510 umquam
399 460 509 499 istius
530 460 684 499 libidini
705 460 856 499 obstitit
872 462 1015 499 ?-—sed
1041 462 1159 510 paulo
1179 460 1366 500 solutiore
1385 460 1520 499 animo
1543 477 1560 508 5

189 533 321 563 tamen
354 538 488 563 secum
521 524 625 562 illam
662 525 834 571 haberet,
867 524 899 562 si
931 538 1010 563 non
1051 532 1253 574 tamquam
1286 525 1411 563 virum
1451 526 1520 563 sed

189 597 391 638 tamquam
411 590 611 627 aemulum
633 588 870 627 removisset.

242 653 398 702 Accipit
419 652 528 690 navis
549 652 745 691 sociorum
766 660 883 703 atque
903 652 1120 692 amicorum
1149 654 1385 693 Cleomenes
1415 655 1521 704 Syra-

188 729 368 755 cusanus.
428 716 538 765 Quid
559 716 727 767 primum
748 725 815 755 aut
834 731 1015 756 accusem
1037 726 1105 756 aut
1125 720 1296 767 querar?
1336 718 1521 758 Siculone

187 782 338 820 homini
373 781 498 831 legati,
540 781 767 831 quaestoris,
809 782 996 832 praetoris
1048 783 1221 833 denique
1271 791 1519 833 potestatem,
1545 800 1582 822 10

188 848 389 892 honorem,
425 845 700 884 auctoritatem
738 845 853 884 dari?
909 846 949 885 Si
983 854 1021 885 te
1055 836 1297 897 impediebat
1327 849 1399 886 ista
1431 861 1522 886 con-

186 911 376 949 viviorum
406 911 694 960 mulierumque
710 910 929 960 occupatio,
953 910 1021 950 ubi
1042 918 1278 961 quaestores,
1302 911 1370 950 ubi
1391 911 1518 962 legati,

186 977 254 1015 ubi
287 976 404 1015 ternis
439 975 609 1015 denariis
642 975 892 1014 aestimatum
923 977 1174 1022 frumentum,
1209 976 1278 1014 ubi
1309 975 1416 1023 muli,
1453 975 1521 1014 ubi

187 1043 448 1088 tabernacula,
485 1041 553 1079 ubi
587 1048 645 1079 tot
679 1048 866 1090 tantaque
901 1048 1131 1079 ornamenta
1165 1037 1454 1090 magistratibus
1482 1048 1519 1078 et

187 1106 321 1157 legatis
359 1120 382 1144 a
420 1113 557 1144 senatu
597 1106 825 1155 populoque
871 1106 1055 1143 Romano
1102 1104 1291 1154 permissa
1338 1113 1376 1143 et
1414 1105 1519 1152 data,
1543 1119 1579 1151 15

185 1172 358 1222 denique
386 1171 453 1209 ubi
482 1170 678 1221 praefecti,
701 1169 768 1208 ubi
796 1169 941 1207 tribuni
976 1169 1065 1207 tui?
1121 1169 1160 1208 Si
1187 1169 1281 1208 civis
1314 1171 1519 1207 Romanus

185 1236 327 1286 dignus
342 1236 416 1274 isto
434 1235 593 1285 negotio
610 1248 728 1273 nemo
749 1233 831 1280 fuit,
850 1234 946 1283 quid
967 1233 1143 1272 civitates
1164 1247 1265 1284 quae
1287 1233 1326 1271 in
1347 1233 1520 1271 amicitia

187 1302 344 1350 fideque
365 1299 501 1350 populi
523 1298 696 1337 Romani
715 1306 905 1348 perpetuo
927 1301 1182 1337 manserant?
1211 1299 1278 1337 ubi
1295 1300 1517 1348 Segestana,

184 1365 251 1403 ubi
284 1363 543 1414 Centuripina
573 1363 740 1402 civitas?
780 1376 881 1412 quae
915 1376 1006 1401 cum
1037 1362 1173 1401 officiis
1204 1364 1282 1401 fide
1313 1371 1515 1409 vetustate,

185 1438 267 1468 tum
296 1430 413 1468 etiam
442 1428 677 1478 cognatione
697 1427 833 1478 populi
856 1426 1028 1465 Romani
1048 1440 1195 1465 nomen
1215 1427 1421 1477 attingunt.
1482 1427 1518 1465 O
1540 1439 1580 1462 20

184 1495 225 1534 di
246 1494 485 1533 immortales
505 1496 512 1532 Ξ
542 1493 638 1542 quid
654 1495 671 1530 ?
699 1492 731 1530 si
752 1493 889 1530 harum
909 1492 1080 1542 ipsarum
1101 1490 1302 1529 civitatum
1318 1491 1517 1538 militibus,

185 1559 361 1606 navibus,
392 1557 599 1597 nauarchis
633 1559 898 1607 Syracusanus
929 1558 1165 1596 Cleomenes
1196 1556 1324 1594 iussus
1358 1564 1416 1595 est
1451 1556 1519 1593 im-

185 1637 329 1674 perare,
353 1636 432 1662 non
454 1622 583 1661 omnis
604 1623 732 1660 honos
752 1622 802 1660 ab
825 1621 899 1659 isto
928 1620 1139 1671 dignitatis,
1160 1620 1377 1670 aequitatis,
1401 1621 1519 1659 offici—

184 1702 262 1737 que
282 1689 458 1726 sublatus
479 1689 567 1725 est?
623 1688 792 1735 Ecquod
814 1686 852 1723 in
874 1685 1004 1724 Sicilia
1034 1687 1181 1724 bellurn
1208 1685 1400 1735 gessimus
1421 1686 1517 1735 quin

185 1752 452 1802 Centuripinis
473 1750 599 1798 sociis,
623 1750 872 1800 Syracusanis
898 1749 1077 1788 hostibus
1098 1753 1326 1789 uteremur?
1382 1753 1516 1800 Atque
1537 1761 1577 1794 25

184 1819 281 1855 haec
320 1829 393 1866 ego
430 1817 481 1855 ad
520 1815 751 1854 memoriam
783 1814 995 1860 vetustatis,
1034 1827 1113 1852 non
1148 1815 1199 1852 ad
1234 1814 1515 1852 contumeliam

183 1880 349 1919 civitatis
370 1880 500 1919 referri
520 1882 620 1918 volo.
682 1880 822 1929 Itaque
842 1879 906 1917 ille
927 1878 982 1916 vir
1002 1878 1238 1917 clarissimus
1259 1892 1516 1928 summusque

184 1946 403 1995 imperator,
429 1947 484 1983 M.
509 1946 731 1990 Marcellus,
762 1943 872 1982 cuius
903 1943 1042 1982 virtute
1069 1951 1218 1993 captae,
1250 1943 1515 1982 misericordia

184 2018 436 2048 conservatae
467 2017 556 2047 sunt
583 2010 805 2058 Syracusae,
828 2008 1003 2046 habitare
1025 2008 1064 2045 in
1085 2021 1130 2046 ea
1150 2015 1258 2058 parte
1286 2008 1391 2047 urbis
1413 2021 1514 2058 quae

228 2124 247 2142 2
273 2114 351 2143 dum
373 2112 422 2142 V:
446 2118 515 2143 tum
535 2112 612 2142 dum
630 2110 714 2141 RS:
739 2115 807 2141 tum
826 2121 900 2141 cum
914 2116 949 2151 p,
969 2115 1047 2141 tunc
1065 2121 1140 2140 cum
1158 2111 1174 2140 δ
1311 2122 1330 2149 4
1356 2110 1513 2150 ablegato

189 2157 276 2195 ls'pkb
292 2168 297 2185 1
322 2156 510 2186 abalienato
528 2154 622 2185 st
770 2164 789 2192 5
814 2154 925 2184 animo
943 2159 1054 2184 tamen
1079 2153 1126 2193 Vp
1144 2165 1150 2183 :
1176 2158 1289 2184 tamen
1307 2154 1419 2184 animo
1435 2154 1469 2184 R
1485 2157 1515 2184 et

182 2201 259 2238 pler.
384 2201 405 2229 6
429 2204 480 2229 set
497 2197 581 2228 RS:
605 2202 638 2227 at
659 2197 724 2236 Vp&
743 2197 790 2233 (ii,
810 2198 832 2234 i,
853 2200 867 2233 ξ
885 2200 940 2235 943
1054 2197 1074 2227 8
1099 2196 1245 2235 Accepit
1268 2195 1297 2225 V
1409 2206 1511 2236 13—15

185 2243 239 2271 ubi
266 2242 370 2271 ternis
388 2266 394 2272 .
415 2265 422 2272 .
445 2266 450 2272 .
470 2247 501 2271 et
526 2242 603 2271 data
629 2241 698 2270 secl.
717 2245 778 2271 aut
800 2240 858 2270 del.
879 2240 1006 2278 Eberlz„
1027 2239 1123 2277 Nohl,
1144 2238 1303 2269 Sclmzalz
1468 2249 1512 2270 20

187 2295 251 2315 ΡΒ.
274 2295 395 2314 nomen
418 2284 506 2323 Vpss:
533 2294 599 2314 ER.
621 2282 720 2313 RSD
874 2285 915 2312 26
938 2284 1020 2313 haec
1038 2293 1101 2321 ego
1117 2283 1158 2312 ad
1175 2281 1239 2312 RS
1256 2293 1262 2311 :
1287 2292 1350 2321 ego
1368 2282 1509 2313 haec-ad

190 2328 236 2357 V:
263 2328 342 2357 haec
361 2328 471 2357 omnia
488 2328 529 2357 ad
543 2327 589 2366 pk
