1600 2704
107 91 162 129 45
184 97 246 119 120
547 84 605 121 M.
636 83 805 121 TVLLI
837 83 1144 123 CICERONIS

103 493 160 538 46

99 561 154 582 121

91 1567 148 1588 122

88 2024 149 2056 123

181 194 275 242 quin
304 193 481 241 audierit,
514 193 609 244 quin
639 193 747 241 sciat,
779 195 850 233 has
877 193 1120 234 Timarchidi
1149 195 1352 244 pactiones
1383 198 1508 246 sepul-

180 266 288 296 turae
317 271 408 296 cum
437 258 533 297 vivis
563 258 680 297 etiam
711 259 784 298 illis
814 272 899 298 esse
929 261 1080 298 factas?
1136 260 1230 299 Non
1259 262 1388 310 palam
1416 274 1507 299 cum

179 322 432 362 Timarchide
471 324 744 373 loquebantur,
781 337 863 362 non
901 337 1040 363 omnes
1079 324 1258 363 omnium
1297 325 1508 376 propinqui

178 384 480 432 adhibebantur,
512 399 592 423 non
623 387 752 435 palam
781 385 958 424 vivorum
988 387 1125 425 funera
1153 386 1414 425 locabantur?

235 449 391 498 Quibus
421 449 607 488 omnibus
636 451 752 489 rebus
785 450 882 489 actis
913 458 1032 500 atque
1061 451 1203 490 decisis
1238 453 1509 501 producuntur
1528 468 1546 498 5

179 527 200 552 e
228 527 392 560 carcere,
416 514 645 564 deligantur.
705 515 806 563 Quis
836 523 916 554 tam
945 515 1017 554 fuit
1046 515 1114 554 illo
1143 524 1320 566 tempore
1350 517 1509 564 ferreus,

179 580 266 628 quis
301 587 380 616 tam
420 578 659 617 inhumanus
698 588 850 629 praeter
883 593 1007 618 unum
1046 588 1095 627 te,
1131 580 1199 630 qui
1233 594 1313 619 non
1353 581 1506 619 illorum

177 650 306 681 aetate
333 642 539 682 nobilitate
567 643 722 682 miseria
750 646 1094 683 commoveretur?
1151 644 1298 695 Ecquis
1319 645 1390 683 fuit
1412 646 1506 695 quin

178 707 407 754 lacrimaret,
439 707 534 757 quin
571 707 623 746 ita
657 708 921 747 calamitatem
955 708 1061 747 illam
1093 716 1247 759 putaret
1279 708 1433 747 illorum
1466 718 1508 748 ut

178 773 375 810 fortunam
406 779 538 811 tamen
568 785 650 810 non
679 772 859 820 alienam,
890 773 1107 823 periculum
1137 780 1269 811 autem
1295 786 1508 812 commune

176 836 458 876 arbitraretur?
521 837 729 876 Feriuntur
763 837 898 876 securi.
964 838 1138 877 Laetaris
1177 846 1219 876 tu
1254 838 1294 876 in
1328 839 1506 877 omnium

176 901 324 951 gemitu
349 910 387 941 et
412 901 656 953 triumphas;
685 902 793 941 testis
819 903 1003 941 avaritiae
1029 911 1119 942 tuae
1146 904 1293 953 gaudes
1314 916 1399 942 esse
1420 905 1508 942 sub-

177 968 287 1006 latos.
353 968 532 1015 Errabas,
569 970 721 1016 Verres,
763 975 801 1006 et
839 969 1093 1007 vehementer
1131 969 1296 1015 errabas,
1338 982 1429 1007 cum
1468 976 1506 1007 te

177 1033 349 1070 maculas
389 1033 579 1070 furtorum
618 1040 657 1071 et
695 1032 930 1083 flagitiorum
969 1040 1126 1071 tuorum
1160 1032 1357 1071 sociorum
1397 1033 1506 1072 inno-

176 1096 350 1135 centium
390 1097 580 1148 sanguine
619 1099 749 1136 eluere
787 1098 1051 1146 arbitrabare,
1103 1111 1290 1148 praeceps
1333 1097 1505 1136 amentia

175 1163 359 1209 ferebare,
394 1162 462 1212 qui
501 1170 539 1201 te
577 1162 817 1201 existimares
856 1163 1039 1201 avaritiae
1073 1164 1234 1201 vulnera
1265 1163 1504 1202 crudelitatis

175 1226 357 1265 remediis
379 1240 495 1277 posse
516 1240 663 1266 sanare.
724 1227 883 1265 Etenim
905 1241 1144 1279 quamquam
1172 1227 1227 1265 illi
1250 1235 1340 1266 sunt
1362 1228 1502 1266 mortui

174 1292 329 1329 sceleris
350 1291 405 1329 tui
428 1299 557 1338 testes,
580 1299 714 1330 tamen
735 1305 871 1330 eorum
896 1291 1108 1341 propinqui
1132 1304 1262 1342 neque
1283 1291 1353 1330 tibi
1375 1305 1504 1342 neque

174 1355 247 1394 illis
268 1357 423 1404 desunt,
447 1363 580 1395 tamen
602 1369 647 1395 ex
674 1355 761 1406 ipso
787 1356 855 1394 illo
882 1369 1048 1394 numero
1075 1357 1362 1395 nauarchorum
1383 1356 1503 1408 aliqui

173 1419 308 1458 vivunt
337 1428 375 1459 et
404 1421 560 1467 adsunt,
591 1433 703 1470 quos,
735 1428 778 1459 ut
807 1420 904 1458 mihi
933 1419 1097 1466 videtur,
1129 1422 1181 1459 ad
1210 1420 1364 1459 illorum
1394 1421 1503 1460 inno-

173 1484 346 1523 centium
390 1497 539 1534 poenas
578 1487 734 1524 fortuna
772 1493 810 1524 et
848 1486 900 1524 ad
943 1487 1046 1524 hanc
1085 1498 1244 1524 causam
1283 1486 1499 1524 reservavit.

172 1551 297 1589 Adest
319 1551 560 1601 Phylarchus
583 1550 838 1598 Haluntinus,
863 1550 931 1601 qui
952 1552 1045 1600 quia
1069 1564 1161 1589 cum
1182 1552 1401 1590 Cleomene
1421 1564 1501 1590 non

171 1615 278 1666 fugit,
301 1629 510 1666 oppressus
535 1629 558 1654 a
582 1616 849 1665 praedonibus
876 1624 915 1655 et
942 1623 1080 1667 captus
1102 1624 1186 1664 est;
1218 1616 1281 1655 cui
1301 1616 1502 1655 calamitas

171 1680 285 1718 saluti
320 1680 401 1727 fuit,
432 1680 500 1730 qui
535 1680 609 1719 nisi
640 1688 778 1731 captus
812 1693 835 1719 a
870 1681 1004 1730 piratis
1045 1688 1147 1719 esset
1183 1680 1223 1718 in
1258 1682 1364 1719 hunc
1397 1694 1502 1731 prae-

170 1746 318 1783 donem
357 1744 554 1783 sociorum
593 1744 804 1783 incidisset.
869 1745 977 1784 Dicit
1015 1745 1046 1783 is
1080 1758 1151 1795 pro
1190 1744 1417 1784 testimonio
1450 1747 1501 1784 de

170 1809 358 1848 missione
391 1818 608 1857 nautarum,
641 1812 691 1849 de
726 1812 838 1857 fame,
871 1812 922 1849 de
952 1810 1180 1850 Cleomenis
1214 1811 1314 1860 fuga.
1374 1811 1501 1850 Adest

171 1873 453 1924 Centuripinus
484 1875 696 1913 Phalacrus
728 1874 767 1912 in
798 1874 1040 1924 amplissima
1070 1875 1226 1914 civitate
1255 1874 1500 1925 amplissimo

170 1940 260 1978 loco
279 1946 394 1976 natus
408 1953 418 1986 3
448 1940 588 1978 eadem
609 1939 716 1986 dicit,
739 1941 846 1978 nulla
866 1939 906 1977 in
927 1953 967 1978 re
988 1939 1195 1990 discrepat.

226 2005 299 2042 Per
319 2004 415 2042 deos
437 2003 665 2042 immortalis
684 2007 689 2041 l
718 2016 799 2053 quo
819 2004 981 2042 tandem
1000 2005 1135 2042 animo
1155 2002 1313 2051 sedetis,
1334 2002 1495 2049 iudices,

218 2115 229 2135 1
257 2106 317 2136 has
335 2116 395 2145 per
411 2105 663 2137 Timarchidem
676 2107 720 2147 p6
831 2117 850 2137 2
874 2117 950 2137 cum
968 2106 1025 2138 del.
1045 2106 1173 2146 Eberh„
1196 2106 1354 2137 Zielinski
1476 2109 1497 2138 6

171 2148 361 2188 deligantur
377 2150 419 2180 ad
437 2150 546 2189 palum
564 2151 604 2179 πδ
708 2150 837 2181 ferreus
850 2149 944 2181 st
962 2161 969 2181 t
992 2151 1096 2181 durus
1118 2150 1165 2180 V:
1191 2151 1294 2181 durus
1312 2155 1345 2180 et
1362 2149 1496 2181 ferreus

164 2194 207 2232 pb
296 2203 318 2232 9
341 2193 532 2223 lacrimaret
548 2204 591 2223 vr:
615 2193 837 2224 lacrumarum
855 2193 910 2224 R:
935 2193 1164 2224 lacrimaretur
1179 2192 1224 2224 56
1241 2204 1248 2224 :
1272 2193 1493 2224 lacrumarum

173 2240 205 2264 et
224 2235 256 2264 V
342 2245 381 2275 15
407 2235 521 2267 eluere
539 2246 638 2275 posse
655 2236 808 2267 Heraeus
903 2258 910 2266 x
934 2237 973 2267 18
996 2247 1107 2276 neque
1123 2237 1180 2267 tibi
1199 2246 1311 2276 neque
1329 2236 1395 2267 illis
1412 2236 1495 2267 RS:

172 2288 284 2316 neque
301 2277 366 2310 illis
384 2289 493 2318 neque
511 2279 567 2309 tibi
591 2279 637 2309 V:
662 2290 774 2319 neque
792 2279 850 2311 tibi
868 2280 885 2310 δ
1010 2290 1050 2319 19
1074 2280 1129 2311 illo
1147 2281 1219 2319 ipso
1243 2279 1309 2319 Vp&
1453 2289 1495 2310 20

170 2327 206 2351 et
223 2331 289 2352 om.
312 2320 344 2351 V
471 2331 511 2360 25
536 2323 624 2353 dicet
635 2324 679 2363 ῥδ

1530 789 1567 811 10

1529 1112 1564 1143 15

1524 1437 1564 1460 20

1522 1759 1560 1792 25
