1600 2704
120 85 147 124 5
167 91 201 113 11
530 77 585 114 M.
617 78 785 114 TVLLI
819 76 1128 116 CICERONIS

163 187 315 226 facinus
336 201 454 227 nemo
476 195 629 239 praeter
659 195 696 227 te
724 189 803 226 ulla
833 189 1000 238 pecunia
1021 189 1165 226 adduci
1188 188 1368 238 potuerit,
1392 189 1432 227 id
1454 196 1495 227 tu

162 253 278 303 gratis
306 252 502 303 suscipere
527 260 692 291 conatus
723 253 784 291 sis.
846 255 994 292 Verum
1024 254 1074 291 de
1105 254 1177 291 ista
1206 253 1360 292 furandi
1389 266 1495 303 prae-

162 317 365 367 dandique
400 317 550 356 ratione
583 318 680 355 nihil
712 317 813 363 dico,
851 319 901 355 de
931 318 1004 355 hac
1039 317 1287 367 imperatoria
1322 316 1399 356 iam
1429 325 1495 355 tua

104 362 143 449 Ιῗ
163 384 279 422 laude
319 385 490 433 disputo.
551 383 660 430 Quid
698 383 765 430 ais,
801 384 906 422 bone
946 390 1078 421 custos
1113 383 1376 432 defensorque
1411 395 1495 432 pro-

162 447 344 487 vinciae?
399 450 462 486 Tu
492 461 591 498 quos
621 461 752 487 servos
781 462 888 486 arma
910 461 1048 498 capere
1072 455 1110 486 et
1139 448 1287 486 bellum
1308 449 1434 487 facere
1455 448 1494 485 in
1515 461 1534 492 5

162 513 294 551 Sicilia
314 513 483 551 voluisse
514 526 704 563 cognoras
736 520 774 551 et
807 515 856 551 de
890 512 1029 551 consili
1062 512 1256 550 sententia
1290 512 1491 558 iudicaras,

163 579 235 616 hos
264 579 315 616 ad
345 577 581 627 supplicium
617 577 693 614 iam
730 591 837 616 more
869 577 1060 616 maiorum
1096 577 1258 616 traditos
1288 591 1335 616 ex
1364 579 1495 617 media

164 644 288 681 mOrte
327 642 475 692 eripere
513 656 558 680 ac
597 642 761 681 liberare
799 655 916 680 ausus
956 655 1008 687 es,
1051 649 1104 688 ut,
1141 655 1259 691 quam
1299 643 1494 681 damnatis

162 719 319 744 crucem
358 707 477 745 servis
518 708 665 754 fixeras,
706 708 808 745 hanc
849 706 1087 745 indemnatis
1123 705 1304 744 videlicet
1344 706 1494 746 civibus

164 771 356 810 Romanis
396 774 643 810 reservares?
719 773 900 811 Perditae
946 771 1122 810 civitates
1161 771 1376 821 desperatis
1416 772 1493 811 iam
1519 785 1558 808 10

164 835 352 874 omnibus
386 836 502 874 rebus
538 838 611 875 hos
644 838 772 875 solent
804 837 930 875 exitus
969 836 1133 875 exitialis
1172 836 1327 882 habere,
1360 844 1402 875 ut
1431 839 1495 876 da-

164 900 287 938 mnati
328 900 368 938 in
403 900 598 951 integrum
634 901 896 948 restituantur,
935 900 1055 939 vincti
1096 902 1306 946 solvantur,
1344 903 1496 940 exsules

163 966 410 1013 reducantur,
430 979 489 1004 res
506 965 703 1005 iudicatae
720 966 1001 1005 rescindantur.
1049 965 1163 1012 Quae
1184 978 1275 1003 cum
1296 965 1495 1013 accidunt,

162 1043 282 1070 nemo
302 1038 360 1069 est
381 1031 477 1080 quin
498 1031 696 1080 intellegat
718 1045 827 1070 ruere
849 1031 954 1069 illam
983 1044 1063 1069 rem
1090 1030 1289 1080 publicam
1310 1032 1406 1069 haec
1428 1031 1495 1070 ubi

164 1096 377 1144 eveniant3
405 1109 525 1135 nemo
554 1104 612 1134 est
642 1097 709 1145 qui
739 1098 859 1134 ullam
890 1109 1000 1147 spem
1031 1095 1165 1134 salutis
1195 1095 1385 1145 reliquam
1410 1109 1495 1135 esse
1518 1110 1553 1142 15

107 1171 145 1202 13
164 1161 380 1199 arbitretur.
440 1163 573 1210 Atque
603 1162 700 1199 haec
730 1161 856 1199 sicubi
874 1161 986 1209 sacta
1007 1166 1105 1205 sunt,
1131 1159 1182 1197 ita
1212 1161 1314 1198 facta
1343 1167 1432 1198 sunt
1454 1168 1495 1198 ut

164 1226 345 1265 homines
375 1227 583 1276 populares
617 1233 684 1263 aut
719 1225 872 1264 nobiles
908 1224 1101 1274 supplicio
1135 1231 1202 1262 aut
1231 1224 1366 1263 exsilio
1398 1226 1493 1263 leva-

162 1299 304 1338 rentur,
327 1299 366 1329 at
388 1305 468 1330 non
490 1291 540 1329 ab
562 1291 608 1329 iis
639 1290 732 1340 ipsis
760 1290 827 1340 qui
856 1290 1106 1335 iudicassent,
1129 1296 1168 1327 at
1190 1302 1270 1327 non
1292 1289 1433 1336 statim,
1456 1297 1494 1327 at

162 1371 242 1395 non
266 1370 402 1396 eorum
424 1356 642 1394 facinorum
664 1356 841 1395 damnati
862 1368 964 1405 quae
984 1356 1035 1394 ad
1049 1355 1167 1393 vitam
1190 1361 1227 1392 et
1248 1355 1299 1392 ad
1320 1355 1494 1392 fortunas

162 1423 340 1461 omnium
361 1422 611 1473 pertinerent.
673 1422 765 1459 Hoc
787 1434 877 1458 vero
905 1433 1053 1459 novum
1082 1427 1119 1457 et
1140 1419 1222 1458 eius
1245 1418 1353 1457 modi
1374 1426 1432 1457 est
1453 1426 1494 1457 ut
1516 1431 1557 1453 20

162 1488 284 1539 magis
322 1495 481 1538 propter
520 1500 629 1525 reum
670 1499 787 1536 quam
828 1493 987 1536 propter
1025 1498 1107 1523 rem
1146 1484 1271 1534 ipsam
1307 1483 1494 1522 credibile

162 1555 351 1601 videatur,
372 1560 414 1591 ut
432 1552 614 1591 homines
642 1565 784 1597 servos,
810 1558 851 1589 ut
876 1550 959 1601 ipse
981 1550 1048 1600 qui
1077 1549 1277 1596 iudicarat,
1300 1555 1342 1586 ut
1363 1548 1493 1586 statim

162 1633 182 1658 e
218 1618 351 1658 medio
390 1617 585 1668 supplicio
625 1616 825 1662 dimiserit,
868 1623 909 1653 ut
941 1616 1024 1654 eius
1064 1613 1245 1653 facinoris
1285 1614 1493 1651 damnatos

161 1697 293 1723 servos
333 1684 442 1733 quod
481 1684 531 1721 ad
571 1682 749 1721 omnium
791 1681 1002 1719 liberorum
1037 1686 1153 1729 caput
1192 1685 1230 1717 et
1262 1677 1492 1727 sanguinem

103 1766 140 1798 14
162 1749 381 1800 pertineret.
460 1749 496 1787 O
545 1748 785 1798 praeclarum
834 1746 1108 1795 imperatorem
1157 1756 1230 1782 nec
1278 1742 1354 1780 iam
1402 1755 1492 1780 cum
1513 1752 1580 1801 25,

163 1817 230 1852 Μ’.
263 1814 435 1864 Aquilio,
468 1812 679 1852 fortissimo
711 1812 801 1857 viro,
836 1812 905 1849 sed
936 1823 1028 1848 vero
1053 1822 1144 1848 cum
1173 1807 1315 1855 Paulis,
1347 1806 1493 1857 Scipio·
1575 1803 1579 1812 ’

162 1879 288 1926 nibus,
333 1877 468 1916 Mariis
514 1877 823 1916 conferendum!
882 1882 1087 1913 tantumne
1126 1873 1269 1913 vidisse
1305 1872 1345 1910 in
1385 1879 1492 1910 metu

162 1944 416 1994 periculoque
445 1943 669 1994 provinciae
689 1946 695 1980 ἱ
745 1942 847 1981 Cum
865 1939 1108 1979 servitiorum
1128 1938 1281 1976 animos
1303 1937 1343 1974 in
1363 1936 1493 1976 Sicilia

162 2023 373 2061 suspensos
406 2017 564 2059 propter
598 2009 746 2047 bellum
782 2005 918 2044 Italiae
958 2004 1209 2055 fugitivorum
1249 2001 1407 2047 videret,
1443 2014 1494 2040 ne

210 2125 222 2144 1
250 2119 320 2145 tum
336 2113 398 2146 RS
535 2124 552 2152 7
577 2113 716 2144 traditos
731 2117 763 2143 et
780 2111 820 2142 ad
839 2110 949 2149 palum
968 2108 1123 2147 alligatos
1141 2107 1157 2136 δ
1175 2107 1228 2148 (ἐξ
1246 2116 1294 2144 10,
1317 2115 1352 2136 11
1372 2105 1489 2145 supra)

184 2166 203 2195 5
228 2158 387 2188 eveniant
402 2156 482 2188 RS:
506 2157 710 2195 eveniuntp‚
721 2155 860 2185 veniunt
871 2155 905 2183 6:
931 2153 1012 2183 haec
1024 2151 1079 2182 ubi
1095 2161 1190 2181 even.
1203 2150 1272 2180 secl.
1289 2148 1367 2179 Ern.
1385 2148 1487 2187 Kays.

168 2201 206 2229 16
230 2199 316 2230 sacta
329 2206 408 2231 sunt
419 2199 495 2231 add.
508 2199 578 2231 edd.
598 2211 605 2230 ς
629 2199 735 2230 sicubi
757 2199 802 2228 ita
812 2198 899 2228 facta
915 2200 993 2226 sunt
1010 2206 1052 2224 πε
1077 2193 1181 2224 sicubi
1199 2193 1287 2222 sacta
1305 2196 1381 2222 sunt
1398 2191 1492 2223 st

167 2253 203 2280 17
228 2248 284 2273 aut
311 2243 399 2284 (ante
417 2243 562 2283 nobiles)
576 2244 619 2283 pb
635 2255 641 2273 z
665 2252 702 2273 ac
720 2240 781 2272 RS
801 2240 833 2279 (ξ
853 2250 893 2279 34
911 2238 1016 2278 infra)
1213 2236 1250 2266 18
1273 2240 1305 2272 at
1324 2245 1392 2265 non
1411 2235 1487 2276 (ter)

163 2284 309 2316 Lamb.:
349 2291 384 2316 ut
410 2297 478 2316 non
504 2288 579 2326 (ter,
608 2285 714 2325 RSp·
827 2294 865 2322 19
890 2284 932 2314 ad
957 2283 1047 2321 (ante
1071 2280 1235 2319 fortunas)
1261 2288 1324 2309 om.
1347 2280 1411 2317 p6:
1448 2278 1489 2308 ad

164 2329 312 2358 omnium
331 2329 405 2360 sort.
424 2328 482 2360 ΞΨ
616 2341 655 2367 24
679 2338 795 2359 servos
812 2327 872 2358 del.
895 2325 1050 2356 Zielinski
