1600 2704
128 122 171 160 31

129 822 167 854 74

113 1824 164 1861 32

195 127 232 160 73
562 113 619 150 M.
650 112 818 149 TVLLI
850 111 1156 150 CICERONIS

194 222 350 261 civitate
389 222 425 260 vi
466 221 580 260 minis
617 220 781 271 imperio
821 220 1039 270 iniuriaque
1079 219 1265 270 praetoris
1304 219 1519 270 eripiuntur

193 287 308 326 tritici
340 287 585 326 medimnum
623 298 763 324 xxxin
803 293 841 324 et
873 293 1071 336 praeterea
1106 286 1177 323 HS
1214 288 1277 323 ff.
1336 286 1389 322 At
1420 286 1517 324 haec

191 352 360 391 obscura
389 354 509 390 sunt?
538 359 615 398 aut,
648 351 679 389 si
709 364 847 389 omnes
878 350 1060 390 homines
1084 349 1217 397 velint,
1237 350 1405 388 obscura
1433 362 1518 388 esse

191 420 388 468 possunt?
444 431 545 468 quae
585 425 626 456 tu
658 419 787 468 palam
822 417 944 468 egisti,
987 417 1025 455 in
1066 424 1265 456 conventu
1304 416 1517 467 imperasti,

191 483 377 522 omnibus
416 482 728 534 inspectantibus
768 482 953 532 coegisti;
988 496 1065 533 qua
1100 483 1150 521 de
1181 495 1221 520 re
1255 481 1554 532 Agyrinenses5

191 548 437 598 magistratus
468 555 505 586 et
536 547 711 597 quinque
741 546 867 596 primi,
899 560 998 596 quos
1029 554 1069 585 tu
1101 546 1154 584 tui
1185 554 1370 596 quaestus
1400 559 1518 584 causa

190 625 384 658 evocaras,
418 619 506 650 acta
540 618 577 650 et
612 610 775 661 imperia
807 618 873 649 tua
907 612 1071 650 domum
1107 612 1158 650 ad
1190 619 1369 650 senatum
1402 624 1517 649 suum

191 676 511 715 renuntiaverunt
527 691 535 723 ;
566 688 735 726 quorum
762 675 999 714 renuntiatio
1025 676 1177 726 legibus
1207 676 1361 715 illorum
1381 675 1517 715 litteris

191 740 358 790 publicis
389 741 576 779 mandata
605 748 689 787 est,
718 753 886 790 quorum
917 740 1042 791 legati,
1067 740 1247 779 homines
1269 739 1515 787 nobilissimi,

191 807 345 844 Romae
375 812 475 851 sunt,
500 805 567 855 qui
602 806 678 843 hoc
703 803 808 843 idem
834 817 904 854 pro
931 804 1157 844 testimonio
1178 804 1385 843 dixerunt!
1443 805 1518 844 Co·
1539 816 1577 839 10

189 869 366 920 gnoscite
381 868 685 920 Agyrinensium
707 868 886 919 publicas
902 869 1058 915 litteras,
1076 869 1221 909 deinde
1245 868 1516 908 testimonium

190 934 393 984 publicum
433 933 610 972 civitatis.
672 933 822 973 Recita.
887 942 1110 968 LITTERAE
1135 941 1356 973 PVBLICAE,
1385 942 1515 968 TESTI-

189 1009 370 1035 MONIVM
394 1009 621 1036 PVBLICVM.
681 996 1024 1037 Animadvertistis
1067 995 1108 1034 in
1158 997 1234 1035 hoc
1276 996 1514 1044 testimonio,

188 1062 350 1109 iudices,
392 1064 693 1113 Apollodorum,
735 1063 798 1102 cui
838 1065 1006 1113 Pyragro
1045 1075 1268 1113 cognomen
1306 1070 1378 1110 est,
1416 1062 1517 1113 prin-

187 1126 315 1176 cipem
339 1140 432 1166 suae
447 1126 628 1175 civitatis,
645 1127 915 1167 lacrimantem
932 1126 1062 1166 testari
1083 1140 1130 1166 ac
1145 1127 1277 1166 dicere
1297 1140 1515 1177 numquam
1538 1139 1574 1172 15

187 1199 275 1242 post
298 1191 433 1242 populi
457 1192 629 1231 Romani
652 1206 799 1232 nornen
820 1193 871 1232 ab
892 1192 1031 1232 Siculis
1052 1192 1232 1231 auditum
1254 1200 1292 1231 et
1313 1192 1515 1243 cognitum

187 1256 441 1306 Agyrinensis
474 1264 610 1295 contra
641 1270 882 1308 quemquam
912 1257 1092 1295 infimum
1122 1257 1248 1296 civem
1287 1259 1515 1296 Romanum

185 1321 328 1360 dixisse
364 1330 430 1360 aut
466 1321 603 1360 fecisse
639 1322 853 1372 quippiam,
888 1321 955 1373 qui
987 1335 1093 1361 nunc
1127 1330 1263 1361 contra
1295 1331 1515 1373 praetorem

186 1386 321 1436 populi
358 1386 531 1425 Romani
568 1386 718 1437 magnis
751 1386 899 1425 iniuriis
934 1394 973 1425 et
1008 1399 1151 1437 magno
1184 1388 1320 1426 dolore
1356 1387 1514 1438 publice
1598 1430 1600 1433 ¹

185 1451 456 1490 testimonium
487 1451 618 1491 dicere
649 1460 890 1503 cogerentur
952 1451 1031 1490 Vni
1059 1453 1283 1492 mehercule
1311 1453 1403 1492 huic
1424 1453 1513 1491 civi-
1535 1467 1600 1513 κο]

185 1516 264 1563 tati,
289 1518 440 1563 Verres,
464 1516 655 1555 obsistere
676 1524 743 1555 tua
765 1515 943 1556 defensio
966 1529 1046 1555 non
1068 1524 1227 1567 potest,
1256 1525 1364 1556 tanta
1383 1524 1514 1556 aucto-
1597 1518 1600 1551 i

184 1581 274 1620 ritas
296 1589 353 1620 est
375 1581 414 1619 in
431 1595 566 1621 eorum
583 1581 791 1620 hominum
810 1581 1008 1628 fidelitate,
1027 1590 1158 1621 tantus
1176 1582 1314 1622 dolor
1306 1596 1346 1621 1n
1362 1582 1511 1628 iniuria,

183 1654 291 1685 tanta
312 1646 446 1697 religio
466 1646 505 1684 in
527 1646 763 1686 testimonio.
825 1649 973 1686 Verum
996 1661 1077 1686 non
1099 1661 1177 1686 una
1198 1655 1235 1687 te
1257 1655 1420 1693 tantum,
1445 1648 1514 1685 sed

184 1711 387 1750 universae
427 1711 618 1750 similibus
653 1711 836 1751 adflictae
876 1712 1023 1750 iniuriis
1052 1719 1090 1751 et
1126 1712 1390 1751 incommodis
1425 1711 1514 1750 civi-
1593 1747 1596 1778 5

184 1783 282 1814 tates
304 1775 563 1825 legationibus
583 1789 629 1815 ac
651 1776 884 1815 testimoniis
906 1776 1073 1826 publicis
1094 1784 1390 1827 persequuntur.
1533 1789 1572 1822 25
1590 1779 1596 1834 ,¹

241 1840 400 1879 Etenim
432 1840 619 1890 deinceps
652 1840 856 1880 videamus
893 1840 1144 1880 Herbitensis
1180 1841 1314 1880 civitas
1347 1842 1514 1880 honesta
1592 1843 1593 1847 ’

185 1913 223 1945 et
243 1912 359 1945 antea
379 1905 540 1956 copiosa
560 1919 679 1956 quem
700 1907 751 1945 ad
774 1907 938 1946 modum
961 1906 1126 1957 spoliata
1146 1906 1196 1945 ab
1218 1906 1292 1945 isto
1312 1920 1357 1945 ac
1378 1913 1514 1945 vexata
1588 1938 1591 1953 ,

184 1971 241 2010 sit.
294 1973 346 2009 At
367 1984 534 2021 quorum
553 1971 759 2010 hominum
781 1974 787 2010 1
821 1984 1065 2010 summorum
1083 1979 1289 2019 aratorum,
1306 1970 1514 2010 remotissi-
1586 1985 1591 2014 ι

185 2049 338 2074 morum
377 2050 399 2074 a
437 2038 533 2083 foro,
569 2037 734 2083 iudiciis,
773 2036 1058 2082 controversiis,
1101 2036 1244 2086 quibus
1284 2049 1441 2087 parcere
1475 2042 1513 2074 et
1585 2017 1590 2059 i

184 2103 401 2149 consulere,
441 2102 563 2140 homo
604 2101 876 2152 impurissime,
919 2108 957 2140 et
996 2102 1105 2151 quod
1143 2114 1266 2151 genus
1305 2100 1511 2140 hominum
1531 2094 1589 2173 30}

1582 2183 1587 2245 l

1594 1701 1597 1715 ί

1592 1719 1597 1734 t

228 2215 246 2235 2
265 2204 381 2236 malim
399 2205 443 2236 At
461 2205 542 2236 haec
555 2205 698 2236 obscura
715 2209 805 2236 sunt.
823 2204 928 2243 Num,
942 2204 969 2235 si
983 2214 1101 2236 omnes
1117 2229 1123 2236 .
1137 2228 1145 2236 .
1157 2229 1164 2236 .
1182 2214 1259 2236 esse
1270 2209 1413 2244 possunt
1426 2214 1512 2244 quae

183 2253 218 2278 tu
236 2251 297 2279 ἃς.
315 2250 324 2279 3
420 2259 456 2279 12
484 2248 604 2279 Recita
618 2272 625 2278 .
641 2273 648 2280 .
664 2249 851 2288 ,publicum
869 2259 937 2278 om.
959 2248 990 2279 Ο
1005 2252 1034 2278 et
1051 2249 1099 2288 (in
1117 2247 1194 2285 lac.)
1213 2259 1234 2278 π
1326 2259 1363 2286 14
1388 2258 1512 2278 nomen
1580 2250 1600 2312 {i

184 2290 231 2322 cO
320 2302 358 2322 21
383 2292 536 2322 defensio
552 2302 618 2322 non
637 2297 750 2331 potest
764 2292 795 2322 Ο
810 2291 950 2332 (Cluent.
968 2292 1050 2329 §483
1068 2303 1073 2322 :
1099 2291 1299 2323 defensione
1317 2302 1383 2322 non
1404 2295 1513 2331 potest
1580 2288 1583 2298 ¹

181 2339 221 2373 p:
240 2334 436 2366 defensione
449 2345 515 2365 non
529 2340 625 2374 potes
638 2334 703 2367 rell.
792 2344 831 2373 23
849 2340 978 2366 tantum
990 2345 1013 2370 c,
1035 2337 1079 2365 tffi
1100 2334 1146 2365 O:
1166 2346 1230 2367 om.
1245 2335 1293 2375 Vp
1307 2335 1371 2366 rell.
1470 2344 1511 2372 24

184 2379 316 2409 iniuriis
328 2384 359 2409 et
376 2378 419 2406 V:
439 2383 538 2418 om.p
553 2378 616 2408 rell.
719 2379 869 2409 civitates
884 2378 963 2409 VO:
981 2388 1047 2409 om.
1063 2383 1087 2418 p
1103 2378 1165 2409 rell.
1298 2388 1341 2418 30
1358 2383 1391 2410 et
1402 2388 1467 2409 om.
1487 2377 1519 2407 V

1578 2310 1583 2397 l

1576 2418 1581 2447 ,A

1574 2492 1579 2530 l
