1600 2704
1418 60 1435 77 ἐ

65 143 334 182 ACTIONIS
356 144 417 182 IN
438 143 484 183 C.
506 144 748 181 VERREM
770 143 1069 183 SECVNDAE
1092 146 1196 184 LIB.
1221 147 1280 184 IV
1341 155 1391 194 25
1414 151 1456 194 56

64 252 199 303 spania
232 260 397 302 praetor,
433 265 512 304 qua
545 252 585 291 in
619 252 821 303 provincia
854 252 1008 291 occisus
1042 260 1112 299 est,
1146 254 1280 293 nescio
1313 268 1393 306 quo

63 325 189 368 pacto,
222 319 318 357 dum
347 317 464 356 armis
493 325 703 364 exercetur,
734 319 876 356 anulus
903 330 1044 356 aureus
1074 330 1193 368 quem
1224 319 1395 359 habebat

62 383 205 421 fractus
226 390 264 421 et
284 382 551 421 comminutus
573 390 641 421 est.
701 383 806 422 Cum
826 383 943 421 vellet
970 381 1045 420 sibi
1071 383 1233 421 anulum
1255 385 1393 431 facere,

59 446 261 486 aurificem
298 446 410 485 iussit
442 446 572 485 vocari
610 446 650 485 in
689 448 817 486 forum
855 447 906 485 ad
944 447 1080 485 sellam
1113 447 1325 487 Cordubae
1357 457 1395 487 et

23 513 189 562 5palam
231 511 421 562 appendit
460 525 624 559 aurum,·
667 511 869 551 hominem
909 510 949 549 in
987 512 1072 550 foro
1111 511 1219 551 iubet
1258 514 1392 552 sellam

58 589 206 627 ponere
236 584 274 615 et
303 577 430 615 facere
459 577 622 615 anulum
653 576 839 615 omnibus
870 575 1153 626 praesentibus.
1214 577 1394 616 Nimium

58 642 221 680 fortasse
259 640 365 680 dicet
411 640 551 691 aliquis
597 642 703 679 hunc
751 640 980 691 diligentem
999 655 1009 688 ;
1049 641 1240 680 hactenus
1270 655 1395 693 repre-

57 707 216 753 hendet,
249 705 280 745 si
310 705 378 756 qui
407 707 523 753 volet,
555 705 652 744 nihil
681 705 860 756 amplius.
919 707 1069 744 Verum
1090 705 1162 745 fuit
1191 706 1226 745 ei
1256 719 1394 746 conce-

57 771 260 818 dendum3
289 770 392 809 filius
425 769 530 809 enim
564 772 607 809 L.
641 770 795 808 Pisonis
827 777 918 817 erat,
951 770 1035 809 eius
1066 770 1134 820 qui
1164 770 1312 820 primus
1342 772 1393 810 de

0 850 37 873 10
55 834 233 885 pecuniis
266 835 495 885 repetundis
529 836 655 885 legem
685 834 783 873 tulit.
843 834 1074 874 Ridiculum
1104 842 1162 874 est
1192 849 1256 875 me
1285 849 1391 875 nunc
1414 849 1454 882 57

55 901 106 938 de
137 901 259 938 Verre
290 900 431 946 dicere,
465 913 556 938 cum
596 901 647 939 de
687 899 832 938 Pisone
872 899 988 950 Frugi
1027 899 1216 948 dixerim3
1256 913 1391 940 verum

55 972 188 1003 tamen
209 972 401 1015 quantum
423 964 573 1003 intersit
593 965 736 1004 videte.
794 965 875 1003 Iste
895 977 987 1003 cum
1007 964 1158 1014 aliquot
1178 965 1392 1004 abacorum

55 1030 199 1068 faceret
219 1042 311 1068 vasa
331 1042 461 1077 aurea,
482 1043 562 1068 non
593 1028 784 1068 laboravit
805 1029 902 1079 quid
930 1042 1011 1067 non
1042 1030 1164 1069 modo
1199 1029 1239 1068 in
1260 1030 1392 1068 Sicilia

55 1107 189 1132 verum
212 1093 329 1132 etiam
351 1095 505 1133 Romae
525 1093 566 1131 in
582 1093 730 1132 iudicio
745 1093 898 1132 audiret
917 1108 924 1131 ε
953 1092 1017 1132 ille
1034 1092 1073 1131 in
1089 1093 1172 1132 auri
1189 1094 1393 1133 semuncia

0 1174 35 1206 ¹5
55 1165 179 1197 totam
211 1158 448 1209 Hispaniam
483 1157 581 1197 scire
611 1157 734 1197 voluit
763 1158 870 1197 unde
900 1158 1067 1207 praetori
1097 1160 1238 1197 anulus
1269 1159 1388 1198 fieret.

55 1223 252 1263 Nimirum
269 1230 311 1262 ut
327 1223 390 1261 hic
406 1236 554 1262 nomen
569 1235 684 1261 suum
701 1222 986 1272 comprobavit,
1001 1222 1056 1261 sic
1073 1222 1137 1261 ille
1153 1236 1388 1274 cognomen.

108 1290 231 1327 Nullo
264 1289 387 1327 modo
424 1300 587 1338 possum
626 1287 760 1327 omnia
798 1286 908 1326 istius
954 1288 1057 1326 facta
1094 1295 1161 1326 aut
1200 1288 1390 1328 memoria
1410 1287 1463 1325 26

53 1352 243 1403 consequi
271 1360 338 1391 aut
359 1352 535 1392 oratione
555 1352 766 1402 complecti
783 1367 790 1390 :
819 1365 961 1402 genera
982 1353 1065 1403 ipsa
1085 1353 1203 1403 cupio
1224 1354 1391 1393 breviter

53 1417 257 1468 attingere,
277 1424 320 1456 ut
345 1417 409 1456 hic
431 1418 552 1456 modo
574 1431 637 1456 me
661 1417 908 1455 commonuit
930 1416 1085 1456 Pisonis
1106 1420 1257 1465 anulus,
1281 1420 1390 1469 quod

0 1496 36 1519 20
54 1489 182 1521 totum
212 1482 420 1521 effluxerat.
495 1483 627 1530 Quam
661 1481 792 1519 multis
827 1481 944 1520 istum
978 1482 1122 1532 putatis
1161 1483 1390 1524 hominibus

53 1547 230 1586 honestis
251 1548 302 1586 de
322 1546 453 1598 digitis
473 1548 612 1585 anulos
632 1545 841 1586 abstulisse
858 1548 874 1585 ?
931 1548 1161 1597 Numquam
1183 1549 1388 1596 dubitavit,

53 1612 412 1662 quotienscumque
445 1610 609 1650 alicuius
639 1618 707 1649 aut
739 1624 896 1662 gemma
929 1619 996 1650 aut
1023 1614 1143 1651 anulo
1172 1613 1391 1653 delectatus

52 1685 120 1717 est.
182 1676 421 1717 Incredibile
442 1676 584 1723 dicam,
608 1676 679 1715 sed
699 1675 752 1714 ita
772 1677 920 1714 clarum
942 1685 984 1714 ut
1004 1676 1133 1727 ipsum
1155 1686 1387 1728 negaturum

51 1755 134 1782 non
159 1743 332 1783 arbitrer.
392 1743 496 1782 Cum
524 1740 720 1788 Valentio,
743 1740 827 1779 eius
856 1740 1068 1791 interpreti,
1093 1741 1259 1792 epistula
1280 1742 1388 1793 Agri·
1409 1746 1452 1786 58

1 1821 32 1853 25
51 1816 171 1859 gento
191 1810 322 1848 adlata
342 1815 453 1856 esset,
470 1820 563 1847 casu
585 1806 740 1857 signum
768 1805 840 1844 iste
860 1805 1135 1845 animadvertit
1157 1806 1196 1845 in
1227 1809 1383 1846 cretula.

51 1873 205 1913 Placuit
225 1873 289 1921 ei3
317 1872 508 1924 quaesivit
539 1873 646 1911 unde
676 1878 778 1910 esset
810 1870 977 1920 epistula
994 1885 1004 1918 3
1042 1871 1245 1921 respondit
1279 1872 1387 1922 Agri-

48 1946 179 1988 gento.
240 1940 320 1978 Iste
340 1938 485 1977 litteras
518 1938 569 1976 ad
591 1950 690 1987 quos
717 1936 869 1975 solebat
897 1935 1014 1983 misit,
1035 1943 1078 1974 ut
1107 1936 1137 1974 is
1167 1938 1307 1975 anulus
1334 1938 1388 1976 ad

49 2015 91 2042 se
125 2002 252 2054 primo
287 2015 447 2053 quoque
485 2009 662 2052 tempore
701 2002 926 2039 adferretur.
1001 2001 1062 2038 Ita
1100 2000 1235 2039 litteris
1274 2000 1384 2040 istius

49 2068 147 2117 patri
186 2067 364 2114 familias,
399 2068 442 2105 L.
479 2065 597 2112 Titio,
632 2065 706 2104 civi
743 2067 940 2111 Romano,
977 2065 1118 2103 anulus
1158 2066 1208 2104 de
1258 2065 1382 2117 digito

10 2143 31 2166 ο
48 2133 246 2172 detractus
273 2140 342 2172 est.

0 1899 2 1947 l

91 2247 111 2275 4
135 2241 170 2268 et
187 2237 216 2268 ei
236 2235 346 2277 palam
363 2237 402 2266 πδ
538 2244 556 2273 7
582 2234 672 2266 dicet
689 2233 740 2266 R:
766 2234 819 2266 dic
834 2233 864 2266 S
995 2234 1015 2264 8
1040 2233 1072 2265 id
1090 2233 1151 2264 fuit
1161 2234 1230 2274 qu
1340 2244 1381 2266 10

48 2289 102 2310 me
111 2283 188 2320 post
202 2280 244 2310 de
259 2279 367 2310 Verre
385 2278 513 2318 lmbetp
629 2288 668 2317 19
693 2278 756 2309 hoc
773 2279 873 2309 modo
884 2279 928 2318 ρδ
945 2276 1059 2317 Quint.
1079 2277 1123 2315 ix,
1144 2287 1174 2317 2,
1191 2279 1230 2308 61
1338 2288 1376 2309 21

47 2323 165 2354 anulos
182 2328 340 2362 aureosp
357 2322 474 2363 Quint.
577 2331 618 2360 25
643 2322 755 2352 anima
771 2322 918 2352 advertit
934 2321 980 2357 R,
999 2325 1056 2352 ani
1073 2321 1218 2353 advertit
1234 2320 1299 2353 SD
1316 2321 1376 2361 (iii,

50 2369 65 2403 ξ
84 2376 144 2405 140
161 2378 167 2397 :
190 2377 223 2403 v,
243 2369 258 2404 ξ
281 2366 356 2406 105)
506 2375 545 2404 27
572 2366 614 2396 ad
631 2375 715 2404 quos
732 2365 862 2396 solebat
877 2364 1008 2396 litteras
1024 2363 1053 2396 S
1067 2364 1102 2395 in
1119 2374 1186 2405 mg.
1337 2375 1380 2403 29

48 2409 176 2440 cuidam
195 2409 259 2440 civi
271 2411 314 2449 pb

91 2462 154 2484 cic,
171 2462 251 2483 VER.
1250 2452 1290 2482 22
