1600 2704
85 893 139 940 48

77 954 139 986 126

87 100 222 139 47125
531 91 588 129 M.
620 90 789 128 TVLLI
821 89 1127 129 CICERONIS

159 204 281 242 vero?
315 202 379 241 illa
413 203 718 252 Segestanorum
750 215 829 240 non
865 202 992 240 solum
1022 200 1157 239 litteris
1187 201 1327 240 tradita
1356 214 1486 251 neque

159 275 469 306 commemorata
490 266 629 313 verbis,
653 267 722 305 sed
744 265 876 304 multis
902 265 1039 303 officiis
1068 265 1222 304 illorum
1244 273 1428 316 usurpata
1448 274 1486 304 et

159 333 417 383 comprobata
438 331 622 383 cognatio
642 344 741 381 quos
770 331 929 369 tandem
958 331 1104 368 fructus
1132 331 1295 369 huiusce
1322 330 1487 369 necessi-

161 397 308 436 tudinis
348 397 388 434 in
428 396 536 435 istius
576 395 740 446 imperio
779 395 897 433 tulit?
972 396 1129 444 Nempe
1167 395 1243 432 hoc
1282 393 1363 432 iure
1402 394 1483 441 fuit,

161 463 322 509 iudices,
359 470 400 500 ut
435 475 481 500 ex
516 461 603 500 sinu
633 460 780 511 patriae
810 459 1077 498 nobilissimus
1111 460 1343 498 adulescens
1376 458 1486 498 istius

159 527 331 566 carnifici
380 526 511 565 Sextio
555 526 772 565 dederetur.
848 524 922 563 Cui
966 524 1113 562 civitati
1156 523 1321 563 maiores
1365 524 1487 563 nostri

160 591 351 629 maximos
389 603 501 640 agros
545 597 664 638 atque
706 588 878 639 optimos
924 595 1214 635 concesserunt,
1255 601 1373 638 quam
1421 590 1488 625 im-

161 669 321 694 munem
350 668 435 693 esse
462 656 680 700 voluerunt,
706 655 802 691 haec
832 653 939 702 apud
960 659 998 691 te
1019 652 1265 702 cognationis
1286 653 1486 691 fidelitatis

159 721 362 760 vetustatis
389 719 631 759 auctoritatis
653 732 702 758 ne
723 720 799 758 hoc
816 718 978 768 quidem
999 718 1090 757 iuris
1108 717 1289 764 obtinuit,
1310 725 1351 756 ut
1372 720 1487 756 unius

161 786 427 825 honestissimi
444 793 562 836 atque
579 783 891 823 innocentissimi
906 783 999 822 civis
1017 790 1183 822 mortem
1197 796 1243 821 ac
1257 782 1488 832 sanguinem

158 852 444 901 deprecaretur.

215 917 308 964 Quo
352 914 580 965 confugient
621 913 747 952 socii?
794 926 913 963 quem
956 912 1252 963 implorabunt?
1300 924 1377 962 qua
1420 925 1488 961 spe

159 980 343 1030 denique,
367 988 409 1018 ut
434 979 562 1018 vivere
589 978 720 1025 velint,
744 979 997 1025 tenebuntur,
1018 977 1050 1015 si
1076 990 1146 1016 vos
1176 990 1243 1016 eos
1273 976 1490 1016 deseretis?

160 1046 225 1084 Ad
261 1052 496 1084 senatumne
523 1043 712 1082 venient?
769 1041 909 1091 Quid?
947 1049 989 1080 ut
1021 1042 1071 1080 de
1098 1043 1220 1080 Verre
1251 1040 1488 1091 supplicium

159 1112 317 1149 sumat?
376 1111 468 1148 Non
490 1116 548 1147 est
569 1108 767 1154 usitatum,
791 1121 871 1145 non
894 1106 1145 1145 senatorium.
1204 1107 1269 1144 Ad
1296 1107 1488 1156 populum

161 1177 390 1214 Romanum
423 1173 680 1223 confugient?
743 1171 883 1210 Facilis
916 1178 973 1210 est
1007 1170 1144 1221 populi
1177 1183 1322 1218 causa;
1362 1172 1488 1220 legem

159 1239 265 1279 enim
296 1253 336 1278 se
367 1238 564 1277 sociorum
594 1250 712 1276 causa
748 1237 905 1275 iussisse
933 1243 971 1275 et
998 1236 1080 1275 eius
1110 1235 1204 1286 legis
1229 1236 1414 1274 custodes
1442 1249 1489 1274 ac

159 1304 333 1343 vindices
356 1302 629 1354 praeposuisse
650 1302 765 1341 dicet.
827 1301 907 1339 Hic
935 1302 1044 1339 locus
1072 1300 1188 1350 igitur
1207 1308 1265 1339 est
1285 1313 1386 1339 unus
1408 1313 1488 1350 quo

160 1368 389 1419 perfugiant,
422 1367 486 1406 hic
516 1374 662 1418 portus,
696 1367 793 1404 haec
823 1379 898 1412 arx,
931 1367 1028 1404 haec
1056 1378 1122 1403 ara
1154 1365 1374 1413 sociorum3
1409 1378 1489 1415 quo

159 1433 321 1483 quidem
342 1445 449 1471 nunc
470 1445 551 1471 non
573 1431 625 1470 ita
646 1430 878 1480 confugiunt
900 1437 942 1468 ut
961 1437 1078 1468 antea
1098 1429 1138 1467 in
1159 1429 1238 1468 suis
1260 1429 1486 1480 repetundis

160 1498 275 1536 rebus
305 1497 496 1536 solebant.
557 1497 651 1535 Non
681 1502 897 1546 argentum,
926 1507 1007 1532 non
1036 1507 1185 1540 aurum,
1215 1507 1296 1532 non
1325 1500 1485 1541 vestem,

160 1576 240 1600 non
275 1561 472 1611 mancipia
506 1567 698 1611 repetunt,
733 1573 814 1598 non
853 1565 1085 1598 ornamenta
1115 1571 1217 1608 quae
1248 1571 1295 1597 ex
1325 1558 1488 1596 urbibus

159 1627 338 1676 fanisque
355 1634 487 1676 erepta
502 1633 592 1664 sunt
611 1640 618 1671 ;
646 1632 826 1663 metuunt
848 1623 1029 1661 homines
1044 1622 1213 1672 imperiti
1229 1635 1279 1661 ne
1295 1621 1372 1660 iam
1389 1623 1488 1661 haec

159 1692 328 1740 populus
352 1692 558 1728 Romanus
579 1690 773 1728 concedat
794 1696 832 1727 et
853 1688 905 1726 ita
926 1687 1017 1726 velit
1038 1687 1130 1725 fieri.
1186 1686 1361 1725 Patimur
1381 1687 1487 1725 enim

160 1757 303 1793 multos
340 1755 416 1792 iam
451 1767 576 1793 annos
611 1761 648 1792 et
684 1753 855 1799 silemus,
889 1765 980 1790 cum
1015 1751 1219 1791 videamus
1253 1752 1304 1790 ad
1338 1764 1486 1802 paucos

160 1819 340 1859 homines
380 1819 508 1858 omnis
548 1818 727 1858 omnium
769 1817 975 1856 nationum
1016 1816 1203 1867 pecunias
1250 1816 1484 1867 pervenisse.

202 1935 221 1964 5
247 1926 376 1965 patriae
394 1924 476 1966 RSp
492 1936 498 1955 z
524 1925 633 1965 patrio
657 1925 706 1955 V:
730 1924 834 1964 patris
852 1925 868 1953 δ
983 1926 1058 1963 post
1072 1920 1271 1953 adulescens
1287 1919 1405 1951 habent
1423 1919 1489 1961 Vp&

159 1974 192 1999 ct
210 1979 253 1999 ex
269 1968 448 2008 complexu
466 1968 580 1999 matris
600 1973 739 2008 ereptus
756 1969 921 1998 innocens
939 1967 1044 2007 (filius
1062 1967 1093 2004 δ)
1112 1975 1119 1995 :
1143 1975 1209 1995 om.
1227 1963 1291 1994 RS
1308 1962 1355 2002 (ii,
1378 1964 1398 1999 i,
1419 1967 1434 2002 §
1451 1964 1486 2006 7)

163 2022 200 2050 14
225 2017 424 2042 senatumne
447 2012 494 2042 V:
519 2016 672 2042 senatum
691 2010 783 2041 RSW
859 2010 998 2041 venient
1015 2008 1130 2039 RSW:
1156 2008 1293 2038 veniant
1314 2007 1362 2037 V:
1389 2016 1486 2038 sena-

159 2059 226 2084 tum
245 2056 426 2085 devenient
439 2056 482 2095 p3
604 2066 642 2095 15
667 2059 800 2086 sumant
822 2053 933 2094 VRSp
1012 2062 1080 2083 non
1098 2048 1393 2083 senatoruerS:
1419 2060 1486 2080 non

159 2103 211 2128 est
228 2099 432 2129 senatorium
455 2098 486 2127 V
637 2099 675 2128 16
700 2098 812 2138 populi
830 2107 930 2128 causa
948 2095 1040 2127 RSW
1056 2108 1064 2126 ·.
1089 2105 1189 2127 causa
1205 2104 1283 2134 pop.
1297 2094 1340 2133 ῥδ
1356 2104 1362 2123 :
1386 2102 1487 2124 causa

160 2140 223 2170 PR
241 2141 271 2170 V
387 2152 423 2180 17
449 2141 522 2172 eius
540 2141 625 2180 legis
644 2141 753 2181 (leges
765 2142 805 2181 p)
825 2140 928 2180 RSp:
952 2140 1023 2170 eius
1044 2139 1092 2169 V:
1116 2139 1165 2169 eis
1184 2137 1250 2177 legi
1269 2139 1286 2167 δ
1303 2148 1310 2166 :
1334 2146 1395 2167 vos
1412 2136 1487 2167 eius

160 2184 252 2222 leges
269 2195 308 2223 q:
334 2194 391 2214 vos
409 2185 437 2214 ei
456 2184 523 2224 legi
545 2185 721 2216 Victorius:
747 2185 778 2215 ei
795 2193 857 2214 vos
874 2184 939 2222 legi
959 2182 1047 2213 Iord.
1066 2186 1096 2212 et
1111 2181 1181 2212 edd.
1339 2189 1378 2219 19
1402 2179 1485 2209 haec

160 2237 219 2257 arx
250 2237 315 2257 om.
352 2226 445 2257 Rsv
593 2238 635 2258 20
659 2227 857 2267 repetundis
893 2226 942 2256 V:
981 2225 1094 2255 -endis
1125 2223 1189 2255 RS
1339 2232 1377 2252 21
1407 2222 1484 2252 Non

159 2280 277 2300 aurum
295 2280 362 2300 non
380 2281 448 2309 arg.
470 2271 517 2310 Vq
671 2281 712 2308 24
737 2270 818 2301 velit
836 2270 909 2300 fieri
931 2269 966 2307 V,
986 2268 1109 2306 Halm,
1126 2266 1284 2297 Zielinski
1300 2265 1359 2307 (p.
1379 2265 1456 2305 198)
1477 2275 1484 2295 ε

160 2313 233 2343 fieri
251 2312 331 2343 velit
350 2313 413 2344 rell.
434 2314 496 2353 giss,
516 2317 530 2351 ξ
554 2315 625 2353 1682
763 2314 806 2343 26
830 2312 939 2344 omnis
961 2312 1031 2352 Vp:
1055 2321 1118 2342 om.
1140 2309 1236 2341 st

1510 793 1549 816 10

1511 1116 1548 1149 15

1509 1445 1549 1468 20

1508 1766 1547 1799 25
