1600 2704
110 108 379 150 ACTIONIS
410 112 472 151 IN
501 113 545 152 c.
577 114 820 155 VERREM
850 118 1150 161 SECVNDAE
1181 125 1284 164 LIB.
1310 128 1352 165 11
1396 138 1440 177 17
1457 92 1559 173 41²²

108 218 246 269 incipit
266 233 335 259 eos
360 229 402 260 ut
425 223 632 262 absentem
657 226 888 265 Heraclium
914 232 1196 271 condemnent.
1258 237 1320 274 Illi
1344 252 1435 276 eum

106 285 470 326 commonefaciunt
502 295 556 335 ut,
589 289 620 326 si
655 289 729 328 sibi
763 291 950 341 videatur,
986 302 1117 334 utatur
1149 297 1329 338 instituto
1364 315 1435 342 suo

104 361 178 387 nec
221 358 336 400 cogat
373 359 466 391 ante
505 353 642 392 horam
681 355 878 397 decimam
916 360 968 398 de
1005 362 1169 402 absente
1212 368 1433 406 secundum

102 422 350 463 praesentem
377 416 572 457 iudicare:
603 420 822 470 impetrant.
884 425 1040 465 Interea
1064 441 1158 466 sane
1183 432 1433 480 perturbatus
1453 447 1492 477 42

61 493 80 525 5
101 484 140 516 et
163 478 248 528 ipse
271 487 312 518 et
335 480 418 519 eius
443 482 561 521 amici
588 491 628 523 et
657 486 869 527 consiliarii
898 492 1064 530 moleste
1089 494 1187 532 ferre
1216 506 1432 546 coeperunt

101 543 331 582 Heraclium
376 547 617 598 profugisse,
668 551 862 600 putabant
903 555 1078 595 absentis
1118 559 1430 609 damnationem,

96 611 323 657 praesertim
348 618 480 651 tantae
507 614 709 664 pecuniae,
733 619 858 657 multo
883 618 1178 662 invidiosiorem
1203 626 1285 664 fore
1309 639 1428 676 quam

96 673 128 710 si
161 686 346 722 praesens
377 677 587 717 damnatus
618 687 731 719 esset.
793 684 854 722 Eo
887 686 1103 726 accedebat
1138 690 1248 738 quod
1278 690 1427 730 iudices

95 750 117 774 e
136 738 221 787 lege
252 740 412 790 Rupilia
431 742 513 781 dati
537 757 619 782 non
645 754 779 794 erant‚·
809 750 934 787 multo
956 750 1074 789 etiam
1102 766 1184 791 rem
1211 755 1425 804 turpiorem

36 815 74 838 10
93 801 175 840 fore
213 810 251 841 et
290 804 525 854 iniquiorem
564 808 690 847 visum
735 810 778 848 iri
818 813 1107 864 intellegebant.
1169 818 1310 868 Itaque
1349 821 1425 860 hoc

91 867 188 905 dum
223 870 414 919 corrigere
443 873 536 920 vult,
571 874 742 923 apertior
772 875 855 915 eius
887 879 1083 928 cupiditas
1112 881 1423 934 improbitasque

90 932 192 970 facta
212 941 280 971 est.
342 935 445 973 Nam
468 936 541 974 illis
566 937 742 989 quinque
764 940 959 981 iudicibus
985 943 1040 981 uti
1066 957 1107 982 se
1128 954 1270 995 negat,·
1300 949 1418 996 iubet,

89 996 129 1034 id
150 999 259 1046 quod
280 998 391 1037 initio
411 1001 496 1050 lege
518 1002 677 1051 Rupilia
697 1004 778 1042 fieri
799 1013 1033 1054 oportuerat,
1057 1008 1165 1047 citari
1188 1012 1419 1051 Heraclium

87 1068 126 1098 et
157 1074 226 1100 eos
259 1063 326 1113 qui
350 1064 481 1102 dicam
511 1068 767 1116 scripserant;
800 1070 854 1107 ait
883 1083 925 1108 se
955 1071 1104 1111 iudices
1134 1087 1181 1112 ex
1211 1076 1296 1124 lege
1320 1080 1418 1117 velle

28 1137 65 1170 15
86 1126 222 1164 sortiri.
283 1129 404 1176 Quod
425 1129 476 1167 ab
496 1143 544 1168 eo
564 1131 700 1180 pridie,
723 1146 814 1171 cum
836 1136 968 1173 multis
990 1137 1158 1175 lacrimis
1178 1152 1269 1177 cum
1292 1150 1417 1180 oraret

84 1198 203 1240 atque
229 1192 462 1241 obsecraret,
497 1196 706 1235 Heraclius
736 1197 943 1248 impetrare
970 1214 1052 1239 non
1087 1211 1281 1252 potuerat,
1311 1205 1350 1243 id
1381 1206 1414 1245 ei

82 1255 273 1304 postridie
311 1258 418 1297 venit
456 1259 497 1297 in
531 1269 719 1310 mentem,
754 1277 800 1301 ex
839 1265 924 1314 lege
956 1266 1117 1315 Rupilia
1148 1268 1275 1306 sortiri
1307 1270 1415 1309 dicas

81 1329 274 1369 oportere.
333 1324 479 1362 Educit
499 1338 546 1363 ex
571 1339 667 1364 urna
689 1327 754 1365 tris
769 1343 780 1375 ,·
808 1329 868 1367 his
890 1338 931 1368 ut
951 1331 1159 1370 absentem
1180 1334 1412 1374 Heraclium

80 1386 350 1426 condemnent
370 1387 535 1438 imperat
549 1404 559 1438 3
588 1390 720 1441 itaque
741 1395 1020 1434 condemnant.

21 1464 63 1487 20
135 1451 259 1499 Quae,
282 1454 442 1500 malum,
465 1454 538 1492 ista
562 1455 633 1494 fuit
653 1458 849 1497 amentia!
908 1461 1132 1510 Ecquando
1156 1470 1193 1501 te
1218 1464 1410 1504 rationem
1432 1482 1472 1512 43

78 1515 271 1554 factorum
310 1525 466 1556 tuorum
510 1520 754 1560 redditurum
793 1524 969 1573 putasti?
1011 1529 1222 1576 ecquando
1261 1529 1321 1568 his
1360 1532 1410 1570 de

76 1579 192 1618 rebus
222 1581 308 1620 talis
337 1582 440 1622 viros
473 1585 677 1625 audituros
707 1587 966 1628 existimasti?
1023 1593 1183 1631 Petatur
1213 1594 1409 1634 hereditas

73 1656 129 1691 ea,
153 1658 255 1694 quae
275 1649 383 1687 nulla
411 1649 588 1696 debetur,
612 1650 651 1688 in
672 1654 859 1701 praedam
887 1655 1106 1704 praetoris?
1135 1657 1408 1708 interponatur

74 1722 222 1749 nornen
265 1711 461 1751 civitatis?
503 1714 729 1764 imponatur
768 1718 958 1758 honestae
997 1720 1143 1760 civitati
1184 1723 1407 1773 turpissima

15 1785 54 1818 25
74 1787 242 1824 persona
265 1777 517 1817 calumniae?
546 1793 676 1830 neque
697 1782 774 1820 hoc
795 1784 936 1830 solum,
959 1787 1029 1824 sed
1054 1785 1106 1824 ita
1127 1800 1186 1826 res
1207 1796 1343 1838 agatur
1364 1800 1405 1828 ut

73 1851 123 1877 ne
143 1839 341 1879 simulatio
361 1842 524 1891 quidem
545 1844 752 1894 aequitatis
776 1848 856 1886 ulla
874 1849 1140 1889 adhibeatur?
1196 1854 1312 1900 Nam,
1337 1867 1405 1904 per

71 1888 168 1942 d'eos
192 1903 435 1953 immortalis,
458 1907 555 1957 quid
581 1909 740 1948 interest
761 1918 891 1950 utrum
919 1922 1075 1963 praetor
1099 1915 1265 1966 imperet
1285 1917 1403 1967 vique

69 1975 185 2017 cogat
207 1968 380 2019 aliquem
401 1972 452 2009 de
482 1971 561 2010 suis
582 1973 697 2012 bonis
719 1975 905 2015 omnibus
930 1978 1134 2027 decedere,
1157 1993 1209 2018 an
1237 1981 1401 2021 huiusce

111 2081 131 2101 2
155 2072 217 2103 sibi
234 2072 303 2104 cO:
330 2074 361 2104 ei
373 2078 399 2114 p
411 2073 476 2104 rell.
557 2075 732 2107 videretur
750 2079 832 2113 (ont.
852 2079 981 2119 utatur)
1002 2105 1007 2112 .
1027 2105 1035 2113 .
1056 2106 1061 2112 .
1081 2093 1124 2114 ne
1141 2089 1243 2123 cogat
1261 2084 1309 2115 cO
1326 2092 1398 2126 lgne-

68 2121 171 2155 gogat
186 2116 222 2157 p)
312 2117 333 2146 8
356 2118 521 2148 accedere
542 2118 575 2148 V
656 2131 678 2160 9
694 2131 738 2150 ex
757 2121 790 2150 V
876 2132 915 2154 10
939 2123 1011 2155 sore
1028 2125 1095 2156 cO:
1121 2137 1188 2159 om.
1208 2128 1272 2159 rell.
1360 2141 1394 2160 11

67 2159 139 2190 uolt
158 2158 190 2188 V
365 2170 403 2199 14
428 2161 473 2191 ait
494 2161 591 2192 VcOk
609 2174 616 2193 ε
640 2164 755 2203 aitque
766 2170 813 2205 pq
969 2178 1007 2198 ·c-
1026 2179 1069 2199 ex
1086 2170 1163 2209 lege
1180 2170 1244 2201 cO:
1274 2172 1350 2212 lege
1372 2174 1402 2203 V

70 2203 101 2240 (ξ
119 2212 171 2241 39,
192 2205 310 2243 supra)
503 2214 541 2244 15
565 2216 642 2237 eum
661 2213 774 2238 oraret
795 2208 897 2240 Vrell.
926 2211 977 2250 (tf.
1003 2212 1033 2246 ii,
1063 2215 1078 2249 §
1096 2223 1136 2252 57
1157 2225 1164 2244 :
1198 2215 1245 2252 iii,
1273 2219 1288 2253 ξ
1313 2219 1369 2255 67)
1389 2229 1396 2248 :

67 2250 180 2276 oraret
198 2247 279 2283 (om.
300 2247 387 2286 cum]
407 2247 466 2278 cO¹
645 2252 683 2280 16
706 2256 806 2291 atque
825 2252 1020 2285 obsecraret
1037 2265 1103 2287 om.
1123 2256 1183 2286 cO¹
1357 2271 1393 2299 ¹7

67 2289 231 2328 postridie
253 2290 349 2321 VcO:
374 2296 512 2330 postero
529 2293 695 2334 dieprell.
871 2306 909 2335 17
934 2308 976 2327 ex
993 2298 1069 2337 lege
1091 2298 1169 2332 VO:
1195 2311 1213 2331 e
1231 2302 1306 2342 lege
1326 2303 1389 2334 rell.

70 2333 108 2362 18
131 2333 192 2363 tris
208 2343 274 2364 om.
300 2333 331 2362 V
443 2335 496 2366 his
512 2335 583 2368 Ob:
607 2337 648 2368 iis
665 2337 733 2369 edd.
847 2349 888 2378 23
913 2350 952 2371 ea
969 2350 1032 2373 om.
1056 2341 1097 2373 Οι
1209 2355 1249 2384 25
1274 2352 1393 2385 agatur

67 2375 133 2405 cOb
148 2388 154 2406 :
178 2378 290 2416 agitur
306 2378 369 2410 rell.
