1600 2704
77 132 132 160 20
153 137 195 169 54
522 105 580 143 M.
612 97 780 140 TVLLr
812 84 1119 133 CICERONIS

154 238 298 274 tamen,
328 222 479 274 opinor,
509 227 610 267 quae
636 210 745 260 signa
771 212 888 254 atque
918 199 1149 238 ornamenta
1174 202 1221 228 ex
1243 186 1290 224 iis
1318 181 1482 222 urbibus

158 292 390 336 sustulisses,
408 289 508 325 haec
537 292 618 319 non
638 277 677 315 in
707 282 815 312 tuam
842 269 1006 307 domum
1033 269 1163 307 neque
1192 253 1233 291 in
1259 247 1486 290 suburbana

95 348 141 379 ²1
159 359 388 408 amicorum,
407 352 476 391 sed
497 350 669 386 Romam
690 340 729 378 in
750 333 953 387 publicum
973 328 1231 375 deportasseS.
1291 312 1401 362 Quid
1414 321 1486 360 ego

99 411 139 443 ⁵5
162 427 212 465 de
235 425 289 462 M.
314 417 505 459 Marcello
525 414 674 460 loquar,
697 403 764 454 qui
785 403 1005 450 Syracusas,
1027 390 1165 428 urbem
1186 377 1486 422 ornatissimam,

162 488 294 539 cepit?
342 483 438 534 quid
477 481 527 518 de
566 477 610 514 L.
653 468 847 519 Scipione,
885 459 950 511 qui
989 456 1138 495 bellum
1172 449 1213 487 in
1247 444 1341 484 Asia
1374 437 1492 492 gessit
1513 447 1530 479 5

166 551 501 596 Antiochumque,
556 549 686 589 regem
734 524 1064 583 potentissimum,
1114 514 1237 554 vicit?
1298 506 1396 558 quid
1443 504 1494 542 de

167 614 401 659 Flaminino,
425 608 493 659 qui
522 615 653 654 regem
674 596 902 646 Philippum
932 596 971 628 et
1001 577 1283 624 Macedoniam
1313 568 1496 619 subegit?

168 682 264 733 quid
285 681 334 719 de
356 679 398 715 L.
419 673 553 717 Paulo,
578 667 645 718 qui
665 675 796 714 regem
817 661 962 697 Persen
982 651 1018 690 vi
1046 662 1091 687 ac
1111 645 1251 684 virtute
1273 633 1497 688 superavit?

170 748 266 798 quid
287 746 336 783 de
358 744 401 780 L.
424 734 635 779 Mummio,
668 729 735 780 qui
762 726 899 764 urbem
927 712 1230 770 pulcherrimam
1251 713 1369 754 atque
1390 711 1499 738 orna-

171 811 375 855 tissimam,
399 801 648 845 Corinthum,
671 788 940 844 plenissimam
968 791 1096 820 rerum
1117 772 1308 816 omnium,
1331 761 1498 807 sustulit,
1523 769 1563 792 10

173 875 362 924 urbisque
383 866 557 909 Achaiae
580 857 849 904 Boeotiaeque
870 849 1012 888 multas
1040 842 1113 881 sub
1137 834 1345 887 imperium
1366 825 1503 881 populi

177 937 350 981 Romani
396 933 675 976 dicionemque
721 914 951 959 subiunxit?
998 910 1179 958 Quorum
1218 902 1373 942 domus,
1413 904 1505 932 cum

178 1009 329 1045 honore
361 1013 405 1039 ac
440 997 581 1035 virtute
615 992 808 1030 florerent,
846 977 964 1030 signis
996 981 1034 1014 et
1068 967 1211 1010 tabulis
1250 961 1363 1014 pictis
1397 962 1507 997 erant

180 1081 350 1115 vacuae3
380 1072 418 1103 at
438 1073 530 1100 vero
551 1057 689 1096 urbem
711 1058 833 1090 totam
861 1042 1087 1092 templaque
1114 1035 1279 1074 deorum
1299 1023 1508 1071 omnisque

184 1134 322 1175 Italiae
352 1128 469 1181 partis
490 1126 645 1163 illorum
666 1115 781 1157 donis
809 1124 856 1150 ac
885 1099 1153 1147 monumentis
1174 1098 1378 1136 exornatas
1407 1086 1511 1125 vide·
1532 1093 1569 1126 15

125 1209 165 1250 56
187 1212 285 1238 mus.
344 1197 492 1232 Vereor
513 1202 563 1227 ne
590 1188 688 1224 haec
715 1182 814 1219 forte
841 1172 1013 1223 cuipiam
1039 1163 1156 1205 nimis
1183 1158 1345 1207 antiqua
1371 1160 1409 1193 et
1432 1151 1511 1189 iam

188 1264 366 1305 obsoleta
387 1258 618 1299 videantur,
646 1249 700 1286 ita
723 1243 829 1284 enim
855 1248 939 1278 tum
963 1227 1219 1283 aequabiliter
1246 1232 1384 1262 omnes
1405 1221 1514 1256 erant

189 1330 271 1369 eius
300 1324 407 1365 modi
437 1328 479 1360 ut
499 1321 597 1358 haec
626 1316 710 1352 laus
731 1306 895 1349 eximiae
914 1297 1065 1340 virtutis
1095 1301 1133 1333 et
1161 1284 1411 1330 innocentiae
1434 1293 1516 1319 non

191 1397 318 1434 solum
369 1386 589 1429 hominum,
629 1388 764 1417 verum
803 1370 921 1411 etiam
965 1370 1190 1412 temporum
1232 1354 1389 1391 illorum
1434 1357 1519 1385 esse

191 1460 379 1497 videatur.
430 1453 471 1489 P.
496 1444 690 1488 Servilius,
712 1438 768 1478 vir
788 1431 1037 1475 clarissimus,
1055 1419 1234 1463 maximis
1254 1416 1370 1455 rebus
1391 1409 1519 1463 gestiS,
1542 1422 1583 1445 20

193 1525 304 1563 adest
335 1521 385 1558 de
414 1525 452 1556 te
482 1508 718 1553 sententiam
747 1505 917 1541 laturus:
948 1495 1163 1542 Olympum
1192 1483 1240 1530 vi,
1267 1477 1402 1530 copiis,
1434 1488 1525 1514 con-

196 1589 293 1633 silio,
310 1586 450 1624 virtute
471 1577 585 1629 cepit,
604 1574 743 1613 urbem
757 1566 959 1614 antiquam
973 1566 1012 1597 et
1032 1552 1218 1595 omnibus
1233 1547 1349 1586 rebus
1370 1548 1527 1581 auctam

199 1662 237 1693 et
258 1658 448 1691 ornatam.
499 1646 657 1682 Recens
678 1632 902 1682 exemplum
923 1618 1122 1664 fortissimi
1138 1614 1208 1655 viri
1228 1612 1382 1663 profero
1398 1622 1407 1655 3
1436 1618 1529 1644 nam

201 1725 338 1769 postea
360 1708 543 1752 Servilius
564 1705 775 1754 imperator
800 1691 937 1746 populi
958 1683 1131 1727 Romani
1153 1681 1367 1729 Olympum
1393 1671 1531 1710 urbem

202 1781 376 1822 hostium
395 1774 497 1826 cepit
514 1782 632 1822 quam
648 1775 690 1805 tu
710 1765 751 1802 in
771 1761 897 1800 isdem
913 1754 988 1793 illis
1007 1749 1104 1790 locis
1123 1749 1272 1796 legatus
1289 1734 1533 1790 quaestorius
1554 1743 1593 1775 25

206 1846 354 1898 oppida
398 1846 537 1892 pacata
580 1832 775 1873 sociorum
817 1831 935 1873 atque
973 1816 1190 1857 amicorum
1228 1803 1450 1855 diripienda
1490 1811 1536 1837 ac

147 1927 189 1960 57
208 1909 387 1951 vexanda
407 1901 560 1944 curasti.
618 1899 682 1935 Tu
703 1904 803 1944 quae
823 1902 870 1927 ex
889 1883 989 1924 fanis
1005 1871 1302 1929 religiosissimis
1323 1881 1392 1919 per
1411 1865 1538 1904 scelus

212 1986 249 2018 et
270 1971 519 2015 latrocinium
535 1959 740 2005 abstulisti,
764 1969 809 1996 ea
829 1966 902 1992 nos
914 1950 1047 1989 videre
1067 1942 1143 1982 nisi
1155 1941 1196 1979 in
1212 1937 1288 1976 tuis
1309 1932 1540 1973 amicorum-

214 2056 290 2094 que
315 2049 473 2078 tuorum
502 2030 615 2072 tectis
644 2038 725 2065 non
756 2028 991 2073 possumus:
1021 2013 1063 2049 P.
1087 2003 1271 2048 Servilius
1301 2010 1402 2050 quae
1432 1994 1542 2044 signa

181 2183 185 2185 Α
265 2156 278 2175 1
306 2148 404 2181 atque
427 2144 471 2179 pr
495 2136 565 2166 aL:
599 2137 634 2164 et
662 2139 726 2170 que
755 2126 799 2164 D,
827 2127 860 2154 et
886 2128 971 2160 quae
997 2119 1026 2145 Ψ
1056 2115 1158 2151 (quae
1185 2105 1231 2145 K,
1258 2108 1292 2135 et
1315 2100 1369 2140 Gs)
1507 2095 1547 2124 iis

221 2189 347 2227 Zumpt
366 2186 401 2223 is
414 2181 460 2213 ed.
472 2178 605 2211 Romst:
621 2175 674 2206 his
685 2172 740 2211 Dp
750 2169 792 2200 al.
810 2180 816 2198 z
836 2166 910 2197 istis
923 2162 964 2200 G²
1028 2159 1048 2188 8
1066 2154 1170 2186 Paulo
1183 2147 1272 2181 codd.
1289 2158 1296 2177 ε
1314 2141 1431 2176 Paullo
1445 2137 1544 2174 Iord⁸¹

222 2232 330 2269 Klotz,
350 2227 454 2266 Kays.
582 2231 620 2257 14
647 2214 772 2254 templa
788 2211 840 2242 Κδ
976 2203 1014 2234 16
1036 2200 1123 2230 forte
1140 2205 1206 2226 om.
1226 2191 1267 2230 Gl
1284 2189 1382 2220 Pm'sc.
1509 2182 1547 2210 18

224 2275 324 2307 huius
350 2270 439 2301 modi
467 2267 524 2297 πὺδ
553 2263 643 2304 (Div.
667 2264 681 2297 ξ
707 2259 772 2297 383
806 2256 827 2289 i,
853 2255 889 2290 ἐξ
916 2258 967 2288 17,
997 2243 1094 2284 1513:
1128 2237 1183 2270 vel
1207 2235 1306 2267 huius
1329 2228 1418 2261 modi
1441 2221 1552 2264 G2KZ

226 2318 292 2358 (vel
310 2328 335 2347 s.
353 2316 370 2345 l.
392 2312 455 2351 Dss)
559 2317 596 2337 21
625 2305 752 2334 laturus
769 2303 820 2330 est
833 2296 893 2337 ρνδ
1015 2284 1205 2319 Olinthium
1221 2277 1256 2309 D
1273 2289 1280 2308 t
1305 2271 1491 2312 Olinphum
1504 2272 1549 2308 p:

227 2360 416 2401 Olynthum
434 2353 496 2385 rell.
589 2349 713 2379 virtute
730 2340 872 2374 consilio
889 2348 909 2377 q
996 2342 1037 2370 24
1062 2325 1238 2361 Olinthum
1256 2320 1310 2360 Dp
