1600 2704
107 111 376 151 ACT10N1s
407 113 468 151 IN
499 113 544 152 c.
566 113 810 151 VERREM
840 114 1140 153 SECVNDAE
1170 116 1273 152 LIB.
1298 116 1341 154 11
1381 125 1436 153 20
1456 91 1508 161 49⁵

105 229 239 262 tamen
259 236 415 262 summa
433 236 526 262 cura
546 236 635 261 cum
664 231 766 271 tuae,
789 230 874 262 tum
902 225 1027 263 multo
1053 224 1172 262 etiam
1192 226 1315 275 magis
1343 239 1434 264 suae

105 289 232 326 famae
252 288 500 338 pepercisset.
561 287 671 337 Quid
701 296 760 326 est
786 289 896 338 quod
923 296 965 326 tu
991 288 1089 327 alios
1115 292 1310 328 accuses?
1339 291 1435 340 quid

104 359 164 391 est
183 365 303 402 quam
324 353 377 391 ob
397 365 480 391 rem
500 360 614 402 putes
636 360 674 390 te
701 360 810 390 tuam
837 354 996 403 culpam
1016 366 1098 392 non
1119 355 1241 392 modo
1261 354 1434 394 derivare

103 416 144 454 in
171 416 355 466 aliquem,
384 418 454 455 sed
487 416 783 456 communicare
813 430 905 455 curn
935 419 1058 456 altero
1089 420 1235 468 posse?
1289 420 1435 458 Nume-
1461 437 1472 443 -

64 493 84 525 5
103 488 235 519 rantur
259 483 323 519 illa
348 482 420 520 HS
445 483 520 520 ἃῗ
549 481 811 531 Syracusanis.
872 484 930 520 Ea
959 494 1079 531 quem
1108 483 1160 521 ad
1190 485 1355 522 modum
1384 485 1435 522 ad

101 545 220 584 istum
251 553 389 596 postea
417 559 486 596 per
518 547 831 596 pseudothyrum
866 554 1117 594 revertantur,
1149 547 1292 586 tabulis
1323 548 1434 586 vobis·

100 609 358 660 testibusque,
380 609 542 657 iudices,
566 612 728 660 planum
748 610 901 649 faciam.

155 676 215 712 Ex
252 676 326 713 hac
365 674 572 724 iniquitate
610 674 720 713 istius
759 682 797 714 et
832 675 1097 725 improbitate,
1129 676 1290 724 iudices,
1326 679 1434 728 quod

99 740 245 790 praeda
268 753 315 778 ex
338 739 413 778 illis
443 739 559 779 bonis
585 741 637 779 ad
661 742 807 779 multos
838 742 1103 791 Syracusanos
1133 741 1257 780 invito
1284 744 1435 792 populo

42 820 81 843 10
98 812 317 854 senatuque
354 805 601 854 Syracusano
646 813 814 852 venerat,
856 814 894 844 et
933 805 997 844 illa
1041 807 1187 845 scelera
1225 820 1327 857 quae
1364 821 1433 858 per

97 869 414 907 Theomnastum
444 877 483 907 et
512 869 799 908 Aeschrionem
830 877 868 908 et
900 870 1223 920 Dionysodorum
1253 879 1292 910 et
1320 873 1432 911 Cleo-

97 945 256 971 menem
275 932 508 972 invitissima
534 934 691 972 civitate
717 935 782 973 illa
808 935 910 973 facta
936 944 1053 973 sunt:
1084 937 1254 986 primum
1276 944 1318 974 ut
1340 937 1431 975 urbs

96 1004 180 1036 tota
208 997 452 1048 spoliaretur,
472 1012 551 1049 qua
580 1001 631 1038 de
662 1012 702 1037 re
735 999 834 1038 alius
864 999 959 1037 mihi
990 1001 1101 1038 locus
1131 1002 1182 1039 ad
1214 1001 1430 1040 dicendum

95 1070 154 1100 est
173 1062 438 1110 constitutus,
467 1071 510 1101 ut
537 1063 671 1101 omnia
696 1063 806 1113 signa
833 1064 906 1101 iste
935 1076 1004 1114 per
1031 1077 1098 1102 eos
1119 1065 1301 1103 homines
1330 1079 1430 1115 quos

37 1142 74 1175 15
95 1127 307 1175 nominavi,
344 1141 463 1166 omne
501 1128 599 1166 ebur
637 1141 684 1166 ex
714 1128 880 1167 aedibus
919 1128 1049 1175 sacris,
1082 1131 1212 1168 omnis
1251 1130 1430 1181 undique

94 1193 247 1230 tabulas
277 1193 412 1242 pictas,
445 1193 611 1231 deorum
644 1192 818 1243 denique
850 1192 1058 1232 simulacra
1087 1207 1189 1244 quae
1218 1196 1334 1233 vellet
1365 1209 1430 1234 au-

92 1257 208 1295 ferret
220 1271 230 1304 ς
277 1256 424 1300 deinde
463 1265 505 1294 ut
544 1257 584 1295 in
630 1258 737 1296 curia
782 1257 992 1308 Syracusis,
1034 1272 1152 1308 quem
1199 1261 1331 1298 locum
1375 1260 1428 1298 illi

89 1322 358 1372 βουλευτήριον
387 1321 550 1360 nomine
578 1324 789 1372 appellant,
819 1323 1098 1362 honestissimo
1128 1326 1216 1362 loco
1251 1333 1289 1362 et
1320 1327 1427 1375 apud

90 1386 178 1425 illos
217 1386 442 1434 clarissimo,
478 1386 548 1425 ubi
587 1387 690 1426 illius
729 1387 851 1438 ipsius
887 1389 943 1426 M.
980 1389 1296 1438 Marcellis-qui
1335 1404 1426 1428 eum

33 1469 73 1492 20
90 1451 342 1501 Syracusanis
376 1453 520 1498 locum,
558 1465 677 1501 quem
717 1454 866 1502 eripere
905 1453 997 1492 belli
1036 1466 1082 1492 ac
1120 1453 1306 1492 victoriae
1341 1455 1426 1505 lege

89 1524 234 1566 posset,
273 1516 517 1555 conservavit
563 1525 601 1555 et
646 1517 1017 1565 reddidit,—statua
1062 1516 1128 1571 [ex
1171 1532 1260 1557 aere
1303 1518 1425 1571 facta]

88 1588 157 1627 est,
180 1580 235 1619 ibi
264 1580 482 1620 inauratam
513 1581 623 1620 istius
653 1591 691 1621 et
720 1584 882 1621 alteram
913 1583 994 1622 filio
1021 1591 1190 1622 statuam
1219 1593 1422 1634 ponerent,

87 1653 130 1684 ut
161 1646 257 1685 dum
290 1645 400 1684 istius
434 1646 607 1685 hominis
640 1649 831 1686 memoria
865 1656 1041 1686 maneret
1075 1656 1234 1687 senatus
1265 1651 1425 1699 Syracu·

87 1723 206 1748 sanus
239 1710 324 1748 sine
357 1710 526 1749 lacrimis
565 1720 603 1750 et
635 1712 784 1761 gemitu
815 1712 855 1750 in
888 1713 994 1751 curia
1032 1726 1117 1752 esse
1155 1727 1238 1752 non
1276 1723 1419 1764 posset.

28 1791 69 1824 25
89 1776 163 1813 Per
191 1775 354 1813 eosdem
383 1774 494 1813 istius
523 1776 714 1814 furtorum
749 1776 977 1815 iniuriarum
1013 1791 1259 1828 uxorumque
1293 1779 1421 1817 socios

86 1838 197 1877 istius
217 1838 383 1889 imperio
403 1839 603 1889 Syracusis
626 1842 831 1880 Marcellia
856 1843 1047 1880 tolluntur
1074 1842 1247 1881 maximo
1272 1843 1421 1893 gemitu

85 1904 274 1953 luctuque
308 1903 488 1951 civitatis,
517 1918 637 1954 quem
669 1905 724 1944 illi
754 1906 861 1945 diem
895 1908 1038 1945 festum
1072 1920 1164 1946 cum
1196 1907 1421 1946 recentibus

86 1967 288 2007 beneficiis
318 1969 364 2008 C.
388 1969 568 2007 Marcelli
597 1969 777 2009 debitum
808 1972 1039 2019 reddebant,
1073 1979 1157 2010 tum
1186 1972 1319 2022 generi
1354 1986 1421 2012 no-

132 2081 146 2100 1
173 2081 305 2102 summa
322 2081 402 2102 cura
418 2082 485 2103 om.
506 2071 536 2102 O
671 2083 687 2111 7
713 2074 924 2113 testibusque
944 2074 974 2105 Ο
992 2085 998 2104 :
1023 2080 1057 2105 et
1075 2079 1150 2106 test.
1167 2080 1192 2114 p
1206 2075 1270 2106 rell.
1399 2087 1420 2115 9

85 2114 322 2154 Syracusanos
331 2125 397 2146 om.
415 2115 446 2146 O
520 2125 560 2147 10
583 2122 617 2147 et
634 2117 688 2147 illa
701 2117 832 2148 scelera
844 2127 930 2157 quae
943 2122 1035 2157 perp
1045 2118 1109 2149 rell.
1127 2117 1268 2157 (Cluent.
1286 2122 1303 2156 §
1321 2123 1396 2160 191)
1414 2131 1419 2149 ;

84 2158 143 2189 illa
159 2157 289 2189 scelera
313 2168 375 2198 per
394 2158 442 2189 O:
473 2159 574 2189 etiam
600 2159 657 2190 illa
681 2160 811 2191 scelera
835 2165 912 2191 sunt
927 2171 1013 2200 quae
1043 2171 1104 2201 per
1121 2161 1240 2193 Lamb.
1265 2163 1348 2202 1584
1367 2165 1422 2203 (ex

84 2201 267 2233 c=Fabric.
282 2204 308 2241 ἓ)
328 2202 424 2233 Grut.
447 2202 501 2242 (ex
516 2202 694 2234 c--MelelL
710 2205 734 2245 2)
872 2215 910 2235 12
936 2205 990 2235 illa
1008 2204 1059 2236 O:
1083 2215 1149 2237 om.
1169 2206 1235 2236 rell.
1382 2207 1419 2236 18

84 2245 307 2276 buleuterium
325 2246 589 2286 nominantpal.
772 2257 807 2277 21
836 2258 874 2278 ac
894 2247 936 2278 Οι
1091 2259 1135 2279 ex
1150 2259 1230 2279 aere
1248 2249 1334 2280 sacta
1351 2260 1417 2280 om.

84 2287 133 2319 cO
148 2299 155 2318 :
180 2298 224 2318 ex
239 2298 317 2319 aere
334 2288 422 2319 facta
437 2294 489 2320 est
502 2289 585 2330 pbr:
613 2295 664 2321 est
682 2300 725 2320 ex
741 2300 818 2322 aere
837 2291 857 2322 f.
878 2291 964 2332 vulg.
1102 2302 1143 2322 22
1168 2298 1335 2332 ponerent
1354 2292 1394 2323 Ο1
1412 2303 1418 2322 :

84 2331 269 2371 posuerint,
290 2332 476 2372 -untprelL
613 2343 653 2372 27
679 2338 713 2364 et
730 2333 822 2364 luctu
841 2333 871 2365 O
1002 2335 1044 2366 28
1068 2334 1105 2367 C.
1128 2334 1178 2365 O:
1205 2336 1248 2367 M.
1270 2336 1334 2367 rell.

1455 682 1497 710 21
