1600 2704
82 157 134 196 50

99 426 142 466 51

85 486 144 512 12

158 160 214 192 132
521 132 578 170 M.
609 125 777 166 TVLLI
808 116 1114 162 CICERONIS

159 265 292 307 parere
322 247 466 291 onmia,
496 243 625 294 ipsum
656 228 849 284 templum
879 226 989 268 omni
1015 237 1133 274 opere
1162 233 1246 259 esse
1277 218 1486 266 integrum,

160 319 367 368 indignum
398 310 461 350 isti
491 305 612 346 videri
643 298 774 349 coepit
804 309 851 334 ex
881 299 990 331 tanta
1018 289 1117 327 aede
1148 292 1337 332 tantoque
1369 291 1488 329 opere

162 399 203 424 se
237 395 318 421 non
350 376 527 428 opirnum
562 367 718 420 praeda,
751 356 978 412 praesertim
1015 367 1038 392 a
1075 350 1239 402 pupillo,
1272 345 1485 385 discedere.

164 448 283 488 Venit
312 445 396 494 ipse
425 441 465 478 in
494 436 634 475 aedem
664 425 849 471 Castoris,
881 420 1104 461 considerat
1135 414 1326 463 ternplum
1342 424 1351 457 3
1385 408 1491 446 videt

127 508 137 516 .
166 511 341 560 undique
372 511 520 545 tectum
554 492 815 549 pulcherrime
852 490 1089 536 laqueatum,
1129 484 1328 530 praeterea
1365 479 1494 511 cetera
1515 481 1532 510 5

110 1494 168 1525 135

168 589 270 616 nova
295 581 413 621 atque
438 568 597 614 integra.
655 560 796 596 Versat
820 566 861 592 se
876 567 886 599 5
919 546 1070 599 quaerit
1100 543 1197 594 quid
1226 546 1325 590 agat.
1344 552 1354 560 ·
1387 535 1495 574 Dicit

182 1091 249 1142 qui
265 1092 391 1139 legem
412 1088 679 1127 nosset—qua
698 1074 739 1111 in
759 1073 844 1120 lege
860 1076 1045 1106 numerus
1066 1066 1220 1099 tanturn
1235 1056 1509 1095 columnarum

183 1155 356 1199 traditur,
384 1141 654 1201 perpendiculi
681 1135 829 1177 mentio
857 1134 899 1171 fit
926 1130 1126 1168 nulla——et
1156 1121 1223 1173 qui
1250 1132 1331 1158 non
1357 1122 1510 1168 putaret
1534 1128 1570 1159 15

185 1220 259 1260 sibi
279 1215 461 1267 expedire
482 1212 535 1249 ita
555 1207 743 1256 accipere,
766 1213 816 1239 ne
837 1197 980 1237 eodem
1001 1192 1123 1231 modo
1144 1186 1381 1227 tradendum
1397 1187 1512 1223 esset,

186 1290 302 1334 negat
323 1282 363 1320 id
388 1277 461 1318 sibi
486 1271 632 1318 deberi,
659 1274 774 1318 negat
795 1269 975 1314 oportere
1001 1255 1111 1306 exigi.
1173 1253 1253 1291 Iste
1279 1246 1514 1288 Habonium

188 1349 389 1399 quiescere
428 1341 535 1379 iubet
574 1343 612 1374 et
652 1332 767 1372 simul
805 1328 841 1366 ei
879 1338 960 1364 non
994 1321 1143 1360 nullam
1175 1328 1286 1366 spem
1318 1308 1516 1361 societatis

189 1409 385 1456 ostendit3
407 1403 610 1444 hominem
638 1397 864 1436 modestum
894 1397 932 1429 et
953 1385 1115 1425 minime
1139 1380 1380 1432 pertinacem
1405 1373 1518 1413 facile

190 1482 368 1520 coercet}
398 1472 602 1510 columnas
627 1464 680 1501 ita
701 1474 741 1499 se
767 1464 994 1497 exacturum
1019 1463 1103 1489 esse
1127 1447 1345 1486 confirmat.
1405 1441 1520 1478 Nova
1543 1448 1580 1470 20

191 1556 250 1581 res
291 1547 408 1588 atque
456 1529 666 1582 improvisa
712 1521 850 1575 pupilli
898 1515 1098 1558 calamitas
1142 1509 1342 1550 nuntiatur
1390 1503 1520 1544 statim

193 1609 237 1647 C.
264 1603 424 1648 Mustio,
447 1598 583 1637 vitrico
608 1589 758 1644 pupilli,
781 1586 849 1638 qui
875 1596 998 1634 nuper
1026 1588 1085 1620 est
1111 1584 1302 1621 mortuus,
1323 1573 1380 1610 M.
1405 1568 1522 1608 Iunio

193 1677 343 1721 patruo,
380 1667 422 1703 P.
455 1660 562 1701 Titio
597 1654 726 1700 tutori,
760 1649 912 1690 homini
944 1643 1203 1697 frugalissimo
1222 1655 1230 1687 ;
1272 1636 1313 1676 hi
1352 1647 1434 1673 rem
1472 1633 1523 1670 ad

194 1735 319 1773 virum
367 1725 593 1780 primarium
642 1730 799 1759 summo
843 1712 972 1753 officio
1015 1723 1061 1749 ac
1108 1707 1248 1746 virtute
1289 1698 1522 1752 praeditum,

198 1801 253 1837 M.
285 1794 532 1837 Marcellum,
560 1787 627 1838 qui
654 1791 735 1824 erat
762 1778 899 1832 pupilli
927 1783 1042 1820 tutor,
1073 1772 1265 1811 deferunt.
1324 1762 1445 1802 Venit
1474 1760 1525 1798 ad
1547 1770 1584 1802 25

197 1866 360 1901 Verrem
382 1859 438 1897 M.
459 1853 670 1894 Marcellus
686 1864 695 1897 3
725 1846 821 1898 petit
842 1845 892 1882 ab
913 1854 961 1880 eo
981 1852 1052 1890 pro
1072 1849 1141 1875 sua
1161 1834 1239 1872 fide
1260 1843 1306 1870 ac
1326 1825 1527 1877 diligentia

198 1926 374 1978 pluribus
401 1919 528 1961 verbis
558 1931 608 1956 ne
628 1928 696 1966 per
726 1920 921 1950 summam
942 1902 1122 1943 iniuriam
1146 1896 1340 1950 pupillum
1368 1891 1528 1931 Iunium

200 1989 363 2030 fortunis
395 1984 528 2038 patriis
556 1986 719 2020 conetur
747 1981 929 2014 evertere.
990 1970 1082 2013 Iste,
1115 1963 1183 2013 qui
1210 1961 1288 2000 iam
1316 1970 1385 2008 spe
1412 1962 1530 2004 atque

202 2055 388 2106 opinione
427 2048 613 2100 praedam
652 2043 758 2081 illam
792 2040 1027 2079 devorasset,
1064 2041 1193 2078 neque
1224 2025 1303 2063 ulla
1335 2019 1531 2071 aequitate

205 2117 390 2160 orationis
431 2125 560 2163 neque
599 2105 829 2148 auctoritate
869 2102 926 2139 M.
969 2093 1148 2136 Marcelli
1187 2094 1410 2129 commotus
1451 2090 1532 2128 est3
1554 2094 1592 2125 30

251 2233 269 2252 2
294 2226 323 2254 ὃ,
343 2229 421 2250 corr.
443 2215 508 2251 isti,
523 2220 548 2255 p
662 2222 681 2248 4
706 2209 788 2239 vidit
803 2212 825 2246 p
936 2203 957 2233 6
981 2200 1060 2231 dicit
1072 2203 1117 2238 pq
1134 2207 1140 2226 t
1165 2194 1246 2225 dicit
1263 2192 1293 2223 ei
1310 2190 1364 2231 q'2r
1380 2187 1444 2219 rell.
1463 2184 1532 2216 edd.

209 2276 225 2304 7
253 2264 334 2304 ipsis
351 2273 371 2291 π
472 2260 491 2289 8
516 2256 598 2288 nihil
612 2254 674 2295 pb&
689 2265 694 2283 z
721 2261 788 2282 non
806 2246 906 2289 qedd.
1010 2252 1046 2281 17
1071 2237 1216 2271 ‹leberii›
1231 2247 1237 2266 ε
1263 2235 1421 2271 deberep
1439 2230 1533 2269 (corr.

209 2309 230 2347 i,
250 2311 285 2337 ut
309 2303 446 2341 videlur)
465 2311 504 2342 qr
602 2308 641 2337 23
667 2296 703 2326 P.
733 2293 822 2324 Titio
852 2295 889 2321 ut
920 2287 1058 2326 Vinft'a,
1094 2286 1108 2321 ξ
1138 2291 1222 2320 137;
1261 2279 1298 2319 tf.
1329 2279 1344 2314 ξ
1377 2283 1459 2313 139:
1497 2271 1533 2301 P.

210 2350 323 2381 Tettio
344 2353 410 2388 pq:
441 2345 477 2375 P.
497 2343 596 2374 tertio
615 2352 649 2370 ν·,
675 2338 799 2370 Potitio
818 2337 833 2365 δ
