1600 2704
543 413 971 466 PRAEFATIO

143 529 208 565 EN
225 529 307 576 tibi,
330 532 462 580 lector,
485 546 585 584 opus
606 538 716 585 quod
736 551 803 576 sex
818 548 909 579 ante
929 542 1042 581 annis
1064 552 1211 585 temere
1230 561 1277 587 ac
1292 562 1419 598 paene

83 591 216 630 dicam
246 593 508 636 inconsultius
541 598 773 640 incohatum
806 604 984 652 plurimis
1018 608 1217 649 districtus
1252 626 1419 666 occupa-

84 655 258 696 tionibus
297 659 358 697 vix
407 663 568 701 tandem
617 666 781 704 confeci.
861 670 1046 721 Namque
1090 687 1113 711 a
1159 676 1416 719 Curatoribus

83 721 118 757 T
119 724 360 772 ypographei
393 726 702 768 Clarendoniani
738 730 922 773 invitatus
953 743 995 774 ut
1026 738 1208 779 Verrinas
1243 744 1413 792 ederem,

83 784 179 823 nihil
226 788 436 836 prohibere
475 792 659 842 opinatus
708 809 796 834 sum
844 800 1057 848 quominus
1106 804 1256 845 usitatis
1294 810 1414 849 fretus

79 849 318 890 adiumentis
357 862 396 892 et
435 856 605 896 rationes
645 868 803 899 secutus
842 864 1050 904 tralaticias
1090 877 1239 909 textum
1274 873 1412 912 harum

78 915 303 955 orationum
343 919 442 958 intra
482 922 599 961 breve
643 931 799 975 tempus
845 942 1048 970 recensere
1090 947 1261 983 possem.
1333 941 1412 978 Sed

77 981 281 1028 quaerenti
311 985 362 1022 ad
391 984 547 1024 initium
576 1001 671 1026 num
697 990 793 1039 quid
822 993 978 1032 deesset
1007 998 1058 1035 ad
1086 999 1266 1039 notitiam
1298 1003 1411 1042 libro-

77 1057 162 1081 rum
195 1058 315 1084 manu
347 1048 581 1098 scriptorum
616 1054 931 1095 confirmandam
961 1068 999 1097 et
1030 1061 1288 1114 dilatandam,
1319 1081 1411 1107 con-

76 1107 160 1157 tigit
189 1109 285 1147 mihi
315 1113 447 1151 adhuc
477 1115 589 1163 quasi
618 1116 659 1154 in
690 1117 828 1158 limine
857 1123 986 1172 operis
1018 1127 1200 1166 codicem
1226 1131 1408 1182 detegere

73 1179 111 1209 et
130 1175 173 1210 ‘e
193 1175 356 1213 carceris
378 1177 438 1214 sui
459 1180 576 1229 longa
596 1190 714 1221 nocte
735 1197 870 1224 eruere
887 1188 895 1204 '
915 1201 996 1238 quo
1017 1199 1173 1231 constat
1194 1194 1290 1233 nihil
1311 1198 1408 1235 anti—

71 1238 187 1287 quius
216 1253 239 1278 a
266 1243 386 1280 Tullii
416 1245 538 1283 nostri
569 1248 788 1288 fautoribus
816 1251 890 1290 hac
919 1261 1048 1293 aetate
1078 1270 1164 1296 esse
1194 1269 1403 1310 repertum.

72 1304 104 1340 E
126 1317 206 1354 quo
227 1314 360 1345 tamen
381 1310 492 1358 quasi
520 1314 655 1365 ἑρμαίῳ
683 1315 846 1354 obortae
873 1327 963 1356 sunt
985 1323 1131 1360 multae
1152 1326 1404 1373 quaestiones

67 1375 106 1406 et
122 1370 369 1418 problemata
383 1388 483 1423 quae
500 1377 606 1416 haud
621 1379 703 1417 scio
716 1393 766 1418 an
783 1395 834 1420 ne
848 1396 955 1422 nunc
969 1386 1131 1434 quidem
1147 1391 1311 1430 omnino
1326 1393 1402 1432 sint

67 1434 221 1472 soluta:
252 1443 290 1474 et
320 1439 429 1486 quod
457 1452 557 1490 opus
582 1441 622 1480 in
648 1453 834 1494 promptu
862 1447 1069 1488 videbatur
1097 1460 1216 1503 atque
1247 1458 1402 1506 expedi-

66 1504 150 1534 tum
174 1497 274 1537 intra
304 1513 451 1550 paucos
477 1512 629 1544 tantum
658 1521 814 1548 menses
840 1511 1054 1562 absolvere,
1082 1515 1122 1554 id
1151 1520 1275 1558 multo
1303 1522 1399 1560 mihi

66 1560 212 1600 maiore
260 1566 435 1605 constitit
475 1571 663 1620 temporis
702 1580 740 1610 et
780 1574 923 1613 laboris
963 1577 1183 1629 dispendio.
1264 1585 1398 1626 Liceat

64 1624 231 1665 breviter
255 1627 294 1665 in
322 1631 396 1669 hac
424 1635 665 1682 praefatione
690 1651 771 1675 rem
794 1647 917 1678 totam
939 1641 992 1680 ita
1012 1656 1208 1694 exponere
1236 1658 1277 1688 ut
1305 1665 1397 1692 una-

59 1702 218 1741 quaque
253 1692 292 1731 in
328 1708 367 1733 re
402 1697 587 1737 lectorem
622 1702 673 1739 ad
709 1701 863 1742 libellos
898 1719 998 1756 quos
1033 1723 1158 1759 nuper
1197 1716 1393 1763 publicavi

62 1753 248 1794 reiciam.¹

114 1821 200 1858 Iam
221 1822 314 1861 inde
334 1825 386 1863 ab
406 1825 451 1864 iis
473 1829 716 1879 temporibus
738 1832 883 1882 quibus
903 1837 1125 1886 Epistolam
1152 1845 1321 1884 criticam
1341 1851 1397 1886 ad

61 1885 251 1924 Orellium
280 1889 434 1939 scripsit
470 1893 694 1944 Madvigius
730 1896 872 1949 (1828)
908 1900 1008 1940 inter
1042 1917 1180 1945 omnes
1215 1913 1390 1952 constitit

57 1948 309 1989 Verrinarum
343 1953 463 1994 libros
501 1958 614 1997 MSS.
649 1959 687 1997 in
723 1962 821 2000 duas
859 1966 1069 2016 praecipue
1104 1972 1269 2012 familias
1304 1990 1389 2016 esse

55 2013 302 2064 redigendos,
337 2032 503 2069 quarum
532 2025 652 2063 altera
683 2027 758 2077 (X)
790 2029 942 2069 Gallica
971 2042 1028 2071 est
1057 2038 1262 2087 appellata,
1296 2042 1387 2091 quia

98 2101 109 2118 ¹
131 2102 300 2135 Anecdotcz
319 2106 532 2148 Oxom'enst'a,
558 2110 610 2142 Pt.
634 2113 668 2142 ix
692 2112 822 2153 (1901),
842 2119 849 2132 ²
864 2117 1051 2151 Collations
1074 2122 1159 2154 from
1185 2126 1242 2156 the
1267 2126 1385 2158 Codex

51 2143 287 2178 cluniacensis
308 2160 334 2180 s.
355 2149 605 2185 Holkhamicus
618 2153 646 2194 '3
676 2155 740 2186 The
759 2157 917 2191 Classical
929 2161 1058 2194 Review
1076 2167 1202 2205 (1902‘u,
1222 2171 1288 2202 vol.
1314 2173 1382 2211 xvi,

51 2196 106 2225 pp.
132 2193 308 2228 401—406:
340 2192 456 2233 (1903)
484 2197 548 2227 vol.
575 2198 655 2236 xvii,
688 2209 741 2238 pp.
773 2203 934 2243 162<164,
966 2207 1057 2238 ‘The
1083 2210 1182 2241 Cluni
1207 2212 1326 2244 Codex
1349 2216 1388 2246 of

50 2229 171 2261 Cicero
182 2231 189 2242 '
203 2242 211 2269 3
243 2234 307 2264 lee
317 2236 469 2273 Journal
482 2240 699 2282 ofPlzt'lology
715 2243 843 2286 (1906),
862 2249 926 2279 vol.
942 2260 1023 2289 xxx,
1038 2262 1093 2291 pp.
1114 2257 1272 2294 161-207,
1295 2258 1382 2289 ‘The

51 2272 148 2305 MSS.
164 2276 203 2306 of
213 2277 270 2308 the
283 2277 445 2312 Veri-ines
458 2280 466 2293 ’
480 2293 487 2320 3
519 2283 582 2315 The
594 2285 774 2316 American
783 2289 1158 2337 JournalcffPln'lology
1170 2301 1299 2340 (1905),
1313 2302 1379 2333 vol.

50 2317 138 2356 xxvi,
156 2328 212 2358 pp.
226 2324 387 2361 409—436,
410 2325 418 2341 ‘
430 2325 501 2356 The
513 2326 654 2359 Vatican
672 2329 792 2361 Codex
809 2334 848 2364 os
859 2334 1008 2368 Cicero's
1025 2339 1211 2373 Verrines’
1228 2355 1235 2381 ;
1261 2344 1378 2384 (1907)

46 2359 110 2390 vol.
130 2363 247 2403 xxviii,
266 2375 322 2404 pp.
339 2375 500 2408 125-152,
514 2370 787 2412 ‘Transposition
801 2376 961 2410 variants
978 2381 1010 2412 in
1029 2382 1181 2416 Cicero's
1192 2386 1381 2419 νει-Υἱῆες]

688 2428 727 2466 iii
1203 2453 1225 2478 a
1249 2455 1268 2478 2
