1600 2704
82 117 351 157 ACT10N1s
374 118 433 156 IN
457 116 501 158 C.
520 112 763 155 VERREM
785 117 1085 156 SECVNDAE
1107 118 1210 156 ΜΒ.
1231 119 1296 156 111
1365 119 1411 156 16
1431 133 1472 165 40
1498 84 1503 87 ”
1542 85 1550 94 ”

108 236 111 237 ’
139 229 336 278 ‘Magno‚'
367 228 505 279 inquit,
542 230 756 268 ‘decumas
787 228 974 267 vendidi.⁷
1032 228 1141 276 Quid
1170 228 1257 267 ais?
1288 243 1338 267 an
1369 238 1410 267 tu

79 295 279 340 decumas,
302 295 424 332 homo
444 292 705 332 audacissime
725 301 844 343 atque
867 292 1148 339 amentissime,
1170 293 1413 332 vendidisti?

79 360 142 397 Tu
163 358 282 409 partis
309 371 374 397 eas
401 371 498 408 quas
519 366 558 396 te
583 366 741 397 senatus
771 359 1022 408 populusque
1048 359 1255 397 Romanus
1276 358 1410 405 voluit,

79 436 129 461 an
157 424 306 461 fructus
327 422 500 472 integros
529 430 648 472 atque
674 423 776 461 adeo
798 423 904 461 bona
928 424 1185 473 fortunasque
1214 431 1410 462 aratorum

43 502 59 532 5
79 487 208 526 omnis
229 486 471 526 vendidisti?
527 486 567 526 Si
594 488 723 537 palam
749 500 892 538 praeco
922 487 1029 526 iussu
1056 495 1125 526 tuo
1149 488 1411 538 praedicasset

79 566 160 591 non
192 553 380 591 decumas
411 551 596 590 frumenti
636 553 706 591 sed
740 551 925 591 dimidias
960 551 1092 591 venire
1126 552 1255 603 parti5‚
1288 562 1326 592 et
1362 553 1413 591 ita

78 623 275 666 emptores
306 615 565 655 accessissent
600 624 643 654 ut
676 617 728 655 ad
762 616 947 655 dimidias
986 617 1105 667 partis
1143 618 1343 663 emendas,
1382 617 1410 654 si

78 681 198 732 pluris
218 680 464 720 vendidisses
485 689 526 719 tu
547 680 732 720 dimidias
752 694 871 731 quarn
893 681 1010 720 ceteri
1032 683 1231 728 decumas,
1254 682 1410 720 cuinam

79 746 220 784 mirum
241 746 467 785 videretur?
510 746 644 794 Quid?
665 746 696 785 si
712 760 855 797 praeco
871 748 1059 785 decumas
1076 747 1354 797 pronuntiavit,
1373 761 1413 785 re

23 823 61 846 10
78 813 314 858 vera,——hoc
345 820 402 850 est
430 814 525 862 lege,
554 812 695 858 edicto,
723 812 1117 863 condicione,-plus
1144 812 1262 851 etiam
1293 826 1410 862 quam

76 876 266 916 dimidiae
296 877 512 924 venierunt,
540 887 672 916 tamen
700 879 777 917 hoc
806 877 876 916 tibi
909 879 1149 928 praeclarum
1179 878 1348 928 putabis,
1375 886 1413 916 te

78 941 198 991 pluris
219 943 328 991 quod
345 955 425 980 non
446 941 589 980 licebat
610 955 729 992 quarn
751 950 901 980 ceteros
923 944 1031 992 quod
1053 943 1260 992 oportebat
1280 942 1414 981 vendi-

77 1005 213 1045 disse?
270 1006 396 1045 Pluris
428 1008 616 1045 decumas
655 1006 867 1046 vendidisti
907 1020 1027 1056 quam
1066 1006 1196 1045 ceteri.
1256 1007 1413 1055 Quibus
1434 1016 1472 1047 4¹

78 1072 195 1109 rebus
216 1070 257 1110 id
273 1072 484 1110 adsecutus
505 1072 569 1109 es?
601 1070 852 1109 innocentia?
899 1071 1046 1120 Aspice
1061 1072 1202 1110 aedem
1220 1071 1395 1110 Castoris
1404 1086 1414 1118 3

22 1148 58 1182 15
77 1135 235 1182 deinde,
266 1136 297 1174 si
323 1137 457 1184 audes,
490 1137 550 1174 fac
578 1135 821 1174 mentionem
848 1135 1109 1174 innocentiae.
1171 1135 1415 1185 Diligentia?

78 1201 241 1241 Codicis
290 1200 422 1239 lituras
471 1200 523 1238 tui
575 1202 842 1251 contemplare
891 1200 930 1238 in
979 1200 1117 1239 Stheni
1165 1201 1410 1239 Thermitani

78 1265 268 1311 nomine;
314 1265 460 1304 deinde
499 1266 602 1304 aude
645 1273 684 1304 te
726 1264 857 1304 dicere
901 1265 1140 1315 diligentem.
1216 1265 1413 1314 Ingenio?

79 1331 160 1379 Qui
189 1330 298 1369 testis
328 1330 565 1380 interrogare
595 1329 722 1379 priore
746 1329 902 1368 actione
932 1329 1103 1368 nolueris
1134 1338 1171 1368 et
1201 1329 1247 1368 iis
1272 1329 1412 1368 tacitus

78 1409 123 1434 os
144 1402 256 1434 tuum
283 1395 470 1446 praebere
496 1395 689 1441 malueris,
713 1394 892 1444 quamvis
917 1403 953 1434 et
980 1402 1016 1433 te
1044 1404 1081 1433 ct
1108 1402 1296 1445 patronos
1324 1403 1412 1433 tuos

23 1475 62 1498 20
79 1461 304 1511 ingeniosos
344 1474 429 1499 esse
469 1460 602 1499 dicito.
663 1462 796 1509 Quare
836 1460 950 1510 igitur
985 1460 1023 1498 id
1060 1461 1169 1509 quod
1203 1459 1260 1498 ais
1301 1461 1412 1498 adse-

79 1533 192 1564 cutus
226 1528 297 1564 es?
356 1527 502 1575 Magna
537 1533 594 1563 est
630 1526 714 1563 laus
749 1524 778 1563 si
820 1524 1038 1574 superiores
1073 1524 1240 1563 consilio
1274 1523 1414 1570 vicisti,

79 1590 358 1641 posterioribus
381 1592 606 1640 exemplum
626 1598 746 1639 atque
766 1589 1039 1628 auctoritatem
1062 1589 1262 1639 reliquisti.
1321 1588 1413 1627 Tibi

79 1658 240 1695 fortasse
265 1656 433 1695 idoneus
455 1656 525 1694 fuit
556 1669 676 1694 nemo
706 1668 825 1705 quem
856 1655 1074 1702 imitarere3
1103 1663 1142 1693 at
1172 1663 1210 1694 te
1231 1654 1413 1693 videlicet

79 1721 323 1760 inventorem
362 1735 490 1760 rerum
529 1721 766 1771 optimarum
808 1734 854 1758 ac
894 1720 1111 1770 principem
1152 1719 1411 1758 imitabuntur

22 1803 61 1835 25
80 1799 228 1825 omnes.
302 1785 402 1835 Quis
441 1795 568 1824 arator
601 1793 639 1824 te
678 1792 856 1834 praetore
895 1786 1106 1823 decumam
1145 1784 1286 1824 dedit?
1323 1784 1410 1833 quis
1431 1802 1469 1831 42

79 1852 207 1889 duas?
235 1850 323 1900 quis
344 1864 425 1889 non
450 1850 622 1889 maximo
643 1863 684 1888 se
704 1851 905 1888 adfectum
933 1849 1127 1888 beneficio
1148 1849 1298 1900 putavit
1319 1862 1409 1887 cum

78 1916 201 1954 tribus
231 1916 409 1954 decumis
440 1929 510 1965 pro
544 1929 622 1954 una
657 1917 944 1965 defungeretur,
979 1923 1130 1965 praeter
1164 1928 1312 1964 paucos
1344 1914 1410 1963 qui

77 1989 236 2030 propter
256 1980 485 2019 societatem
502 1982 693 2018 furtorum
710 1989 867 2018 tuorum
889 1980 984 2017 nihil
1003 1980 1168 2018 omnino
1188 1981 1414 2017 dederunt?

77 2045 181 2084 Vide
202 2045 302 2083 inter
322 2045 660 2094 importunitatem
686 2054 793 2083 tuam
816 2053 1054 2094 senatusque
1077 2044 1294 2083 bonitatem
1316 2044 1412 2094 quid

124 2161 137 2180 1
164 2152 214 2182 ais
231 2162 298 2182 0111.
318 2150 349 2180 Ο
436 2160 458 2189 9
482 2149 572 2188 Quid
592 2150 620 2180 si
642 2149 722 2180 VO:
748 2149 838 2188 Quid
856 2159 935 2180 vero
953 2149 1017 2188 sip
1033 2148 1103 2180 edd.
1192 2159 1226 2178 11
1253 2153 1411 2179 tamenne

79 2194 174 2226 malit
190 2194 301 2225 Muell.
325 2194 358 2231 (ξ
377 2203 419 2232 49
435 2193 538 2233 infra)
634 2203 672 2232 13
697 2193 825 2224 decum.
847 2193 946 2223 vend.
965 2192 1013 2222 cO
1032 2192 1142 2232 [prob.
1163 2191 1259 2231 Ziel.)
1279 2204 1286 2223 2
1309 2192 1407 2222 vend.

79 2238 206 2269 decum.
232 2238 279 2278 Vp
297 2237 363 2268 rell.
514 2246 550 2275 17
577 2238 688 2267 dicere
704 2237 792 2267 aude
809 2242 843 2267 te
865 2236 896 2266 V
1040 2237 1078 2267 18
1102 2236 1310 2273 interrogare
1331 2235 1409 2266 VO:

80 2282 179 2321 -arip
196 2281 258 2312 rell.
366 2280 486 2311 tacitus
507 2280 583 2311 l'cO
600 2291 607 2310 ι
632 2280 768 2311 taciturn
788 2280 853 2310 rell.
875 2280 924 2320 (et
942 2280 982 2310 iis
1000 2304 1006 2310 .
1028 2304 1034 2310 .
1056 2304 1062 2310 .
1087 2305 1093 2311 .
1112 2279 1271 2310 malueris
1288 2289 1354 2308 om.
1375 2291 1403 2316 π,

80 2335 117 2355 21
145 2331 197 2355 est
219 2326 288 2355 laus
310 2324 358 2355 V:
385 2324 473 2354 enim
498 2329 549 2354 est
572 2324 682 2364 lausp
703 2335 710 2356 ε
734 2325 822 2354 enim
846 2323 918 2354 laus
941 2328 992 2353 est
1010 2333 1048 2363 qr
1210 2324 1252 2353 28
1276 2327 1407 2353 tuorum

79 2379 145 2400 om.
169 2368 198 2398 V
