1600 2704
86 98 355 138 ACTIONIS
385 98 446 136 IN
478 98 523 137 C.
545 98 788 136 VERREM
820 98 1118 138 SECVNDAE
1152 100 1256 137 LIB.
1279 102 1315 136 V
1362 110 1418 148 29
1441 112 1480 146 75

83 211 209 248 securi
239 210 370 248 statim
399 210 603 260 percussis,
634 208 727 259 ipsis
756 208 889 258 piratis
918 210 1015 247 lucis
1046 222 1202 247 usuram
1235 218 1314 249 tam
1335 213 1417 250 diu-

84 283 239 313 turnam
269 274 445 313 dedisti?
499 275 648 313 Verum
678 280 774 321 esto,
805 274 853 312 sit
883 273 954 312 tibi
984 275 1080 313 illud
1105 274 1271 313 liberum
1298 289 1416 315 omne
1441 280 1479 321 76

83 348 240 390 tempus
260 340 393 389 quoad
409 351 500 378 cum
516 338 681 389 imperio
697 338 802 377 fuisti
822 354 845 386 :-
861 338 1032 378 etiamne
1048 338 1231 389 privatus,
1247 341 1417 380 etiamne

82 417 182 451 reus,
221 403 392 443 etiamne
426 416 551 453 paene
584 404 794 441 damnatus
833 403 1006 443 hostium
1043 405 1165 442 duces
1198 404 1346 454 privata
1378 407 1417 443 in

44 485 62 515 5
81 470 205 508 domo
234 467 456 507 retinuisti?
512 469 658 516 Vnum,
691 470 856 507 alterum
893 481 1083 516 mensem,
1117 482 1239 519 prope
1267 483 1415 508 annum

81 533 254 582 denique
274 531 384 571 domi
411 539 502 571 tuae
522 534 669 582 piratae
690 546 713 571 a
735 546 814 583 quo
836 540 1013 584 tempore
1040 533 1143 584 capti
1165 542 1266 581 sunt,
1284 536 1416 584 quoad

80 610 150 648 per
169 610 234 636 me
253 596 404 635 licitum
426 604 494 645 est,
518 598 686 645 fuerunt,
711 599 787 635 hoc
816 605 873 637 est
895 599 1027 648 quoad
1058 611 1126 648 per
1147 600 1216 637 M'.
1240 599 1416 638 Glabrio-

79 675 172 702 nem
193 661 343 701 licitum
357 669 426 710 est,
441 661 508 713 qui
522 663 746 712 postulante
761 675 823 701 me
839 663 1004 713 produci
1027 672 1145 714 atque
1162 664 1201 702 in
1218 677 1414 704 carcerem

79 727 199 767 condi
228 727 444 778 imperavit.
503 729 625 777 Quod
655 735 712 767 est
741 728 905 767 huiusce
934 730 987 767 rei
1018 729 1087 776 ius,
1121 742 1221 779 quae
1251 743 1414 769 consue·
1434 743 1488 781 30

19 808 60 831 10
78 793 188 840 tudo,
210 794 319 843 quod
339 794 593 843 exemplum?
650 794 821 832 Hostem
848 793 1080 832 acerrimum
1107 802 1226 843 atque
1250 794 1415 833 infestis·

79 859 223 896 simum
270 858 407 910 populi
448 858 619 897 Romani
658 872 727 897 seu
775 860 905 908 potius
954 872 1209 898 communem
1257 861 1413 898 hostem

75 924 254 973 gentium
271 923 557 974 nationumque
573 924 751 963 omnium
768 924 976 974 quisquam
992 924 1171 963 omnium
1188 925 1413 963 mortalium

77 989 250 1039 privatus
280 989 381 1028 intra
409 988 566 1028 moenia
594 988 703 1028 domi
733 1001 827 1027 suae
856 988 1022 1028 retinere
1046 988 1216 1039 poterit?
1275 989 1414 1038 Quid?
1437 999 1475 1034 77

78 1053 109 1091 si
129 1053 256 1104 pridie
276 1067 395 1104 quam
415 1066 438 1092 a
457 1066 521 1093 me
541 1060 583 1092 tu
605 1061 766 1093 coactus
786 1066 827 1092 es
848 1053 1024 1092 confiteri
1046 1053 1196 1092 civibus
1219 1054 1411 1092 Romanis

19 1132 56 1164 15
76 1119 203 1157 securi
233 1120 428 1170 percussis
458 1119 701 1169 praedonum
738 1119 882 1157 ducem
918 1118 1057 1166 vivere,
1093 1119 1270 1158 habitare
1305 1121 1411 1170 apud

76 1185 228 1232 te‚—-si,
262 1184 436 1234 inquam,
473 1184 597 1234 pridie
631 1185 753 1223 domo
785 1191 851 1222 tua
891 1184 1136 1234 profugisset,
1170 1184 1200 1222 si
1239 1185 1411 1235 aliquam

76 1261 238 1288 manum
259 1256 397 1288 contra
416 1261 498 1287 rem
520 1248 718 1299 publicam
742 1250 868 1288 facere
891 1248 1093 1299 potuisset,
1115 1248 1211 1298 quid
1233 1249 1413 1288 diceres?

75 1315 223 1364 ‘Apud
253 1327 317 1353 me
346 1313 547 1361 habitavit,
579 1327 734 1352 mecum
765 1313 837 1352 fuit
854 1329 864 1362 3
896 1327 968 1364 ego
999 1314 1108 1352 illurn
1138 1315 1189 1352 ad
1220 1313 1410 1352 iudicium

75 1392 221 1427 meum,
261 1391 342 1429 quo
380 1378 531 1417 facilius
568 1378 717 1417 crimen
762 1378 1011 1417 inimicorum
1052 1379 1200 1417 diluere
1240 1391 1409 1428 possem,

15 1460 56 1483 20
74 1446 207 1485 vivum
239 1452 358 1495 atque
395 1445 635 1484 incolumem
668 1443 883 1482 reservavi.’
942 1444 1055 1481 Itane
1093 1444 1216 1481 vero?
1263 1451 1304 1480 tu
1344 1450 1409 1481 tua

74 1512 247 1563 pericula
285 1509 490 1549 communi
529 1508 703 1559 periculo
742 1508 962 1546 defendes?
1009 1515 1050 1546 tu
1086 1507 1276 1557 supplicia
1309 1520 1410 1558 quae

72 1579 269 1617 debentur
309 1576 490 1616 hostibus
528 1575 638 1614 victis
677 1575 727 1613 ad
766 1581 890 1621 tuum,
929 1586 1011 1612 non
1050 1574 1100 1612 ad
1139 1572 1192 1611 rei
1227 1573 1409 1623 publicae

73 1652 229 1694 tempus
269 1645 479 1683 conferes?
515 1640 652 1692 populi
693 1639 864 1677 Romani
905 1637 1028 1676 hostis
1067 1636 1205 1687 privati
1236 1637 1408 1676 hominis

73 1709 263 1749 custodiis
300 1707 598 1748 adservabitur?
653 1707 706 1743 At
745 1703 862 1743 etiam
901 1704 968 1753 qui
1006 1702 1249 1751 triumphant
1280 1715 1408 1753 eoque

14 1781 54 1815 25
73 1773 220 1813 diutius
240 1773 348 1813 vivos
369 1772 542 1812 hostium
563 1772 685 1810 duces
705 1775 911 1815 reservant,
933 1775 975 1806 ut
996 1766 1056 1804 his
1076 1779 1144 1816 per
1164 1766 1407 1817 triumphum

72 1838 202 1879 ductis
249 1837 555 1889 pulcherrimum
604 1835 873 1885 spectaculum
923 1834 1173 1881 fructumque
1221 1832 1406 1872 victoriae

70 1905 241 1954 populus
272 1905 478 1942 Romanus
499 1899 698 1951 percipere
724 1898 859 1948 possit,
880 1905 1013 1936 tamen
1050 1910 1141 1935 cum
1171 1898 1221 1935 de
1251 1898 1335 1936 foro
1366 1898 1404 1935 in

71 1969 311 2021 Capitolium
333 1980 467 2007 currus
495 1966 652 2005 flectere
681 1962 875 2013 incipiunt
905 1963 991 2000 illos
1024 1961 1115 2001 duci
1146 1960 1186 1998 in
1209 1973 1404 2000 carcerem

69 2035 219 2082 iubent,
251 2034 438 2083 idemque
475 2032 560 2070 dies
599 2036 637 2068 et
671 2027 883 2067 victoribus
915 2027 1052 2077 imperi
1086 2033 1123 2064 et
1159 2025 1270 2064 victis
1302 2027 1403 2065 vitae

9 2108 51 2142 30
70 2099 190 2139 finem
210 2098 313 2137 facit.

113 2213 132 2234 2
156 2203 211 2234 siti
227 2202 281 2233 R:
306 2202 334 2233 si
351 2200 409 2232 tibi
427 2198 491 2232 SD
666 2208 686 2238 3
711 2197 821 2237 quoad
838 2195 902 2227 RS
918 2208 924 2226 :
952 2196 1041 2236 quod
1060 2196 1076 2225 δ
1254 2197 1275 2226 6
1299 2206 1317 2226 a
1335 2205 1401 2235 quo

69 2251 223 2286 tempore
241 2247 329 2287 capti
346 2250 426 2277 sunt
442 2243 549 2276 Richt.
567 2247 696 2274 auctore
711 2241 770 2273 del.
790 2239 950 2272 Zielinski
1051 2281 1056 2287 ι
1077 2249 1093 2287 ’χ
1118 2238 1264 2270 Acilium
1284 2239 1360 2270 add.
1385 2240 1400 2269 δ

73 2299 111 2320 12
134 2290 309 2329 quisquam
327 2289 475 2320 omnium
487 2287 533 2328 pk
549 2297 555 2317 :
582 2297 647 2317 om.
667 2284 761 2316 st
888 2294 925 2322 14
951 2283 1117 2323 postridie
1134 2281 1227 2314 st
1362 2291 1399 2320 17

68 2338 184 2364 contra
201 2333 360 2373 populum
378 2340 552 2362 romanum
565 2331 608 2370 pb
