1600 2704
109 103 163 149 67
185 115 248 148 ¹50
281 102 337 138 M.
355 101 512 139 TVLL.
529 100 634 140 CIC.
652 102 772 140 ACT.
794 102 853 139 IN
877 102 920 140 C.
938 101 1179 138 VERREM
1201 100 1310 140 SEC.
1331 102 1434 139 LIB.
1456 102 1513 139 IV

180 209 289 260 quod
310 209 459 259 populo
482 208 666 246 Romano
689 206 868 253 mitteret,
889 206 1003 245 sicuti
1024 206 1271 257 superiores?
1300 207 1512 258 negabunt.

180 273 289 322 Quid
311 272 478 311 militum
499 280 565 310 aut
587 279 793 310 nautarum
811 285 879 322 per
893 271 1103 310 triennium
1119 271 1332 310 dederint?
1361 273 1512 310 nullum

178 339 315 378 datum
337 337 482 377 dicent.
543 337 678 376 Fuisse
711 338 941 375 Messanam
973 335 1151 375 omnium
1181 335 1291 374 istius
1322 337 1512 375 furtorum

176 416 223 442 ac
245 403 479 453 praedarum
511 401 766 452 receptricem
798 414 940 452 negare
967 414 1048 440 non
1079 408 1291 452 poterunt3
1320 404 1513 452 permulta

178 467 310 506 multis
332 466 497 505 navibus
526 466 632 505 illinc
662 473 874 516 exportata,
897 468 1000 506 hanc
1026 480 1166 506 navem
1194 466 1368 516 denique
1397 467 1512 505 maxi·
1531 481 1548 512 5

177 546 283 571 marn
315 545 338 570 a
372 531 620 570 Mamertinis
656 532 788 569 datam
830 539 1014 570 onustam
1054 544 1144 570 curn
1185 531 1260 570 isto
1295 533 1510 582 profectam

175 597 413 635 fatebuntur.

231 662 363 710 Quam
385 661 439 698 ob
460 673 542 699 rem
565 659 635 698 tibi
658 660 760 699 habe
789 673 883 699 sane
904 660 1018 699 istam
1043 660 1312 700 laudationem
1341 663 1510 700 Mamer-

174 725 374 773 tinorum3
403 726 684 775 Syracusanam
715 724 878 775 quidem
908 724 1106 764 civitatem
1128 732 1171 764 ut
1197 726 1267 764 abs
1289 734 1327 764 te
1353 727 1508 765 adfecta
1588 723 1592 788 Ξ

173 798 232 829 est
268 790 320 829 ita
355 790 394 828 in
431 798 469 829 te
504 803 588 829 esse
627 790 841 828 animatam
879 790 1070 837 videmus,
1111 792 1217 841 apud
1256 804 1353 841 quos
1389 792 1506 830 etiam
1532 798 1591 828 ποι

173 855 311 894 Verria
342 855 407 894 illa
442 854 634 906 flagitiosa
667 855 821 894 sublata
860 862 961 894 sunt.
1022 855 1181 894 Etenim
1220 855 1383 895 minime
1417 869 1507 896 con-

172 921 357 960 veniebat
387 920 421 960 ei
451 923 616 960 deorum
646 922 816 959 honores
846 919 980 959 haberi
1011 920 1078 970 qui
1107 920 1313 959 simulacra
1342 922 1506 960 deorum

172 986 409 1024 abstulisset.
488 985 618 1024 Etiam
658 987 816 1024 hercule
863 985 959 1024 illud
999 984 1038 1023 in
1078 985 1328 1034 Syracusanis
1368 986 1506 1025 merito

172 1052 532 1101 reprehenderetur,
571 1050 612 1098 si,
650 1063 740 1088 cum
772 1050 878 1089 diem
913 1051 1055 1089 festum
1094 1051 1277 1089 ludorum
1315 1052 1366 1090 de
1397 1051 1504 1090 fastis

172 1115 252 1154 suis
282 1115 529 1153 sustulissent
564 1114 863 1154 celeberrimum
902 1122 941 1153 et
973 1114 1274 1163 sanctissimum⁷
1312 1117 1421 1166 quod
1455 1129 1503 1154 eo
1527 1133 1564 1165 15

171 1180 259 1230 ipso
288 1180 353 1219 die
383 1181 596 1229 Syracusae
624 1193 647 1217 a
678 1181 868 1218 Marcello
898 1187 1035 1230 captae
1065 1193 1150 1219 esse
1179 1180 1372 1228 dicuntur,
1397 1178 1522 1220 idem'

171 1244 278 1284 diem
300 1246 443 1283 festum
464 1244 594 1283 Verris
616 1243 777 1283 nomine
804 1252 973 1294 agerent,
997 1258 1087 1283 cum
1118 1245 1189 1284 iste
1209 1259 1231 1284 a
1253 1246 1504 1296 Syracusanis

171 1322 273 1359 quae
298 1309 362 1348 ille
387 1308 639 1347 calamitosus
667 1308 751 1349 dies
782 1309 990 1360 reliquerat
1013 1310 1236 1349 ademisset.
1297 1313 1349 1349 At
1374 1311 1504 1350 videte
1577 1305 1582 1367 ξ

170 1374 343 1413 hominis
368 1373 656 1424 impudentiam
684 1381 804 1424 atque
833 1374 1115 1425 adrogantiam,
1142 1375 1306 1423 iudices,
1324 1376 1391 1426 qui
1422 1390 1502 1414 non
1576 1370 1581 1440 ἱ

1574 1532 1578 1587 Ξ

1572 1595 1577 1633 ἔ

1594 240 1600 258 .

1593 259 1600 395 Ξ

170 1440 299 1477 solum
330 1438 466 1477 Verria
500 1440 598 1478 haec
629 1438 756 1489 turpia
789 1451 835 1477 ac
865 1438 1029 1478 ridicula
1060 1453 1106 1478 ex
1141 1440 1302 1479 Heracli
1334 1441 1503 1492 pecunia
1524 1455 1563 1477 20

169 1503 427 1551 constituerit,
465 1516 600 1542 verum
636 1503 754 1542 etiam
790 1503 993 1542 Marcellia
1027 1504 1111 1543 tolli
1150 1505 1358 1556 imperarit,
1393 1513 1435 1545 ut
1467 1506 1501 1546 ei

169 1582 277 1608 sacra
315 1570 488 1608 facerent
528 1567 740 1618 quotannis
779 1567 890 1607 cuius
930 1581 1051 1619 opera
1089 1569 1269 1608 omnium
1306 1583 1501 1610 annorum

169 1647 278 1673 sacra
306 1635 483 1684 deosque
513 1633 659 1684 patrios
687 1633 910 1680 amiserant,
942 1633 1026 1672 eius
1055 1642 1187 1673 autern
1217 1634 1387 1674 familiae
1417 1636 1500 1676 dies

167 1700 287 1737 festos
335 1699 516 1737 tollerent
564 1711 632 1748 per
680 1710 798 1748 quarn
847 1705 997 1737 ceteros
1045 1711 1205 1750 quoque
1252 1701 1371 1739 festos
1415 1700 1499 1740 dies

165 1770 449 1813 recuperarant.
1520 1775 1534 1796 2
1541 1774 1559 1806 5
1570 1782 1574 1809 1

208 1874 230 1903 9
252 1864 372 1894 affecta
389 1863 432 1895 sit
444 1866 487 1904 pf>
623 1874 660 1903 13
686 1863 877 1895 mehercule
889 1866 933 1904 pb
1068 1865 1106 1895 18
1131 1866 1324 1897 calamitoso
1342 1866 1414 1898 dies
1431 1878 1437 1897 :
1465 1867 1497 1898 in

165 1907 218 1937 ln's
231 1907 332 1937 verbis
348 1908 398 1938 lzz'c
413 1906 531 1938 desinit
548 1907 581 1938 R
672 1907 855 1948 reliquerat
870 1906 943 1949 Spq
955 1906 998 1939 ccl.
1019 1919 1026 1938 ε
1051 1909 1225 1948 reliquerit
1239 1910 1255 1938 δ
1343 1909 1387 1940 At
1406 1909 1474 1950 Spa
1491 1922 1497 1941 :

164 1960 201 1980 ac
223 1950 264 1991 G3
281 1949 352 1982 edd.
373 1949 464 1991 (Div.
486 1954 501 1988 ς
520 1962 559 1989 44
578 1962 584 1981 :
607 1962 640 1989 v,
662 1953 678 1989 ς
696 1950 733 1991 9)
904 1960 945 1982 22
969 1952 1120 1983 omnium
1144 1961 1306 1984 annorum
1322 1951 1352 1984 S
1366 1957 1395 1983 et
1411 1952 1497 1984 codd.

166 1993 231 2024 rell.
251 2004 258 2023 z
289 1994 400 2025 omnia
417 1994 579 2025 maiorum
593 1994 674 2034 Jeep
