1600 2704
56 102 324 142 ACTIONIS
346 104 407 141 IN
429 104 473 143 C.
497 105 738 142 VERREM
761 102 1059 144 SECVNDAE
1082 108 1185 144 LIB.
1210 107 1269 144 IV
1326 107 1385 144 66
1408 112 1470 152 148

54 214 253 251 desertum
286 213 453 263 putetis!
513 214 700 253 Retinere
734 214 871 266 incipit
905 216 1058 255 tabulas
1089 217 1385 256 Theomnastus

53 278 226 328 quidam,
264 280 386 318 homo
421 279 583 318 ridicule
615 279 786 326 insanus,
829 293 948 330 quem
987 281 1218 330 Syracusani
1257 283 1386 321 Theo-

52 350 202 382 ractum
242 352 411 392 vocant3
459 345 525 394 qui
564 344 642 382 illic
684 344 768 383 eius
812 346 921 384 modi
961 353 1019 384 est
1065 353 1106 384 ut
1145 359 1235 384 eum
1276 347 1383 396 pueri

52 415 259 456 sectentur,
295 416 337 447 ut
371 422 508 447 omnes
540 422 631 448 cum
671 409 778 459 loqui
817 411 947 460 coepit
986 410 1191 449 inrideant.
1253 411 1385 449 Huius

14 487 31 519 5
51 480 184 512 tamen
216 472 377 520 insania,
410 486 511 523 quae
545 473 709 512 ridicula
742 482 800 513 est
830 475 926 522 aliis,
961 475 1057 513 mihi
1096 483 1179 514 tum
1221 476 1385 513 molesta

51 551 145 577 sane
174 539 245 576 fuit
260 553 269 586 3
299 552 391 576 nam
420 551 511 577 cum
542 552 701 589 spumas
730 547 861 589 ageret
889 540 929 578 in
960 553 1037 587 ore,
1066 540 1190 579 oculis
1219 542 1383 586 arderet,

51 616 148 642 voce
175 604 345 642 maxima
365 605 443 642 vim
472 617 534 642 me
562 604 636 642 sibi
666 605 818 644 adferre
845 606 1041 651 clamaret,
1064 604 1237 655 copulati
1265 604 1304 642 in
1326 606 1384 643 ius

50 669 310 719 pervenimus.
382 668 462 707 Hic
501 682 573 719 ego
612 671 810 718 postulare
847 669 960 719 coepi
1007 678 1048 708 ut
1090 670 1186 707 mihi
1232 669 1383 708 tabulas

51 733 258 784 obsignare
293 747 338 773 ac
370 735 576 784 deportare
608 734 742 773 liceret
758 749 768 782 ,·
802 734 866 773 ille
896 742 1034 773 contra
1069 735 1210 781 dicere,
1243 748 1384 785 negare

0 813 32 835 [ο
51 812 136 838 esse
153 799 249 838 illud
271 806 427 838 senatus
449 800 673 838 consultum
696 799 735 837 in
756 812 836 849 quo
857 807 1011 850 praetor
1031 801 1249 849 appellatus
1271 807 1382 846 esset,

50 877 192 913 negare
213 863 252 902 id
274 864 371 902 mihi
392 864 491 902 tradi
512 871 701 914 oportere.
764 866 849 914 Ego
870 866 996 914 legem
1017 866 1189 911 recitare,
1205 864 1382 903 omnium

50 928 145 966 mihi
168 929 388 967 tabularum
411 936 448 966 et
474 928 688 966 litterarum
719 929 801 967 fieri
832 936 1092 979 potestatem3
1122 929 1186 968 ille
1215 929 1383 967 furiosus

49 1006 184 1043 urgere
206 993 303 1031 nihil
329 994 381 1032 ad
408 1007 449 1033 se
480 1001 631 1032 nostras
659 995 763 1044 leges
788 994 992 1044 pertinere.
1053 996 1212 1032 Praetor
1236 994 1384 1032 intelle-

48 1070 144 1108 gens
180 1071 321 1108 negare
353 1058 426 1097 sibi
458 1060 623 1108 placere,
658 1060 768 1108 quod
802 1066 960 1098 senatus
996 1061 1221 1098 consultum
1256 1068 1382 1098 ratum

0 1139 30 1170 [5
50 1136 135 1161 esse
156 1137 236 1161 non
268 1123 441 1170 deberet,
464 1123 504 1162 id
534 1137 597 1161 me
626 1125 798 1162 Romam
821 1125 1038 1175 deportare.
1100 1125 1210 1173 Quid
1232 1126 1384 1163 multa?

49 1187 122 1226 nisi
140 1189 412 1227 vehementius
427 1188 578 1227 homini
593 1190 763 1227 minatus
778 1203 916 1237 essem,
934 1189 1008 1229 nisi
1022 1191 1116 1240 legis
1137 1191 1383 1230 sanctionem

48 1265 300 1303 poenamque
330 1253 565 1300 recitassem,
589 1254 810 1292 tabularum
842 1254 938 1293 mihi
968 1262 1141 1305 potestas
1171 1257 1273 1294 facta
1303 1269 1383 1294 non

48 1325 160 1355 esset.
223 1319 295 1357 Ille
333 1326 465 1357 autem
505 1317 677 1366 insanus,
717 1319 784 1368 qui
824 1332 895 1369 pro
930 1319 1004 1358 isto
1039 1320 1384 1359 vehementissime

48 1392 185 1421 contra
212 1397 275 1422 me
296 1385 566 1430 declamasset,
589 1391 800 1434 postquam
830 1397 909 1422 non
936 1384 1167 1434 impetravit,
1189 1386 1319 1432 credo,
1342 1393 1384 1423 ut

0 1461 30 1483 ιο
48 1447 87 1485 in
117 1447 280 1498 gratiam
312 1462 467 1487 mecum
500 1448 653 1495 rediret,
677 1448 854 1487 libellum
885 1449 982 1487 mihi
1012 1450 1079 1488 dat
1105 1450 1143 1487 in
1165 1463 1244 1499 quo
1274 1450 1382 1489 istius

48 1513 148 1551 furta
179 1514 420 1562 Syracusana
450 1513 663 1563 perscripta
692 1521 812 1560 erant,
845 1526 947 1564 quae
977 1527 1050 1564 ego
1079 1521 1195 1553 antea
1224 1514 1301 1553 iam
1331 1515 1381 1553 ab

46 1577 131 1616 aliis
153 1591 365 1628 cognoram
387 1586 424 1617 et
445 1592 685 1628 acceperam.
1374 1626 1380 1632 ι

102 1645 285 1682 Laudent
315 1652 352 1682 te
382 1644 460 1682 iam
489 1658 583 1682 sane
615 1643 853 1691 Mamertini,
886 1644 1074 1694 quoniam
1105 1658 1151 1683 ex
1180 1652 1262 1683 tota
1297 1658 1382 1695 pro-

47 1707 176 1747 vincia
205 1709 278 1747 soli
307 1717 398 1747 sunt
427 1709 494 1759 qui
525 1717 562 1748 te
589 1710 740 1747 salvum
762 1709 894 1756 velint,
918 1709 970 1748 ita
998 1717 1129 1749 tamen
1158 1711 1318 1749 laudent
1341 1718 1382 1748 ut

0 1787 29 1819 ²5
50 1773 188 1820 Heius,
213 1774 280 1824 qui
311 1774 492 1825 princeps
522 1774 728 1824 legationis
759 1782 828 1822 est,
850 1774 963 1821 adsit,
988 1774 1039 1812 ita
1069 1776 1231 1814 laudent
1260 1783 1301 1814 ut
1331 1777 1381 1815 ad

48 1850 94 1875 ea
123 1851 224 1888 quae
254 1838 376 1888 rogati
406 1847 519 1877 erunt
550 1839 646 1877 mihi
677 1839 800 1889 parati
830 1839 907 1878 sint
937 1841 1184 1890 respondere.
1243 1842 1304 1879 Ac
1333 1855 1381 1879 ne

47 1902 179 1941 subito
217 1916 239 1941 a
279 1917 342 1942 me
381 1903 662 1954 opprimantur,
704 1905 801 1943 haec
841 1918 928 1943 sum
968 1912 1195 1955 rogaturus:
1240 1918 1380 1944 navem

47 1969 196 2017 populo
236 1969 421 2006 Romano
460 1969 715 2007 debeantne?
758 1970 993 2008 fatebuntur.
1073 1969 1380 2009 Praebuerintne

47 2040 223 2082 praetore
255 2034 298 2073 C.
322 2035 473 2072 Verre?
515 2034 727 2083 negabunt.
788 2033 1096 2073 Aedificarintne
1122 2046 1261 2072 navem
1290 2047 1380 2073 one-

0 2111 29 2143 ιο
46 2097 184 2136 rariam
225 2099 434 2137 maximam
473 2099 641 2148 publice,
678 2112 797 2148 quam
829 2098 940 2138 Verri
973 2099 1196 2137 dederunt?
1238 2112 1379 2149 negare

47 2176 128 2202 non
163 2171 357 2213 poterunt.
419 2166 676 2203 Frumentum
711 2163 762 2202 ab
794 2163 840 2202 iis
867 2164 1128 2214 sumpseritne
1157 2164 1200 2204 C.
1224 2165 1376 2210 Verres,

91 2279 109 2305 4
134 2268 287 2307 coeperit
298 2269 342 2307 pff
456 2278 494 2298 12
519 2272 725 2307 potestatem
744 2272 905 2306 oportere
923 2279 943 2297 π
1068 2278 1104 2305 19
1128 2267 1377 2307 impetravisset

48 2310 142 2341 st
274 2322 311 2342 21
339 2311 381 2342 ab
398 2311 463 2342 illis
475 2313 518 2351 ρδ
651 2321 691 2350 23
719 2321 762 2341 ex
779 2316 871 2341 tanta
888 2313 904 2340 δ
1015 2312 1057 2341 28
1082 2311 1117 2341 P.
1139 2311 1178 2342 R.
1200 2310 1257 2341 R:
1282 2322 1375 2351 prae-

47 2354 111 2385 tori
129 2353 191 2385 ΞΨ
210 2366 216 2385 :
241 2365 305 2386 om.
320 2356 362 2395 pb
494 2365 537 2394 30
562 2365 688 2394 negare
707 2379 714 2386 .
735 2379 742 2386 .
766 2379 772 2386 .
791 2355 993 2385 frumentum
1010 2355 1114 2394 suppl.
1135 2355 1168 2385 in
1184 2365 1249 2395 mg.
1264 2355 1301 2394 ῥ’)

1409 683 1469 717 149

1400 1619 1455 1664 67

1403 1685 1466 1717 150
