1600 2704
119 144 179 190 69
211 148 267 179 162
572 143 627 179 M.
660 142 826 179 TVLLI
859 141 1166 180 CICERONIS

203 261 361 302 propter
390 253 496 290 nulla
536 266 595 290 res
629 260 686 290 est
716 265 834 301 quam
874 252 927 289 ob
966 264 1046 288 rem
1083 263 1156 300 ego
1187 249 1305 288 istum
1333 250 1457 288 nolim
1485 264 1533 289 ex

203 317 372 367 paternis
411 317 562 366 probris
600 330 646 355 ac
676 316 776 354 vitiis
810 329 1032 366 emergere;
1065 315 1106 353 id
1144 315 1253 364 quod
1286 314 1441 353 tametsi
1470 315 1532 353 isti

202 382 359 420 difficile
392 390 461 429 est,
484 390 615 420 tamen
641 383 746 420 haud
772 381 854 419 scio
880 394 929 419 an
957 380 1039 419 fieri
1064 379 1198 430 possit,
1230 379 1454 430 praesertim
1487 380 1529 426 si,

202 446 302 484 sicut
332 459 437 484 nunc
468 447 521 492 fit,
553 447 737 484 custodes
767 445 983 484 amicorum
1014 458 1105 483 eum
1136 445 1401 491 sectabuntur,
1437 458 1532 494 qud

123 518 181 557 163
202 511 306 549 niam
338 519 447 561 pater
479 518 557 549 tam
589 512 797 560 neglegens
826 523 872 548 ac
902 510 1116 548 dissolutus
1147 516 1216 547 est.
1276 510 1424 547 Verum
1453 510 1532 547 huc
1551 522 1568 552 5

203 578 356 626 longius
383 589 501 625 quam
529 577 708 614 voluntas
735 575 806 613 fuit
825 575 876 612 ab
904 574 1070 624 epistula
1090 573 1332 612 Timarchidi
1361 575 1533 623 digressa

203 648 261 678 est
289 640 414 678 oratio
444 653 541 686 mea,
575 652 652 689 qua
681 639 840 678 recitata
869 640 1147 676 conclusurum
1177 651 1241 676 me
1269 651 1355 676 esse
1384 637 1531 675 crimen

203 707 468 743 decumanum
508 704 710 749 dixeram;
749 717 795 741 ex
824 716 903 752 quo
933 701 1175 740 intellexistis
1204 701 1531 740 innumerabilem

203 768 387 807 frumenti
426 781 634 806 numerum
673 781 741 817 per
772 767 981 806 triennium
1015 780 1193 805 aversum
1224 767 1275 805 ab
1304 779 1344 804 re
1375 766 1533 816 publica

203 848 288 873 esse
317 841 576 884 ereptumque
604 832 831 871 aratoribus.
1556 848 1594 869 10

129 907 183 945 70
258 898 443 948 Sequitur
479 906 521 936 ut
560 899 611 936 de
648 898 845 936 frumento
875 904 1010 947 empto
1047 910 1128 943 VOS,
1160 896 1321 943 iudices,
1352 897 1531 943 doceam,

205 962 376 1001 maximo
413 970 532 1012 atque
570 961 914 1012 impudentissimo
953 963 1079 1009 furt03
1107 963 1159 1000 de
1192 975 1273 1012 quo
1303 962 1400 1000 dum
1430 970 1534 1001 certa

204 1036 241 1066 et
269 1041 395 1078 pauca
420 1035 458 1065 et
488 1040 629 1076 magna
653 1026 783 1065 dicam
808 1026 984 1073 breviter,
1013 1027 1215 1065 attendite.
1276 1028 1532 1066 Frumentum

204 1105 333 1131 emere
356 1091 394 1129 in
417 1090 547 1129 Sicilia
567 1090 705 1129 debuit
721 1092 861 1129 Verres
882 1104 928 1129 ex
948 1098 1106 1129 senatus
1127 1093 1309 1129 consulto
1329 1099 1366 1130 et
1387 1093 1533 1141 exlege

204 1156 389 1195 Terentia
419 1164 457 1194 et
479 1156 614 1195 Cassia
642 1155 903 1193 frumentaria.
972 1155 1147 1194 Emundi
1179 1157 1260 1194 duo
1285 1169 1427 1205 genera
1454 1157 1533 1194 fue·
1556 1168 1593 1199 15

204 1228 303 1266 runt,
327 1233 450 1258 unum
471 1220 748 1266 decumanum,
770 1221 934 1257 alterum
955 1220 1063 1269 quod
1090 1227 1289 1269 praeterea
1312 1220 1534 1258 civitatibus

203 1284 417 1334 aequaliter
437 1292 539 1322 esset
569 1283 844 1329 distributum3
876 1283 977 1322 illius
998 1283 1207 1322 decumani
1235 1291 1388 1322 tantum
1413 1298 1534 1334 quan·

204 1360 288 1389 tum
327 1363 373 1388 ex
402 1348 536 1399 primis
575 1350 752 1388 decumis
786 1348 932 1396 fuisset,
964 1348 1079 1387 huius
1118 1348 1296 1398 imperati
1335 1349 1374 1387 in
1407 1363 1533 1389 annos

204 1415 377 1464 singulos
420 1413 535 1452 tritici
583 1415 689 1452 mod.
725 1425 856 1461 DCCC3
902 1413 1069 1463 pretium
1108 1421 1239 1452 autern
1274 1414 1532 1453 constitutum

204 1481 427 1518 decumano
457 1479 498 1516 in
528 1478 683 1517 modios
713 1478 886 1528 singulos
918 1479 988 1517 HS
1024 1490 1082 1524 111,
1109 1478 1300 1529 imperato
1330 1481 1401 1518 HS
1427 1491 1473 1517 111
1499 1491 1528 1517 S.
1552 1497 1593 1520 20

206 1547 266 1583 Ita
297 1544 337 1582 in
368 1545 607 1582 frumentum
639 1543 873 1594 imperatum
907 1545 978 1582 HS
1010 1543 1303 1583 duodetriciens
1335 1544 1374 1582 in
1406 1558 1531 1583 annos

204 1610 376 1660 singulos
415 1609 528 1648 Verri
565 1609 849 1648 decernebatur
887 1610 995 1658 quod
1034 1609 1250 1648 aratoribus
1284 1611 1460 1657 solveret,
1492 1610 1532 1648 in

203 1677 342 1713 alteras
369 1675 558 1713 decumas
587 1675 666 1712 fere
692 1675 742 1712 ad
769 1673 997 1723 nonagiens.
1057 1673 1120 1713 Sic
1150 1687 1219 1724 per
1248 1674 1459 1713 triennium
1481 1675 1533 1713 ad

205 1741 306 1778 hanc
348 1739 532 1778 frumenti
575 1738 817 1788 emptionem
852 1737 1095 1777 Siciliensem
1130 1751 1252 1788 prope
1284 1739 1461 1778 centiens
1495 1747 1533 1778 et

204 1805 350 1844 viciens
381 1811 582 1854 erogatum
609 1811 680 1842 est.
1554 1819 1591 1852 25

125 1878 183 1920 164
259 1871 378 1908 Hanc
398 1869 607 1920 pecuniam
629 1876 778 1907 tantam
799 1870 931 1907 datam
953 1868 1023 1908 tibi
1044 1883 1090 1908 ex
1109 1870 1258 1908 aerario
1278 1869 1386 1920 inopi
1413 1877 1531 1919 atque

203 1936 404 1981 exhausto,
438 1936 571 1973 datam
600 1936 651 1973 ad
681 1936 932 1981 frumentum,
970 1935 1047 1973 hoc
1076 1942 1134 1973 est
1163 1935 1215 1973 ad
1254 1935 1530 1974 necessitatem

203 1999 337 2038 salutis
372 2006 409 2037 et
440 1998 552 2046 vitae,
586 2000 718 2038 datam
748 2006 790 2037 ut
820 1998 959 2038 Siculis
988 1998 1216 2046 aratoribus,
1249 1999 1393 2049 quibus
1423 2006 1531 2038 tanta
1597 1986 1600 2035 i

246 2113 266 2142 3
290 2103 317 2133 si
333 2103 420 2133 sicut
437 2102 556 2141 Halm,
576 2102 645 2135 edd.
672 2115 678 2133 :
700 2103 728 2134 si
745 2103 798 2133 cui
819 2102 849 2133 O
865 2113 871 2132 z
896 2107 931 2133 ut
948 2102 976 2133 si
995 2101 1036 2132 uk
1052 2114 1059 2133 :
1083 2102 1109 2132 si
1128 2107 1174 2141 ut,
1193 2102 1222 2133 si
1240 2104 1286 2133 uti
1306 2103 1372 2134 rell.
1508 2105 1530 2134 6
1597 2127 1600 2131 .

202 2146 299 2185 fuitp
317 2146 381 2177 rell.
401 2158 408 2177 ε
432 2157 496 2178 om.
519 2146 568 2177 O:
593 2146 669 2178 tulit
685 2146 798 2177 Muell.
819 2146 854 2186 (i,
875 2149 889 2183 ξ
908 2146 965 2184 34)
1099 2146 1119 2176 8
1144 2146 1365 2177 decumanum
1381 2145 1500 2179 Lamb.
1521 2158 1528 2175 ε
1595 2132 1600 2176 l

202 2189 417 2219 decumarum
434 2189 522 2221 codd.
651 2200 671 2228 9
695 2189 735 2220 ab
751 2189 870 2220 Klots:
895 2189 927 2219 id
947 2187 978 2218 Ο
995 2200 1002 2219 ;
1025 2199 1044 2219 a
1056 2194 1081 2228 p
1097 2188 1163 2220 rell.
1295 2200 1335 2220 10
1357 2194 1526 2229 ereptum-

201 2241 266 2270 que
283 2232 330 2261 cO
345 2243 351 2261 ε
377 2233 658 2273 abreptumquep
675 2232 740 2263 rell.
917 2242 955 2269 14
979 2231 1012 2262 in
1031 2232 1144 2262 Sicilia
1160 2242 1272 2263 emere
1292 2232 1323 2262 O
1488 2242 1525 2272 15
1594 2212 1599 2246 l

202 2275 335 2305 emendi
355 2275 385 2305 O
532 2277 570 2306 16
593 2276 812 2306 decumanum
832 2273 969 2314 Zumpt,
987 2274 1057 2305 edd.
1077 2286 1084 2305 ε
1108 2276 1322 2306 decumarum
1341 2275 1410 2306 cO:
1435 2281 1523 2307 cete-

202 2327 313 2348 rarum
332 2319 546 2349 decumarum
559 2324 583 2359 p
595 2319 660 2351 rell.
680 2331 685 2349 :
703 2319 883 2349 alterarum
901 2319 1114 2348 decumarum
1134 2318 1219 2350 ίτοσί.
1238 2318 1330 2355 Hem,
1350 2319 1416 2349 duo
1432 2319 1521 2350 codd.

202 2359 273 2391 Lbi.
290 2362 370 2401 (non
381 2361 445 2401 F),
458 2361 525 2391 duo
535 2361 622 2393 codd.
638 2361 723 2394 Lall.
739 2362 806 2400 (2)st
851 2360 971 2392 Malim
985 2371 1087 2392 unum
1101 2362 1315 2392 decumarum
1331 2362 1521 2396 alterarum,

202 2404 344 2434 alterum
402 2414 441 2443 23
461 2405 531 2434 sere
546 2405 593 2434 O:
612 2405 748 2444 fermep
761 2404 826 2436 rell.
893 2406 933 2434 28
950 2414 989 2434 ac
1001 2405 1090 2434 vitae
1105 2405 1135 2434 O
1182 2409 1215 2435 nt
1229 2405 1295 2435 Sic.
1309 2409 1344 2436 ut
1357 2410 1478 2436 arator.
1493 2405 1523 2435 Ο

1584 2623 1600 2704 azzi·
1599 2611 1600 2614 „
1586 2560 1597 2602 02⁴,
1589 2495 1600 2546 vssw
