1600 2704
115 89 385 134 AcT10N1s
416 98 479 137 IN
509 100 553 140 c.
578 102 819 146 VERREM
851 111 1151 158 SECVNDAE
1183 123 1286 162 LIB.
1312 128 1330 164 1
1373 139 1427 177 43
1447 103 1541 170 ω’

94 197 182 247 quis
211 201 442 250 reperiretur
479 207 547 257 qui
581 208 691 250 istius
731 213 953 258 institutum
988 224 1099 273 sequi
1134 229 1249 268 vellet
1265 246 1275 278 ,-
1316 237 1421 276 solus

92 261 198 301 enim
219 270 260 302 tu
281 264 464 309 inventus
485 284 526 310 es
546 274 610 312 cui
630 277 722 316 satis
743 293 824 319 non
845 283 958 323 fuerit
974 288 1165 339 corrigere
1185 300 1259 332 test

1261 308 1419 339 amenta

89 324 276 376 vivorum,
313 331 387 371 nisi
421 334 536 375 etiam
572 341 813 384 rescinderes
844 356 1046 390 mortuoru

1050 366 1099 392 m.
1159 358 1222 396 Tu
1254 359 1337 411 ipse
1371 378 1417 403 ex
1438 382 1498 407 112

87 389 279 432 Siciliensi
319 396 450 438 edicto
484 401 561 441 hoc
594 407 809 457 sustulisti;
846 413 1017 463 voluisti,
1046 431 1093 456 ex
1131 419 1344 472 improviso
1383 429 1415 467 si

45 470 62 502 5
84 467 187 505 quae
216 470 276 496 res
306 468 398 500 nata
428 473 544 514 esset,
574 480 621 506 ex
651 472 803 512 urbano
832 476 965 518 edicto
996 481 1218 526 decernere.

81 527 219 568 postea
239 529 281 561 tu
303 524 374 564 tibi
395 528 668 573 defensionem
690 537 951 591 relinquebas,
974 544 1014 583 in
1035 560 1081 586 ea
1103 551 1271 592 maxime
1291 558 1410 596 offen—

78 582 180 632 disti,
213 599 304 626 cum
337 596 445 630 tuam
475 597 748 640 auctoritatem
780 610 863 644 tute
894 605 978 657 ipse
1011 611 1144 652 edicto
1178 618 1407 666 provinciali

76 649 321 697 repudiabas.

126 714 260 765 Atque
276 730 350 768 ego
369 733 450 760 non
471 724 611 766 dubito
625 729 730 779 quin,
750 741 793 772 ut
813 735 921 785 mihi,
940 739 1003 778 cui
1026 755 1113 782 mea
1133 745 1213 785 filia
1234 750 1402 792 maxime
1420 762 1475 800 44

13 788 52 812 ιο
71 777 180 816 cordi
218 787 286 828 est,
317 795 377 823 res
408 786 506 827 haec
534 792 676 832 acerba
701 795 856 837 videtur
892 809 1012 853 atque
1044 806 1214 860 indigna,
1247 812 1303 853 sic
1332 817 1400 855 uni

67 840 212 892 cuique
231 853 414 897 vestrum,
432 852 501 902 qui
529 854 645 895 simili
675 871 791 900 sensu
825 871 944 916 atque
964 868 1208 922 indulgentia
1231 877 1397 919 filiarum

65 912 384 952 commovemini.
444 917 553 966 Quid
580 921 685 961 enim
720 934 859 967 natura
889 933 1007 972 nobis
1043 935 1263 989 iucundius,
1298 945 1394 993 quid

63 970 189 1011 carius
210 987 295 1015 esse
326 980 479 1021 voluit?
507 984 603 1034 quid
633 995 692 1027 est
723 991 879 1042 dignius
913 996 953 1035 in
985 1011 1065 1048 quo
1099 1004 1228 1043 omnis
1260 1016 1393 1048 nostra

60 1033 263 1086 diligentia
282 1040 606 1099 indulgentiaque
622 1061 906 1098 consumatur?
975 1064 1115 1104 Homo
1142 1067 1391 1119 importunis·
1411 1092 1472 1124 113

0 1113 39 1148 15
59 1098 167 1149 sime,
203 1116 273 1143 cur
309 1113 458 1149 tantam
496 1111 677 1156 iniuriam
709 1121 750 1160 P.
782 1124 916 1164 Annio
947 1136 1104 1169 mortuo
1139 1133 1292 1174 fecisti?
1320 1151 1389 1178 cur

57 1164 163 1204 hunc
183 1167 362 1210 dolorem
388 1173 508 1215 cineri
528 1178 611 1218 eius
631 1189 752 1233 atque
779 1188 934 1228 ossibus
968 1192 1151 1243 inussisti,
1182 1206 1224 1237 ut
1255 1201 1384 1243 liberis

54 1228 137 1268 eius
159 1230 264 1272 bona
283 1237 666 1285 patria—voluntate
685 1250 815 1298 patris,
832 1252 923 1302 iure,
947 1257 1097 1307 legibus
1118 1263 1384 1307 tradita—eri—

50 1305 173 1343 peres,
195 1305 234 1336 et
247 1299 310 1338 cui
324 1301 395 1341 tibi
415 1314 518 1345 esset
538 1315 796 1354 commodum
817 1320 1063 1362 condonares
1080 1326 1096 1363 ?
1130 1328 1378 1376 Quibuscum

49 1354 126 1394 vivi
146 1357 252 1398 bona
271 1370 404 1403 nostra
427 1368 625 1420 partimur,
648 1373 694 1413 iis
714 1386 868 1426 praetor
887 1382 1060 1424 adimere
1080 1388 1195 1427 nobis
1217 1395 1379 1433 mortuis

0 1437 29 1460 ιο
48 1419 153 1460 bona
186 1424 442 1479 fortunasque
464 1435 641 1482 poterit?

707 1442 800 1481 Ni-:c
828 1456 1097 1498 ΡΕΤΙΤΙΟΝΕΜ,
1127 1452 1265 1504 inquit,
1295 1469 1377 1498 NEC

45 1495 351 1531 POSSESSIONEM
390 1506 510 1536 DAsso.

572 1501 725 1553 Eripies
755 1506 871 1556 igitur
900 1513 1072 1563 pupillae
1105 1526 1235 1568 togam
1268 1534 1375 1570 prae-

42 1555 203 1601 textam,
227 1555 410 1598 detrahes
440 1574 671 1606 ornamenta
696 1583 775 1609 non
801 1575 928 1614 solum
956 1579 1133 1620 fortunae
1153 1585 1223 1623 sed
1253 1586 1371 1627 etiam

40 1613 323 1665 ingenuitatis?
391 1625 583 1668 Miramur
615 1634 666 1672 ad
706 1648 814 1676 arma
849 1649 985 1680 contra
1020 1644 1137 1684 istum
1165 1649 1369 1691 hominem

40 1679 334 1732 Lampsacenos
354 1687 442 1737 isse,
465 1692 652 1735 miramur
671 1698 788 1739 istum
811 1704 861 1742 de
881 1707 1083 1755 provincia
1104 1712 1367 1756 decedentem

0 1757 18 1791 5
37 1744 138 1783 clarn
177 1748 376 1797 Syracusis
415 1757 665 1808 profugisse?
750 1767 834 1805 Nos
868 1769 900 1807 si
931 1771 1099 1812 alienam
1133 1776 1259 1817 vicem
1294 1794 1366 1831 pro

34 1816 167 1849 nostra
187 1811 326 1854 iniuria
352 1818 589 1871 doleremus,
624 1828 830 1879 vestigium
870 1833 980 1874 istius
1015 1837 1055 1876 in
1094 1841 1179 1880 foro
1211 1846 1363 1884 nullum

32 1882 135 1912 esset
168 1877 358 1919 relictum.
430 1885 545 1924 Pater
581 1889 649 1928 dat
688 1893 800 1942 filiae,
835 1900 1021 1947 prohibes
1039 1918 1048 1950 3
1079 1905 1182 1955 leges
1214 1908 1358 1958 sinunt,
1383 1929 1444 1963 114

33 1943 166 1977 tamen
186 1946 224 1979 te
238 1941 454 1995 interponis
474 1952 481 1987 Ξ
539 1953 602 1991 De
622 1955 701 1995 suis
723 1958 836 1999 bonis
861 1963 914 2002 ita
934 1966 1001 2004 dat
1022 1975 1063 2005 ut
1089 1970 1140 2007 ab
1166 1970 1248 2010 iure
1277 1987 1359 2014 non

3 1995 171 2051 ’abeat3
200 2006 297 2055 quid
324 2010 447 2050 habes
477 2017 586 2063 quod
613 2023 907 2068 reprehendas?
955 2030 1076 2079 Nihil,
1095 2033 1243 2083 opinor.
1302 2041 1357 2078 At

0 2077 100 2116 ›ego
120 2072 330 2120 conced03
357 2076 533 2125 prohibe,
563 2080 594 2118 si
621 2091 747 2133 potes,
777 2088 808 2126 si
840 2090 961 2131 habes
985 2095 1053 2144 qui
1088 2104 1125 2135 te
1155 2100 1300 2149 audiat,
1323 2104 1353 2141 si

68 2179 82 2199 1
109 2171 207 2204 istius
224 2174 413 2208 institutum
431 2180 500 2211 secl.
519 2181 656 2216 Ernesti

20 2220 40 2250 5
65 2218 144 2245 nata
161 2222 251 2248 esset
271 2218 303 2248 V
315 2220 358 2251 al.
380 2232 387 2252 :
411 2229 509 2255 natae
527 2234 643 2259 essent
660 2231 701 2261 πὸ

20 2255 78 2285 tibi
107 2261 143 2288 tu
170 2259 211 2289 πὸ
316 2274 337 2303 9
362 2274 428 2303 ego
456 2277 522 2298 om.
542 2280 562 2309 q

798 2201 818 2222 2
841 2195 926 2227 satis
949 2207 1015 2229 non
1046 2199 1092 2230 V:
1118 2211 1184 2233 non
1207 2204 1291 2236 satis
1311 2208 1351 2237 πὸ

832 2238 853 2266 6
875 2243 910 2269 tu
928 2240 985 2271 tibi
1007 2241 1042 2282 V,
1063 2248 1100 2274 ut
1121 2245 1257 2287 videtur,
1279 2250 1322 2280 al.
1343 2262 1349 2280 z

700 2284 739 2315 15
765 2277 874 2311 fecisti
891 2289 1025 2315 mortuo
1042 2286 1061 2316 b
1168 2299 1207 2329 19
1232 2297 1348 2323 nostra

20 2295 276 2386 {ffeblgoplalt’erznla
293 2316 313 2345 q
328 2318 335 2336 :
360 2314 477 2341 nostra
494 2318 633 2351 paterna
651 2327 670 2346 r
799 2322 853 2353 his
864 2325 931 2363 pb:
954 2327 982 2358 is
999 2339 1019 2368 q
1151 2335 1193 2363 26
1218 2335 1344 2367 nullum
