1600 2704
102 111 155 148 30

114 222 152 262 78

115 934 153 970 79

110 1694 155 1731 31

112 1746 155 1776 80

178 108 216 151 58
548 102 605 138 M.
628 101 796 139 TVLLI
829 100 1136 141 CICERONIS

233 216 283 252 Et
313 227 418 252 nunc
450 212 635 263 cuiquam
670 213 789 251 credo
821 226 905 252 esse
937 213 1103 252 dubium
1138 214 1234 263 quin
1266 221 1307 252 tu
1336 215 1375 253 id
1405 227 1509 253 com-

177 280 365 317 missurus
387 291 467 316 non
489 277 902 327 fueris‚-praesertim
933 290 1024 316 cum
1051 278 1262 325 statuisses,
1285 286 1327 317 ut
1348 280 1415 326 ais,
1437 279 1507 318 tibi

176 355 334 381 causam
352 355 437 381 esse
451 341 775 388 dicendam‚—ut
794 341 859 380 ille
879 342 1111 392 archipirata
1131 356 1211 381 non
1233 343 1362 392 potius
1384 344 1508 381 securi

176 408 351 447 feriretur
372 420 502 458 quam,
524 408 632 457 quod
653 414 733 445 erat
752 414 844 446 ante
872 408 1008 446 oculos
1034 407 1217 457 positum,
1239 415 1308 446 tuo
1335 407 1508 458 periculo

175 473 320 512 viveret
341 476 346 510 ἔ
396 473 435 511 Si
456 473 561 510 enim
582 478 684 510 esset
705 478 894 518 mortuus,
912 478 965 519 tu,
987 471 1053 521 qui
1074 473 1222 510 crimen
1243 471 1299 510 ais
1329 479 1367 510 te
1388 479 1509 511 metu·
1530 485 1549 516 5

174 539 260 584 isse,
278 550 435 588 quaero,
453 536 516 575 cui
537 536 754 586 probares?
796 537 900 576 Cum
920 543 1115 575 constaret
1135 536 1252 575 istum
1270 536 1467 586 Syracusis
1487 550 1510 575 a

176 605 284 641 nullo
318 603 445 640 visum
479 614 565 640 esse
598 600 884 650 archipiratam,
916 601 966 639 ab
1006 601 1190 640 omnibus
1229 601 1506 649 desideratum,

175 681 265 705 cum
296 667 494 706 dubitaret
524 678 643 704 nemo
677 665 773 715 quin
807 666 878 704 abs
913 673 950 704 te
982 666 1149 716 pecunia
1182 666 1367 705 liberatus
1395 675 1508 713 esset,

175 745 266 770 cum
288 733 404 782 vulgo
425 733 678 782 loquerentur
698 730 946 781 suppositum
974 730 1014 768 in
1035 730 1118 769 eius
1145 732 1277 770 locum
1298 744 1417 781 quem
1438 744 1509 781 pro

175 797 242 836 illo
270 798 435 848 probare
456 798 587 843 velles,
609 809 700 835 cum
722 803 763 834 tu
794 803 832 835 te
861 796 986 834 fassus
1016 808 1120 834 esses
1150 795 1190 834 id
1220 795 1368 835 crimen
1398 803 1508 835 tanto
1531 812 1571 834 10

174 870 266 901 ante
281 862 467 900 metuisse
486 876 492 899 :
523 862 553 900 si
571 874 661 899 eum
676 860 827 899 diceres
842 873 927 899 esse
941 867 1154 907 mortuum,
1170 859 1258 910 quis
1275 867 1313 899 te
1327 860 1509 899 audiret?

176 928 295 964 Nunc
324 940 415 965 cum
445 926 577 964 vivum
608 925 743 964 nescio
772 938 890 975 quem
921 925 1039 963 istum
1072 924 1267 975 producis,
1303 932 1435 964 tamen
1471 934 1508 964 te

174 991 342 1030 derideri
373 992 494 1030 vides.
553 991 695 1039 Quid?
724 989 756 1028 si
785 991 1009 1040 aufugisset,
1041 991 1072 1028 si
1102 989 1230 1029 vincla
1260 990 1426 1041 rupisset
1456 991 1509 1029 ita

174 1064 216 1094 ut
253 1056 365 1102 Nico,
401 1058 465 1094 ille
499 1055 766 1094 nobilissimus
801 1055 936 1105 pirata,
968 1054 1070 1101 fecit,
1103 1068 1221 1105 quem
1253 1057 1294 1093 P.
1325 1055 1508 1095 Servilius

174 1135 252 1172 qua
292 1122 474 1160 felicitate
513 1128 670 1171 ceperat
708 1121 848 1159 eadem
887 1119 1138 1170 recuperavit,
1180 1119 1277 1170 quid
1329 1120 1509 1159 diceres?
1532 1133 1566 1166 15

173 1189 322 1225 Verum
344 1188 420 1225 hoc
441 1185 521 1225 erat
539 1202 545 1224 ε
576 1185 607 1223 si
627 1185 691 1223 ille
721 1186 842 1224 semel
863 1198 975 1223 verus
1004 1184 1126 1234 pirata
1155 1186 1279 1223 securi
1301 1197 1507 1234 percussus

174 1257 286 1298 esset,
311 1253 520 1301 pecuniam
541 1250 646 1288 illam
675 1263 756 1288 non
787 1250 951 1288 haberes
970 1264 980 1297 ς
1009 1251 1039 1288 5ἰ
1062 1250 1125 1288 hic
1147 1250 1265 1288 falsus
1287 1259 1388 1289 esset
1410 1264 1509 1288 mor-

174 1324 263 1355 tuus
294 1325 359 1355 aut
390 1316 634 1367 profugisset,
667 1328 748 1352 non
777 1322 879 1353 esset
909 1314 1067 1353 difficile
1095 1313 1215 1352 alium
1247 1315 1286 1352 in
1315 1314 1507 1365 suppositi

174 1382 305 1419 locum
341 1394 573 1432 supponere.
633 1381 749 1417 Plura
783 1379 862 1417 dixi
896 1391 1016 1429 quam
1055 1378 1160 1417 volui
1191 1380 1242 1418 de
1277 1379 1343 1417 illo
1381 1379 1507 1417 archi-

173 1446 306 1497 pirata,
349 1453 387 1484 et
426 1453 558 1484 tamen
598 1458 643 1483 ea
677 1457 779 1494 quae
810 1443 1025 1482 certissima
1064 1451 1154 1482 sunt
1186 1444 1301 1482 huius
1334 1443 1506 1483 criminis
1529 1460 1567 1482 20

173 1519 404 1560 argumenta
425 1509 677 1561 praetermisi.
733 1509 838 1546 Volo
859 1507 965 1546 enirn
986 1521 1071 1546 esse
1092 1515 1218 1547 totum
1241 1507 1337 1546 mihi
1358 1508 1506 1547 crimen

174 1578 250 1614 hoc
272 1577 493 1626 integrum:
536 1583 593 1614 est
623 1581 752 1613 certus
781 1575 902 1619 locus,
926 1579 1031 1612 certa
1061 1574 1131 1619 lex,
1156 1579 1305 1611 certum
1336 1572 1506 1611 tribunal

174 1654 254 1691 quo
276 1642 350 1679 hoc
372 1647 598 1679 reservetur.

230 1706 319 1742 Hac
351 1712 457 1743 tanta
488 1705 632 1754 praeda
661 1710 809 1750 auctus,
834 1702 1039 1753 mancipiis
1068 1710 1229 1753 argento
1260 1710 1367 1741 veste
1401 1705 1505 1742 locu-

175 1771 354 1819 pletatus,
396 1769 520 1807 nihilo
554 1767 778 1818 diligentior
810 1768 861 1805 ad
899 1768 1064 1806 classem
1103 1767 1322 1806 ornandam
1362 1768 1504 1807 milites
1527 1780 1569 1813 25

174 1835 418 1874 revocandos
447 1834 691 1883 alendosque
721 1845 806 1871 esse
835 1832 977 1882 coepit,
999 1844 1090 1870 cum
1111 1844 1157 1871 ea
1186 1845 1245 1870 res
1274 1844 1355 1870 non
1376 1834 1505 1870 solum

174 1899 399 1950 provinciae
434 1898 548 1937 saluti
587 1911 722 1937 verum
762 1897 880 1936 etiam
919 1895 993 1947 ipsi
1026 1897 1194 1946 praedae
1238 1905 1371 1947 posset
1405 1910 1501 1936 esse.

174 1965 279 2002 Nam
313 1971 461 2003 aestate
493 1976 658 2009 summa,
691 1975 771 2013 quo
805 1969 982 2011 tempore
1016 1960 1134 2000 ceteri
1168 1969 1364 2012 praetores
1394 1962 1503 2001 obire

173 2029 417 2078 provinciam
449 2037 487 2067 et
519 2041 752 2067 concursare
787 2033 1027 2065 consuerunt
1058 2033 1125 2064 aut
1163 2026 1281 2065 etiam
1313 2026 1352 2064 in
1392 2033 1502 2065 tanto

174 2095 419 2142 praedonum
450 2100 558 2132 metu
587 2100 625 2131 et
655 2092 829 2142 periculo
860 2090 933 2141 ipsi
963 2090 1157 2141 navigare,
1177 2103 1226 2130 eo
1253 2098 1430 2141 tempore
1450 2092 1501 2130 ad
1522 2102 1563 2133 30

222 2208 235 2227 1
263 2203 296 2228 et
315 2208 402 2228 nunc
420 2200 502 2238 (non
519 2200 549 2238 q*
572 2198 725 2237 cuiquam
744 2194 880 2226 dubium
897 2205 918 2224 π
1038 2194 1059 2223 6
1082 2194 1124 2224 ab
1141 2195 1158 2224 δ
1286 2204 1325 2231 14
1351 2193 1435 2224 Nico
1453 2193 1500 2225 ed.

177 2240 351 2272 Cratandr.
371 2253 377 2271 :
402 2243 437 2272 in
455 2253 495 2273 co
511 2241 600 2273 codd.
737 2249 775 2270 21
804 2238 893 2269 enim
912 2246 988 2268 esse
1005 2235 1070 2267 SD
1085 2236 1127 2267 al.
1149 2249 1155 2267 :
1181 2246 1258 2267 esse
1275 2238 1366 2268 enim
1384 2236 1427 2275 R,
1447 2235 1506 2266 sed

175 2295 250 2315 cum
269 2285 362 2323 signo
380 2290 502 2325 transf).
522 2287 580 2323 (iv,
603 2288 618 2323 5
640 2285 715 2323 108)
828 2286 931 2312 totum
950 2280 1031 2310 mihi
1048 2279 1168 2311 RSD:
1194 2280 1275 2310 mihi
1293 2284 1397 2311 totum
1410 2280 1477 2319 qu
1495 2290 1502 2309 τ
1536 2313 1538 2315 ,

176 2329 281 2368 (enim
301 2328 381 2358 mihi
400 2333 504 2359 totum
523 2339 598 2360 esse
615 2339 640 2358 5.
661 2327 751 2358 enim
769 2330 873 2356 totum
895 2333 971 2356 esse
988 2324 1069 2353 mihi
1087 2325 1117 2362 δ)
1238 2333 1277 2362 27
1304 2323 1366 2362 ipsi
1385 2332 1450 2352 om.
1474 2321 1506 2351 V

176 2381 218 2411 29
242 2376 289 2401 tot
309 2372 422 2409 praed.
448 2372 479 2401 V
492 2373 524 2413 (ξ
543 2373 585 2402 62
602 2372 718 2411 supra)
