<?xml version="1.0" encoding="UTF-8"?>
<!DOCTYPE html PUBLIC "-//W3C//DTD XHTML 1.0 Transitional//EN"
    "http://www.w3.org/TR/xhtml1/DTD/xhtml1-transitional.dtd">
<html xmlns="http://www.w3.org/1999/xhtml" xml:lang="en" lang="en">
 <head>
  <title>
</title>
<meta http-equiv="Content-Type" content="text/html;charset=utf-8" />
  <meta name='ocr-system' content='tesseract 3.04.00' />
  <meta name='ocr-capabilities' content='ocr_page ocr_carea ocr_par ocr_line ocrx_word'/>
</head>
<body>
  <div class='ocr_page' id='page_1' title='image "./orationesrecogno02ciceuoft_0090.png"; bbox 0 0 1600 2704; ppageno 0'>
   <div class='ocr_carea' id='block_1_1' title="bbox 489 74 1081 138">
    <p class='ocr_par' dir='ltr' id='par_1_1' title="bbox 489 74 1081 138">
     <span class='ocr_line' id='line_1_1' title="bbox 489 74 1081 138; baseline -0.047 0"><span class='ocrx_word' id='word_1_1' title='bbox 489 100 547 138; x_wconf 93' lang='lat' dir='ltr'>M.</span> <span class='ocrx_word' id='word_1_2' title='bbox 577 90 746 133; x_wconf 91' lang='lat' dir='ltr'>TVLLI</span> <span class='ocrx_word' id='word_1_3' title='bbox 775 74 1081 125; x_wconf 85' lang='lat' dir='ltr'><strong>CICERONIS</strong></span> 
     </span>
    </p>
   </div>
   <div class='ocr_carea' id='block_1_2' title="bbox 658 429 1494 743">
    <p class='ocr_par' dir='ltr' id='par_1_2' title="bbox 658 429 1494 743">
     <span class='ocr_line' id='line_1_2' title="bbox 658 429 1494 500; baseline -0.047 1"><span class='ocrx_word' id='word_1_4' title='bbox 658 465 698 500; x_wconf 94' lang='lat' dir='ltr'>lo</span> <span class='ocrx_word' id='word_1_5' title='bbox 728 461 914 497; x_wconf 81' lang='lat' dir='ltr'>Romano</span> <span class='ocrx_word' id='word_1_6' title='bbox 943 446 1011 499; x_wconf 88' lang='lat' dir='ltr'>qui</span> <span class='ocrx_word' id='word_1_7' title='bbox 1040 447 1117 482; x_wconf 85' lang='lat' dir='ltr'>hoe</span> <span class='ocrx_word' id='word_1_8' title='bbox 1147 451 1228 478; x_wconf 91' lang='lat' dir='ltr'>non</span> <span class='ocrx_word' id='word_1_9' title='bbox 1255 447 1302 472; x_wconf 83' lang='lat' dir='ltr'>ex</span> <span class='ocrx_word' id='word_1_10' title='bbox 1330 429 1458 482; x_wconf 88' lang='lat' dir='ltr'>priore</span> <span class='ocrx_word' id='word_1_11' title='bbox 1479 441 1494 472; x_wconf 80' lang='lat'>5</span> 
     </span>
     <span class='ocr_line' id='line_1_3' title="bbox 776 496 1461 559; baseline -0.047 1"><span class='ocrx_word' id='word_1_12' title='bbox 776 528 842 559; x_wconf 93' lang='lat' dir='ltr'>nte</span> <span class='ocrx_word' id='word_1_13' title='bbox 863 518 1139 556; x_wconf 81' lang='lat' dir='ltr'>damnatorum</span> <span class='ocrx_word' id='word_1_14' title='bbox 1167 502 1324 544; x_wconf 83' lang='lat' dir='ltr'>scelera,</span> <span class='ocrx_word' id='word_1_15' title='bbox 1346 496 1461 539; x_wconf 79' lang='lat' dir='ltr'>furta,</span> 
     </span>
     <span class='ocr_line' id='line_1_4' title="bbox 938 564 1463 625; baseline -0.048 -7"><span class='ocrx_word' id='word_1_16' title='bbox 938 593 993 625; x_wconf 84' lang='lat' dir='ltr'>ur,</span> <span class='ocrx_word' id='word_1_17' title='bbox 1014 575 1078 613; x_wconf 84' lang='lat' dir='ltr'>vix</span> <span class='ocrx_word' id='word_1_18' title='bbox 1097 583 1188 610; x_wconf 85' lang='lat' dir='ltr'>curn</span> <span class='ocrx_word' id='word_1_19' title='bbox 1208 564 1325 604; x_wconf 90' lang='lat' dir='ltr'>huius</span> <span class='ocrx_word' id='word_1_20' title='bbox 1345 570 1463 610; x_wconf 79' lang='lat' dir='ltr'>parva</span> 
     </span>
     <span class='ocr_line' id='line_1_5' title="bbox 951 631 1463 688; baseline -0.049 -6"><span class='ocrx_word' id='word_1_21' title='bbox 951 645 1035 681; x_wconf 83' lang='lat' dir='ltr'>Vos</span> <span class='ocrx_word' id='word_1_22' title='bbox 1069 636 1178 688; x_wconf 85' lang='lat' dir='ltr'>quod</span> <span class='ocrx_word' id='word_1_23' title='bbox 1212 631 1262 669; x_wconf 81' lang='lat' dir='ltr'>ad</span> <span class='ocrx_word' id='word_1_24' title='bbox 1296 632 1463 664; x_wconf 80' lang='lat' dir='ltr'>vestram</span> 
     </span>
     <span class='ocr_line' id='line_1_6' title="bbox 1285 689 1463 743; baseline -0.056 -11"><span class='ocrx_word' id='word_1_25' title='bbox 1285 689 1463 743; x_wconf 82' lang='lat' dir='ltr'>pertinet,</span> 
     </span>
    </p>
   </div>
   <div class='ocr_carea' id='block_1_3' title="bbox 128 473 935 668">
    <p class='ocr_par' dir='ltr' id='par_1_3' title="bbox 128 473 935 668">
     <span class='ocr_line' id='line_1_7' title="bbox 128 473 655 532; baseline -0.053 -3"><span class='ocrx_word' id='word_1_26' title='bbox 128 500 237 528; x_wconf 88' lang='lat' dir='ltr'>esse:</span> <span class='ocrx_word' id='word_1_27' title='bbox 269 480 356 532; x_wconf 87' lang='lat' dir='ltr'>quis</span> <span class='ocrx_word' id='word_1_28' title='bbox 387 482 446 515; x_wconf 92' lang='lat' dir='ltr'>est</span> <span class='ocrx_word' id='word_1_29' title='bbox 474 473 517 510; x_wconf 90' lang='lat' dir='ltr'>in</span> <span class='ocrx_word' id='word_1_30' title='bbox 548 478 655 518; x_wconf 89' lang='lat' dir='ltr'>popu</span> 
     </span>
     <span class='ocr_line' id='line_1_8' title="bbox 130 528 773 593; baseline -0.051 0"><span class='ocrx_word' id='word_1_31' title='bbox 130 552 286 593; x_wconf 83' lang='lat' dir='ltr'>actione</span> <span class='ocrx_word' id='word_1_32' title='bbox 309 536 523 584; x_wconf 78' lang='lat' dir='ltr'>abstulerit,</span> <span class='ocrx_word' id='word_1_33' title='bbox 547 528 725 571; x_wconf 86' lang='lat' dir='ltr'>omnium</span> <span class='ocrx_word' id='word_1_34' title='bbox 751 536 773 560; x_wconf 77' lang='lat' dir='ltr'>a</span> 
     </span>
     <span class='ocr_line' id='line_1_9' title="bbox 132 587 935 668; baseline -0.051 -9"><span class='ocrx_word' id='word_1_35' title='bbox 132 616 291 668; x_wconf 84' lang='lat' dir='ltr'>flagitia,</span> <span class='ocrx_word' id='word_1_36' title='bbox 310 611 342 649; x_wconf 88' lang='lat' dir='ltr'>si</span> <span class='ocrx_word' id='word_1_37' title='bbox 362 617 486 646; x_wconf 88' lang='lat' dir='ltr'>unum</span> <span class='ocrx_word' id='word_1_38' title='bbox 512 600 554 639; x_wconf 88' lang='lat' dir='ltr'>in</span> <span class='ocrx_word' id='word_1_39' title='bbox 579 598 712 634; x_wconf 73' lang='lat' dir='ltr'>locuni</span> <span class='ocrx_word' id='word_1_40' title='bbox 733 587 935 627; x_wconf 78' lang='lat' dir='ltr'>conferant</span> 
     </span>
    </p>
   </div>
   <div class='ocr_carea' id='block_1_4' title="bbox 698 710 1529 822">
    <p class='ocr_par' dir='ltr' id='par_1_4' title="bbox 698 710 1529 822">
     <span class='ocr_line' id='line_1_10' title="bbox 698 710 1242 762; baseline -0.046 -4"><span class='ocrx_word' id='word_1_41' title='bbox 698 720 945 762; x_wconf 78' lang='lat' dir='ltr'>salutemque</span> <span class='ocrx_word' id='word_1_42' title='bbox 989 710 1242 745; x_wconf 82' lang='lat' dir='ltr'>communem</span> 
     </span>
     <span class='ocr_line' id='line_1_11' title="bbox 786 753 1529 822; baseline -0.047 -4"><span class='ocrx_word' id='word_1_43' title='bbox 786 780 923 818; x_wconf 85' lang='lat' dir='ltr'>sulite:</span> <span class='ocrx_word' id='word_1_44' title='bbox 953 769 1138 822; x_wconf 79' lang='lat' dir='ltr'>splendor</span> <span class='ocrx_word' id='word_1_45' title='bbox 1158 769 1284 802; x_wconf 81' lang='lat' dir='ltr'>vester</span> <span class='ocrx_word' id='word_1_46' title='bbox 1310 753 1402 794; x_wconf 82' lang='lat' dir='ltr'>facit</span> <span class='ocrx_word' id='word_1_47' title='bbox 1426 758 1468 789; x_wconf 92' lang='lat' dir='ltr'>ut</span> <span class='ocrx_word' id='word_1_48' title='bbox 1493 763 1529 784; x_wconf 89' lang='lat'>10</span> 
     </span>
    </p>
   </div>
   <div class='ocr_carea' id='block_1_5' title="bbox 790 818 1473 931">
    <p class='ocr_par' dir='ltr' id='par_1_5' title="bbox 790 818 1473 931">
     <span class='ocr_line' id='line_1_12' title="bbox 790 818 1472 883; baseline -0.045 0"><span class='ocrx_word' id='word_1_49' title='bbox 790 842 917 883; x_wconf 79' lang='lat' dir='ltr'>blicae</span> <span class='ocrx_word' id='word_1_50' title='bbox 947 834 1184 876; x_wconf 89' lang='lat' dir='ltr'>detrimento</span> <span class='ocrx_word' id='word_1_51' title='bbox 1217 839 1263 864; x_wconf 80' lang='lat' dir='ltr'>ac</span> <span class='ocrx_word' id='word_1_52' title='bbox 1297 818 1472 872; x_wconf 82' lang='lat' dir='ltr'>periculo</span> 
     </span>
     <span class='ocr_line' id='line_1_13' title="bbox 1181 891 1473 931; baseline -0.045 0"><span class='ocrx_word' id='word_1_53' title='bbox 1181 896 1241 931; x_wconf 90' lang='lat' dir='ltr'>lus</span> <span class='ocrx_word' id='word_1_54' title='bbox 1266 891 1473 927; x_wconf 78' lang='lat' dir='ltr'>Romanus</span> 
     </span>
    </p>
   </div>
   <div class='ocr_carea' id='block_1_6' title="bbox 1235 949 1476 993">
    <p class='ocr_par' dir='ltr' id='par_1_6' title="bbox 1235 949 1476 993">
     <span class='ocr_line' id='line_1_14' title="bbox 1235 949 1476 993; baseline -0.046 0"><span class='ocrx_word' id='word_1_55' title='bbox 1235 967 1305 993; x_wconf 85' lang='lat' dir='ltr'>vos</span> <span class='ocrx_word' id='word_1_56' title='bbox 1335 949 1367 989; x_wconf 84' lang='lat' dir='ltr'>si</span> <span class='ocrx_word' id='word_1_57' title='bbox 1395 958 1476 985; x_wconf 91' lang='lat' dir='ltr'>non</span> 
     </span>
    </p>
   </div>
   <div class='ocr_carea' id='block_1_7' title="bbox 139 796 1179 965">
    <p class='ocr_par' dir='ltr' id='par_1_7' title="bbox 139 796 1179 965">
     <span class='ocr_line' id='line_1_15' title="bbox 139 796 782 855; baseline -0.054 -1"><span class='ocrx_word' id='word_1_58' title='bbox 139 811 299 855; x_wconf 86' lang='lat' dir='ltr'>iudices,</span> <span class='ocrx_word' id='word_1_59' title='bbox 327 796 539 854; x_wconf 75' lang='lat' dir='ltr'>prospicite</span> <span class='ocrx_word' id='word_1_60' title='bbox 563 798 682 839; x_wconf 81' lang='lat' dir='ltr'>atque</span> <span class='ocrx_word' id='word_1_61' title='bbox 706 796 782 822; x_wconf 86' lang='lat' dir='ltr'>con</span> 
     </span>
     <span class='ocr_line' id='line_1_16' title="bbox 335 850 788 907; baseline -0.051 0"><span class='ocrx_word' id='word_1_62' title='bbox 335 867 420 907; x_wconf 89' lang='lat' dir='ltr'>sine</span> <span class='ocrx_word' id='word_1_63' title='bbox 454 868 613 901; x_wconf 87' lang='lat' dir='ltr'>summo</span> <span class='ocrx_word' id='word_1_64' title='bbox 646 850 701 890; x_wconf 88' lang='lat' dir='ltr'>rei</span> <span class='ocrx_word' id='word_1_65' title='bbox 734 860 788 898; x_wconf 94' lang='lat' dir='ltr'>pu</span> 
     </span>
     <span class='ocr_line' id='line_1_17' title="bbox 481 909 1179 965; baseline -0.047 0"><span class='ocrx_word' id='word_1_66' title='bbox 481 927 577 965; x_wconf 90' lang='lat' dir='ltr'>Non</span> <span class='ocrx_word' id='word_1_67' title='bbox 604 917 710 959; x_wconf 89' lang='lat' dir='ltr'>enim</span> <span class='ocrx_word' id='word_1_68' title='bbox 737 916 867 965; x_wconf 88' lang='lat' dir='ltr'>potest</span> <span class='ocrx_word' id='word_1_69' title='bbox 894 914 1048 956; x_wconf 78' lang='lat' dir='ltr'>sperare</span> <span class='ocrx_word' id='word_1_70' title='bbox 1071 909 1179 949; x_wconf 92' lang='lat' dir='ltr'>popu</span> 
     </span>
    </p>
   </div>
   <div class='ocr_carea' id='block_1_8' title="bbox 619 962 1541 1323">
    <p class='ocr_par' dir='ltr' id='par_1_8' title="bbox 619 962 1541 1323">
     <span class='ocr_line' id='line_1_18' title="bbox 619 962 1213 1034; baseline -0.044 -12"><span class='ocrx_word' id='word_1_71' title='bbox 619 982 687 1034; x_wconf 86' lang='lat' dir='ltr'>qui</span> <span class='ocrx_word' id='word_1_72' title='bbox 716 984 822 1017; x_wconf 87' lang='lat' dir='ltr'>recte</span> <span class='ocrx_word' id='word_1_73' title='bbox 851 969 1003 1023; x_wconf 79' lang='lat' dir='ltr'>possint</span> <span class='ocrx_word' id='word_1_74' title='bbox 1029 962 1213 1005; x_wconf 80' lang='lat' dir='ltr'>iudicare,</span> 
     </span>
     <span class='ocr_line' id='line_1_19' title="bbox 732 1011 1479 1082; baseline -0.048 0"><span class='ocrx_word' id='word_1_75' title='bbox 732 1057 771 1082; x_wconf 89' lang='lat' dir='ltr'>rn</span> <span class='ocrx_word' id='word_1_76' title='bbox 792 1041 843 1079; x_wconf 91' lang='lat' dir='ltr'>de</span> <span class='ocrx_word' id='word_1_77' title='bbox 863 1043 947 1075; x_wconf 88' lang='lat' dir='ltr'>toto</span> <span class='ocrx_word' id='word_1_78' title='bbox 967 1029 1106 1071; x_wconf 88' lang='lat' dir='ltr'>ordine</span> <span class='ocrx_word' id='word_1_79' title='bbox 1126 1016 1350 1072; x_wconf 81' lang='lat' dir='ltr'>desperarit,</span> <span class='ocrx_word' id='word_1_80' title='bbox 1372 1011 1479 1051; x_wconf 79' lang='lat' dir='ltr'>aliud</span> 
     </span>
     <span class='ocr_line' id='line_1_20' title="bbox 888 1077 1541 1139; baseline -0.049 1"><span class='ocrx_word' id='word_1_81' title='bbox 888 1102 1019 1139; x_wconf 79' lang='lat' dir='ltr'>&#39;onem</span> <span class='ocrx_word' id='word_1_82' title='bbox 1043 1090 1277 1132; x_wconf 81' lang='lat' dir='ltr'>iudiciorum</span> <span class='ocrx_word' id='word_1_83' title='bbox 1298 1077 1479 1130; x_wconf 81' lang='lat' dir='ltr'>requirat.</span> <span class='ocrx_word' id='word_1_84' title='bbox 1506 1086 1541 1117; x_wconf 82' lang='lat'>15</span> 
     </span>
     <span class='ocr_line' id='line_1_21' title="bbox 1091 1152 1484 1208; baseline -0.048 -12"><span class='ocrx_word' id='word_1_85' title='bbox 1091 1152 1235 1208; x_wconf 76' lang='lat' dir='ltr'>putatis</span> <span class='ocrx_word' id='word_1_86' title='bbox 1265 1159 1366 1188; x_wconf 91' lang='lat' dir='ltr'>onus</span> <span class='ocrx_word' id='word_1_87' title='bbox 1399 1154 1484 1181; x_wconf 88' lang='lat' dir='ltr'>esse</span> 
     </span>
     <span class='ocr_line' id='line_1_22' title="bbox 1195 1209 1486 1261; baseline -0.052 -5"><span class='ocrx_word' id='word_1_88' title='bbox 1195 1214 1295 1255; x_wconf 88' lang='lat' dir='ltr'>betis</span> <span class='ocrx_word' id='word_1_89' title='bbox 1316 1209 1486 1261; x_wconf 87' lang='lat' dir='ltr'>primum</span> 
     </span>
     <span class='ocr_line' id='line_1_23' title="bbox 1380 1270 1489 1323; baseline -0.046 -11"><span class='ocrx_word' id='word_1_90' title='bbox 1380 1270 1489 1323; x_wconf 84' lang='lat' dir='ltr'>quod</span> 
     </span>
    </p>
   </div>
   <div class='ocr_carea' id='block_1_9' title="bbox 141 885 592 1049">
    <p class='ocr_par' dir='ltr' id='par_1_9' title="bbox 141 885 592 1049">
     <span class='ocr_line' id='line_1_24' title="bbox 141 885 304 931; baseline -0.061 -12"><span class='ocrx_word' id='word_1_91' title='bbox 141 885 304 931; x_wconf 80' lang='lat' dir='ltr'>peccare</span> 
     </span>
     <span class='ocr_line' id='line_1_25' title="bbox 144 933 420 990; baseline -0.058 -6"><span class='ocrx_word' id='word_1_92' title='bbox 144 956 224 983; x_wconf 92' lang='lat' dir='ltr'>non</span> <span class='ocrx_word' id='word_1_93' title='bbox 251 933 420 990; x_wconf 86' lang='lat' dir='ltr'>possitis.</span> 
     </span>
     <span class='ocr_line' id='line_1_26' title="bbox 147 996 592 1049; baseline -0.056 0"><span class='ocrx_word' id='word_1_94' title='bbox 147 1020 231 1049; x_wconf 86' lang='lat' dir='ltr'>esse</span> <span class='ocrx_word' id='word_1_95' title='bbox 258 1002 355 1042; x_wconf 82' lang='lat' dir='ltr'>alios</span> <span class='ocrx_word' id='word_1_96' title='bbox 381 997 422 1035; x_wconf 87' lang='lat' dir='ltr'>in</span> <span class='ocrx_word' id='word_1_97' title='bbox 452 996 592 1032; x_wconf 80' lang='lat' dir='ltr'>senatu</span> 
     </span>
    </p>
   </div>
   <div class='ocr_carea' id='block_1_10' title="bbox 492 1161 1191 1288">
    <p class='ocr_par' dir='ltr' id='par_1_10' title="bbox 492 1161 1191 1288">
     <span class='ocr_line' id='line_1_27' title="bbox 492 1161 1061 1224; baseline -0.049 1"><span class='ocrx_word' id='word_1_98' title='bbox 492 1187 581 1224; x_wconf 86' lang='lat' dir='ltr'>&#39;deo</span> <span class='ocrx_word' id='word_1_99' title='bbox 615 1177 738 1218; x_wconf 85' lang='lat' dir='ltr'>levius</span> <span class='ocrx_word' id='word_1_100' title='bbox 767 1171 921 1210; x_wconf 88' lang='lat' dir='ltr'>videtur</span> <span class='ocrx_word' id='word_1_101' title='bbox 952 1161 1061 1213; x_wconf 84' lang='lat' dir='ltr'>quod</span> 
     </span>
     <span class='ocr_line' id='line_1_28' title="bbox 539 1221 1191 1288; baseline -0.049 0"><span class='ocrx_word' id='word_1_102' title='bbox 539 1249 662 1288; x_wconf 86' lang='lat' dir='ltr'>odum</span> <span class='ocrx_word' id='word_1_103' title='bbox 690 1238 874 1280; x_wconf 81' lang='lat' dir='ltr'>iudicare,</span> <span class='ocrx_word' id='word_1_104' title='bbox 897 1228 1121 1275; x_wconf 77' lang='lat' dir='ltr'>intellegere</span> <span class='ocrx_word' id='word_1_105' title='bbox 1142 1221 1191 1258; x_wconf 91' lang='lat' dir='ltr'>de</span> 
     </span>
    </p>
   </div>
   <div class='ocr_carea' id='block_1_11' title="bbox 156 1259 1347 1352">
    <p class='ocr_par' dir='ltr' id='par_1_11' title="bbox 156 1259 1347 1352">
     <span class='ocr_line' id='line_1_29' title="bbox 156 1259 535 1320; baseline -0.05 -12"><span class='ocrx_word' id='word_1_106' title='bbox 156 1278 271 1320; x_wconf 83' lang='lat' dir='ltr'>grave</span> <span class='ocrx_word' id='word_1_107' title='bbox 295 1269 332 1301; x_wconf 90' lang='lat' dir='ltr'>et</span> <span class='ocrx_word' id='word_1_108' title='bbox 360 1259 535 1297; x_wconf 89' lang='lat' dir='ltr'>incomm</span> 
     </span>
     <span class='ocr_line' id='line_1_30' title="bbox 560 1282 1347 1352; baseline -0.048 0"><span class='ocrx_word' id='word_1_109' title='bbox 560 1314 586 1352; x_wconf 92' lang='lat' dir='ltr'>d</span> <span class='ocrx_word' id='word_1_110' title='bbox 615 1321 715 1349; x_wconf 87' lang='lat' dir='ltr'>onus</span> <span class='ocrx_word' id='word_1_111' title='bbox 744 1306 897 1342; x_wconf 88' lang='lat' dir='ltr'>vosmet</span> <span class='ocrx_word' id='word_1_112' title='bbox 931 1292 1005 1345; x_wconf 83' lang='lat' dir='ltr'>ipsi</span> <span class='ocrx_word' id='word_1_113' title='bbox 1035 1282 1258 1328; x_wconf 82' lang='lat' dir='ltr'>reieceritis,</span> <span class='ocrx_word' id='word_1_114' title='bbox 1286 1291 1347 1322; x_wconf 82' lang='lat' dir='ltr'>an,</span> 
     </span>
    </p>
   </div>
   <div class='ocr_carea' id='block_1_12' title="bbox 157 1315 555 1375">
    <p class='ocr_par' dir='ltr' id='par_1_12' title="bbox 157 1315 555 1375">
     <span class='ocr_line' id='line_1_31' title="bbox 157 1315 555 1375; baseline -0.055 -1"><span class='ocrx_word' id='word_1_115' title='bbox 157 1336 344 1375; x_wconf 84' lang='lat' dir='ltr'>interesse</span> <span class='ocrx_word' id='word_1_116' title='bbox 379 1330 510 1362; x_wconf 84' lang='lat' dir='ltr'>utrum</span> <span class='ocrx_word' id='word_1_117' title='bbox 544 1315 555 1353; x_wconf 91' lang='lat' dir='ltr'>i</span> 
     </span>
    </p>
   </div>
   <div class='ocr_carea' id='block_1_13' title="bbox 162 1456 616 1569">
    <p class='ocr_par' dir='ltr' id='par_1_13' title="bbox 162 1456 616 1569">
     <span class='ocr_line' id='line_1_32' title="bbox 162 1456 431 1516; baseline -0.056 -12"><span class='ocrx_word' id='word_1_118' title='bbox 162 1456 377 1516; x_wconf 86' lang='lat' dir='ltr'>potueritis,</span> <span class='ocrx_word' id='word_1_119' title='bbox 410 1465 431 1490; x_wconf 92' lang='lat' dir='ltr'>e</span> 
     </span>
     <span class='ocr_line' id='line_1_33' title="bbox 165 1511 616 1569; baseline -0.053 -1"><span class='ocrx_word' id='word_1_120' title='bbox 165 1528 282 1569; x_wconf 82' lang='lat' dir='ltr'>etiarn</span> <span class='ocrx_word' id='word_1_121' title='bbox 309 1519 407 1560; x_wconf 86' lang='lat' dir='ltr'>illud</span> <span class='ocrx_word' id='word_1_122' title='bbox 435 1511 616 1562; x_wconf 81' lang='lat' dir='ltr'>cogitare,</span> 
     </span>
    </p>
   </div>
   <div class='ocr_carea' id='block_1_14' title="bbox 113 1637 1003 1764">
    <p class='ocr_par' dir='ltr' id='par_1_14' title="bbox 113 1637 1003 1764">
     <span class='ocr_line' id='line_1_34' title="bbox 113 1637 695 1707; baseline -0.053 -6"><span class='ocrx_word' id='word_1_123' title='bbox 113 1676 149 1707; x_wconf 86' lang='lat'>23</span> <span class='ocrx_word' id='word_1_124' title='bbox 169 1656 284 1698; x_wconf 87' lang='lat' dir='ltr'>nobis</span> <span class='ocrx_word' id='word_1_125' title='bbox 313 1644 479 1689; x_wconf 79' lang='lat' dir='ltr'>voluerit</span> <span class='ocrx_word' id='word_1_126' title='bbox 512 1637 695 1679; x_wconf 79' lang='lat' dir='ltr'>iudicare.</span> 
     </span>
     <span class='ocr_line' id='line_1_35' title="bbox 172 1690 1003 1764; baseline -0.052 -2"><span class='ocrx_word' id='word_1_127' title='bbox 172 1718 311 1764; x_wconf 81' lang='lat' dir='ltr'>tellexi‚</span> <span class='ocrx_word' id='word_1_128' title='bbox 331 1712 491 1753; x_wconf 88' lang='lat' dir='ltr'>iudices.</span> <span class='ocrx_word' id='word_1_129' title='bbox 546 1698 742 1742; x_wconf 80' lang='lat' dir='ltr'>Homines</span> <span class='ocrx_word' id='word_1_130' title='bbox 763 1690 903 1731; x_wconf 84' lang='lat' dir='ltr'>scitote</span> <span class='ocrx_word' id='word_1_131' title='bbox 919 1696 1003 1724; x_wconf 89' lang='lat' dir='ltr'>esse</span> 
     </span>
    </p>
   </div>
   <div class='ocr_carea' id='block_1_15' title="bbox 175 1740 1158 1827">
    <p class='ocr_par' dir='ltr' id='par_1_15' title="bbox 175 1740 1158 1827">
     <span class='ocr_line' id='line_1_36' title="bbox 175 1740 1158 1827; baseline -0.052 1"><span class='ocrx_word' id='word_1_132' title='bbox 175 1786 312 1827; x_wconf 84' lang='lat' dir='ltr'>odium</span> <span class='ocrx_word' id='word_1_133' title='bbox 336 1775 458 1818; x_wconf 86' lang='lat' dir='ltr'>nostri</span> <span class='ocrx_word' id='word_1_134' title='bbox 487 1767 635 1810; x_wconf 80' lang='lat' dir='ltr'>ordinis</span> <span class='ocrx_word' id='word_1_135' title='bbox 662 1765 793 1801; x_wconf 80' lang='lat' dir='ltr'>teneat</span> <span class='ocrx_word' id='word_1_136' title='bbox 820 1762 863 1793; x_wconf 90' lang='lat' dir='ltr'>ut</span> <span class='ocrx_word' id='word_1_137' title='bbox 889 1753 966 1789; x_wconf 84' lang='lat' dir='ltr'>hoc</span> <span class='ocrx_word' id='word_1_138' title='bbox 990 1747 1121 1797; x_wconf 78' lang='lat' dir='ltr'>palam</span> <span class='ocrx_word' id='word_1_139' title='bbox 1148 1740 1158 1778; x_wconf 89' lang='lat' dir='ltr'>i</span> 
     </span>
    </p>
   </div>
   <div class='ocr_carea' id='block_1_16' title="bbox 178 1836 702 1895">
    <p class='ocr_par' dir='ltr' id='par_1_16' title="bbox 178 1836 702 1895">
     <span class='ocr_line' id='line_1_37' title="bbox 178 1836 702 1895; baseline -0.053 -3"><span class='ocrx_word' id='word_1_140' title='bbox 178 1854 306 1895; x_wconf 77' lang='lat' dir='ltr'>istum,</span> <span class='ocrx_word' id='word_1_141' title='bbox 331 1854 450 1895; x_wconf 85' lang='lat' dir='ltr'>quern</span> <span class='ocrx_word' id='word_1_142' title='bbox 472 1836 596 1876; x_wconf 82' lang='lat' dir='ltr'>sciant</span> <span class='ocrx_word' id='word_1_143' title='bbox 618 1841 702 1868; x_wconf 87' lang='lat' dir='ltr'>esse</span> 
     </span>
    </p>
   </div>
   <div class='ocr_carea' id='block_1_17' title="bbox 182 1897 832 2018">
    <p class='ocr_par' dir='ltr' id='par_1_17' title="bbox 182 1897 832 2018">
     <span class='ocr_line' id='line_1_38' title="bbox 182 1897 766 1957; baseline -0.055 0"><span class='ocrx_word' id='word_1_144' title='bbox 182 1914 342 1957; x_wconf 87' lang='lat' dir='ltr'>nornine</span> <span class='ocrx_word' id='word_1_145' title='bbox 370 1901 520 1947; x_wconf 80' lang='lat' dir='ltr'>absolvi</span> <span class='ocrx_word' id='word_1_146' title='bbox 548 1897 647 1936; x_wconf 89' lang='lat' dir='ltr'>velle</span> <span class='ocrx_word' id='word_1_147' title='bbox 674 1898 717 1930; x_wconf 89' lang='lat' dir='ltr'>ut</span> <span class='ocrx_word' id='word_1_148' title='bbox 744 1902 766 1926; x_wconf 82' lang='lat' dir='ltr'>a</span> 
     </span>
     <span class='ocr_line' id='line_1_39' title="bbox 405 1959 832 2018; baseline -0.054 -8"><span class='ocrx_word' id='word_1_149' title='bbox 405 1979 548 2018; x_wconf 87' lang='lat' dir='ltr'>emque</span> <span class='ocrx_word' id='word_1_150' title='bbox 599 1959 832 2000; x_wconf 78' lang='lat' dir='ltr'>auferantur.</span> 
     </span>
    </p>
   </div>
   <div class='ocr_carea' id='block_1_18' title="bbox 1019 1668 1565 1778">
    <p class='ocr_par' dir='ltr' id='par_1_18' title="bbox 1019 1668 1565 1778">
     <span class='ocr_line' id='line_1_40' title="bbox 1019 1668 1504 1730; baseline -0.054 -10"><span class='ocrx_word' id='word_1_151' title='bbox 1019 1677 1212 1730; x_wconf 82' lang='lat' dir='ltr'>quosdam</span> <span class='ocrx_word' id='word_1_152' title='bbox 1230 1680 1329 1720; x_wconf 88' lang='lat' dir='ltr'>quos</span> <span class='ocrx_word' id='word_1_153' title='bbox 1349 1668 1504 1702; x_wconf 81' lang='lat' dir='ltr'>tantum</span> 
     </span>
     <span class='ocr_line' id='line_1_41' title="bbox 1162 1730 1565 1778; baseline -0.06 1"><span class='ocrx_word' id='word_1_154' title='bbox 1162 1751 1225 1778; x_wconf 79' lang='lat' dir='ltr'>am</span> <span class='ocrx_word' id='word_1_155' title='bbox 1250 1730 1442 1773; x_wconf 82' lang='lat' dir='ltr'>dictitent,</span> <span class='ocrx_word' id='word_1_156' title='bbox 1465 1735 1507 1761; x_wconf 89' lang='lat' dir='ltr'>se</span> <span class='ocrx_word' id='word_1_157' title='bbox 1528 1734 1565 1765; x_wconf 85' lang='lat'>25</span> 
     </span>
    </p>
   </div>
   <div class='ocr_carea' id='block_1_19' title="bbox 184 1974 401 2031">
    <p class='ocr_par' dir='ltr' id='par_1_19' title="bbox 184 1974 401 2031">
     <span class='ocr_line' id='line_1_42' title="bbox 184 1974 401 2031; baseline -0.055 -9"><span class='ocrx_word' id='word_1_158' title='bbox 184 1974 401 2031; x_wconf 86' lang='lat' dir='ltr'>turpitudin</span> 
     </span>
    </p>
   </div>
   <div class='ocr_carea' id='block_1_20' title="bbox 236 2021 1520 2139">
    <p class='ocr_par' dir='ltr' id='par_1_20' title="bbox 236 2021 1520 2139">
     <span class='ocr_line' id='line_1_43' title="bbox 236 2021 1518 2123; baseline -0.052 -7"><span class='ocrx_word' id='word_1_159' title='bbox 236 2096 249 2115; x_wconf 82' lang='lat'>1</span> <span class='ocrx_word' id='word_1_160' title='bbox 269 2081 349 2123; x_wconf 88' lang='lat' dir='ltr'>quid</span> <span class='ocrx_word' id='word_1_161' title='bbox 366 2084 433 2109; x_wconf 85' lang='lat' dir='ltr'>tam</span> <span class='ocrx_word' id='word_1_162' title='bbox 452 2085 470 2105; x_wconf 90' lang='lat' dir='ltr'>e</span> <span class='ocrx_word' id='word_1_163' title='bbox 488 2082 523 2103; x_wconf 88' lang='lat' dir='ltr'>re</span> <span class='ocrx_word' id='word_1_164' title='bbox 541 2065 673 2110; x_wconf 87' lang='lat' dir='ltr'>publiea</span> <span class='ocrx_word' id='word_1_165' title='bbox 692 2058 771 2092; x_wconf 83' lang='lat' dir='ltr'>coni.</span> <span class='ocrx_word' id='word_1_166' title='bbox 792 2051 939 2089; x_wconf 74' lang='lat' dir='ltr'>Madvig.</span> <span class='ocrx_word' id='word_1_167' title='bbox 958 2060 965 2080; x_wconf 92' lang='lat'>:</span> <span class='ocrx_word' id='word_1_168' title='bbox 989 2044 1069 2086; x_wconf 84' lang='lat' dir='ltr'>quid</span> <span class='ocrx_word' id='word_1_169' title='bbox 1087 2047 1200 2073; x_wconf 88' lang='lat' dir='ltr'>tamen</span> <span class='ocrx_word' id='word_1_170' title='bbox 1218 2044 1255 2065; x_wconf 85' lang='lat' dir='ltr'>re</span> <span class='ocrx_word' id='word_1_171' title='bbox 1270 2041 1327 2070; x_wconf 88' lang='lat' dir='ltr'>-p-</span> <span class='ocrx_word' id='word_1_172' title='bbox 1340 2021 1518 2058; x_wconf 83' lang='lat' dir='ltr'>honestius</span> 
     </span>
     <span class='ocr_line' id='line_1_44' title="bbox 685 2067 1520 2139; baseline -0.053 -4"><span class='ocrx_word' id='word_1_173' title='bbox 685 2106 718 2136; x_wconf 87' lang='lat' dir='ltr'>in</span> <span class='ocrx_word' id='word_1_174' title='bbox 743 2111 779 2131; x_wconf 88' lang='lat' dir='ltr'>re</span> <span class='ocrx_word' id='word_1_175' title='bbox 799 2097 878 2139; x_wconf 91' lang='lat' dir='ltr'>pub.</span> <span class='ocrx_word' id='word_1_176' title='bbox 901 2093 969 2131; x_wconf 83' lang='lat' dir='ltr'>Z):</span> <span class='ocrx_word' id='word_1_177' title='bbox 995 2086 1084 2128; x_wconf 82' lang='lat' dir='ltr'>Quid</span> <span class='ocrx_word' id='word_1_178' title='bbox 1109 2081 1243 2114; x_wconf 88' lang='lat' dir='ltr'>tandem</span> <span class='ocrx_word' id='word_1_179' title='bbox 1270 2073 1348 2106; x_wconf 83' lang='lat' dir='ltr'>coni.</span> <span class='ocrx_word' id='word_1_180' title='bbox 1374 2067 1520 2105; x_wconf 80' lang='lat' dir='ltr'>Zmnpt:</span> 
     </span>
    </p>
   </div>
   <div class='ocr_carea' id='block_1_21' title="bbox 192 2107 1523 2229">
    <p class='ocr_par' dir='ltr' id='par_1_21' title="bbox 192 2107 1523 2229">
     <span class='ocr_line' id='line_1_45' title="bbox 192 2111 652 2162; baseline -0.052 -1"><span class='ocrx_word' id='word_1_181' title='bbox 192 2130 279 2161; x_wconf 64' lang='lat' dir='ltr'>D&#39;Vn·</span> <span class='ocrx_word' id='word_1_182' title='bbox 312 2126 392 2162; x_wconf 60' lang='lat' dir='ltr'>(tam</span> <span class='ocrx_word' id='word_1_183' title='bbox 417 2130 460 2159; x_wconf 82' lang='lat' dir='ltr'>q:</span> <span class='ocrx_word' id='word_1_184' title='bbox 491 2117 556 2146; x_wconf 86' lang='lat' dir='ltr'>iam</span> <span class='ocrx_word' id='word_1_185' title='bbox 575 2111 652 2141; x_wconf 74' lang='lat' dir='ltr'>er:</span> 
     </span>
     <span class='ocr_line' id='line_1_46' title="bbox 194 2107 1521 2208; baseline -0.052 -4"><span class='ocrx_word' id='word_1_186' title='bbox 194 2183 238 2204; x_wconf 80' lang='lat' dir='ltr'>an</span> <span class='ocrx_word' id='word_1_187' title='bbox 256 2168 344 2208; x_wconf 82' lang='lat' dir='ltr'>Quid</span> <span class='ocrx_word' id='word_1_188' title='bbox 362 2171 475 2196; x_wconf 85' lang='lat' dir='ltr'>tamen</span> <span class='ocrx_word' id='word_1_189' title='bbox 496 2156 646 2199; x_wconf 69' lang='lat' dir='ltr'>(tandem</span> <span class='ocrx_word' id='word_1_190' title='bbox 658 2151 684 2181; x_wconf 56' lang='grc' dir='ltr'>Ἣ</span> <span class='ocrx_word' id='word_1_191' title='bbox 704 2148 738 2178; x_wconf 85' lang='lat' dir='ltr'>in</span> <span class='ocrx_word' id='word_1_192' title='bbox 756 2154 792 2174; x_wconf 88' lang='lat' dir='ltr'>re</span> <span class='ocrx_word' id='word_1_193' title='bbox 806 2139 938 2182; x_wconf 85' lang='lat' dir='ltr'>publica</span> <span class='ocrx_word' id='word_1_194' title='bbox 949 2129 1144 2166; x_wconf 64' lang='lat' dir='ltr'>honestius?</span> <span class='ocrx_word' id='word_1_195' title='bbox 1238 2130 1275 2150; x_wconf 87' lang='lat'>12</span> <span class='ocrx_word' id='word_1_196' title='bbox 1297 2111 1435 2156; x_wconf 88' lang='lat' dir='ltr'>possitis</span> <span class='ocrx_word' id='word_1_197' title='bbox 1446 2107 1498 2138; x_wconf 86' lang='lat' dir='ltr'>Kb</span> <span class='ocrx_word' id='word_1_198' title='bbox 1515 2117 1521 2135; x_wconf 80' lang='lat'><em>;</em></span> 
     </span>
     <span class='ocr_line' id='line_1_47' title="bbox 681 2159 1523 2229; baseline -0.052 -7"><span class='ocrx_word' id='word_1_199' title='bbox 681 2197 693 2222; x_wconf 89' lang='lat' dir='ltr'>t</span> <span class='ocrx_word' id='word_1_200' title='bbox 710 2195 849 2229; x_wconf 82' lang='lat' dir='ltr'>sperare</span> <span class='ocrx_word' id='word_1_201' title='bbox 868 2182 921 2221; x_wconf 84' lang='lat' dir='ltr'>Dp</span> <span class='ocrx_word' id='word_1_202' title='bbox 936 2179 979 2210; x_wconf 82' lang='lat' dir='ltr'>al.</span> <span class='ocrx_word' id='word_1_203' title='bbox 1000 2188 1006 2206; x_wconf 88' lang='lat'>:</span> <span class='ocrx_word' id='word_1_204' title='bbox 1032 2179 1168 2214; x_wconf 81' lang='lat' dir='ltr'>sperare</span> <span class='ocrx_word' id='word_1_205' title='bbox 1185 2166 1297 2213; x_wconf 66' lang='lat' dir='ltr'>potest</span> <span class='ocrx_word' id='word_1_206' title='bbox 1313 2169 1352 2199; x_wconf 79' lang='lat' dir='ltr'>qr</span> <span class='ocrx_word' id='word_1_207' title='bbox 1484 2159 1523 2187; x_wconf 86' lang='lat'>15</span> 
     </span>
    </p>
   </div>
   <div class='ocr_carea' id='block_1_22' title="bbox 196 2200 1309 2261">
    <p class='ocr_par' dir='ltr' id='par_1_22' title="bbox 196 2200 1309 2261">
     <span class='ocr_line' id='line_1_48' title="bbox 196 2200 679 2257; baseline -0.052 -9"><span class='ocrx_word' id='word_1_208' title='bbox 196 2212 340 2257; x_wconf 84' lang='lat' dir='ltr'>possetis</span> <span class='ocrx_word' id='word_1_209' title='bbox 357 2209 442 2239; x_wconf 73' lang='grc' dir='ltr'>Βψπ</span> <span class='ocrx_word' id='word_1_210' title='bbox 581 2200 679 2237; x_wconf 86' lang='lat' dir='ltr'>potes</span> 
     </span>
     <span class='ocr_line' id='line_1_49' title="bbox 754 2214 1309 2261; baseline -0.049 0"><span class='ocrx_word' id='word_1_211' title='bbox 754 2232 793 2261; x_wconf 84' lang='lat'>18</span> <span class='ocrx_word' id='word_1_212' title='bbox 818 2223 989 2258; x_wconf 79' lang='lat' dir='ltr'>reiceretis</span> <span class='ocrx_word' id='word_1_213' title='bbox 1003 2225 1025 2260; x_wconf 81' lang='lat' dir='ltr'>p</span> <span class='ocrx_word' id='word_1_214' title='bbox 1041 2230 1048 2249; x_wconf 68' lang='grc' dir='ltr'><strong>ι</strong></span> <span class='ocrx_word' id='word_1_215' title='bbox 1072 2214 1256 2246; x_wconf 76' lang='lat' dir='ltr'>reiiceretis</span> <span class='ocrx_word' id='word_1_216' title='bbox 1269 2216 1288 2245; x_wconf 88' lang='lat' dir='ltr'><em>q</em></span> <span class='ocrx_word' id='word_1_217' title='bbox 1303 2216 1309 2234; x_wconf 80' lang='lat' dir='ltr'>z</span> 
     </span>
    </p>
   </div>
   <div class='ocr_carea' id='block_1_23' title="bbox 198 2241 1216 2415">
    <p class='ocr_par' dir='ltr' id='par_1_23' title="bbox 198 2241 608 2297">
     <span class='ocr_line' id='line_1_50' title="bbox 198 2241 608 2297; baseline -0.054 -6"><span class='ocrx_word' id='word_1_218' title='bbox 198 2257 347 2297; x_wconf 84' lang='lat' dir='ltr'>requirat</span> <span class='ocrx_word' id='word_1_219' title='bbox 358 2247 557 2282; x_wconf 84' lang='lat' dir='ltr'>iudiciorum</span> <span class='ocrx_word' id='word_1_220' title='bbox 578 2241 608 2281; x_wconf 83' lang='lat' dir='ltr'>q¹</span> 
     </span>
    </p>

    <p class='ocr_par' dir='ltr' id='par_1_24' title="bbox 201 2263 1216 2415">
     <span class='ocr_line' id='line_1_51' title="bbox 201 2263 1214 2334; baseline -0.05 0"><span class='ocrx_word' id='word_1_221' title='bbox 201 2303 263 2334; x_wconf 73' lang='grc' dir='ltr'>ΒΨ</span> <span class='ocrx_word' id='word_1_222' title='bbox 362 2305 403 2333; x_wconf 83' lang='grc'>23</span> <span class='ocrx_word' id='word_1_223' title='bbox 425 2291 516 2321; x_wconf 72' lang='lat' dir='ltr'>Verri</span> <span class='ocrx_word' id='word_1_224' title='bbox 535 2282 651 2316; x_wconf 86' lang='lat' dir='ltr'>euobis</span> <span class='ocrx_word' id='word_1_225' title='bbox 665 2283 687 2319; x_wconf 88' lang='lat' dir='ltr'>p</span> <span class='ocrx_word' id='word_1_226' title='bbox 703 2288 709 2307; x_wconf 76' lang='grc' dir='ltr'>ι</span> <span class='ocrx_word' id='word_1_227' title='bbox 728 2276 853 2305; x_wconf 83' lang='lat' dir='ltr'>Verum</span> <span class='ocrx_word' id='word_1_228' title='bbox 871 2272 905 2299; x_wconf 84' lang='lat' dir='ltr'>et</span> <span class='ocrx_word' id='word_1_229' title='bbox 920 2264 1017 2297; x_wconf 86' lang='lat' dir='ltr'>vobis</span> <span class='ocrx_word' id='word_1_230' title='bbox 1030 2271 1081 2301; x_wconf 77' lang='lat' dir='ltr'>qr:</span> <span class='ocrx_word' id='word_1_231' title='bbox 1098 2263 1214 2288; x_wconf 76' lang='lat' dir='ltr'>verum</span> 
     </span>
     <span class='ocr_line' id='line_1_52' title="bbox 203 2296 1216 2377; baseline -0.052 1"><span class='ocrx_word' id='word_1_232' title='bbox 203 2347 244 2377; x_wconf 78' lang='lat'>28</span> <span class='ocrx_word' id='word_1_233' title='bbox 269 2342 366 2374; x_wconf 84' lang='lat' dir='ltr'>Haec</span> <span class='ocrx_word' id='word_1_234' title='bbox 384 2345 437 2367; x_wconf 84' lang='lat' dir='ltr'>me</span> <span class='ocrx_word' id='word_1_235' title='bbox 455 2342 510 2363; x_wconf 82' lang='lat' dir='ltr'>res</span> <span class='ocrx_word' id='word_1_236' title='bbox 530 2329 562 2359; x_wconf 90' lang='lat' dir='ltr'><em>D</em></span> <span class='ocrx_word' id='word_1_237' title='bbox 576 2332 598 2366; x_wconf 81' lang='lat' dir='ltr'>s&gt;</span> <span class='ocrx_word' id='word_1_238' title='bbox 614 2324 678 2355; x_wconf 79' lang='lat' dir='ltr'>rell.</span> <span class='ocrx_word' id='word_1_239' title='bbox 844 2324 865 2353; x_wconf 88' lang='lat' dir='ltr'>p</span> <span class='ocrx_word' id='word_1_240' title='bbox 1100 2302 1106 2308; x_wconf 78' lang='lat'>⁴</span> <span class='ocrx_word' id='word_1_241' title='bbox 1151 2299 1157 2305; x_wconf 94' lang='grc'><em>“</em></span> <span class='ocrx_word' id='word_1_242' title='bbox 1211 2296 1216 2301; x_wconf 89' lang='grc'><strong>”</strong></span> 
     </span>
     <span class='ocr_line' id='line_1_53' title="bbox 207 2362 780 2415; baseline -0.052 5"><span class='ocrx_word' id='word_1_243' title='bbox 207 2391 213 2397; x_wconf 84' lang='grc'><em>“</em></span> <span class='ocrx_word' id='word_1_244' title='bbox 306 2383 384 2415; x_wconf 66' lang='lat' dir='ltr'>*erb.</span> <span class='ocrx_word' id='word_1_245' title='bbox 403 2379 420 2409; x_wconf 87' lang='lat' dir='ltr'><em>b</em></span> <span class='ocrx_word' id='word_1_246' title='bbox 436 2388 443 2408; x_wconf 79' lang='lat' dir='ltr'><strong><em>z</em></strong></span> <span class='ocrx_word' id='word_1_247' title='bbox 468 2374 533 2405; x_wconf 86' lang='lat' dir='ltr'>iud.</span> <span class='ocrx_word' id='word_1_248' title='bbox 555 2370 639 2411; x_wconf 81' lang='lat' dir='ltr'>plur.</span> <span class='ocrx_word' id='word_1_249' title='bbox 655 2364 744 2397; x_wconf 87' lang='lat' dir='ltr'>verb.</span> <span class='ocrx_word' id='word_1_250' title='bbox 765 2362 780 2390; x_wconf 85' lang='grc' dir='ltr'>δ</span> 
     </span>
    </p>
   </div>
  </div>
 </body>
</html>
