1600 2704
87 141 127 178 17
147 145 187 175 44
510 114 571 150 M.
603 104 772 146 TVLLI
803 92 1109 141 CICERONIS

150 246 317 288 quorum
357 227 482 268 simile
530 219 691 260 forsitan
732 212 830 252 alius
874 216 1033 257 quoque
1073 196 1222 247 aliquid
1263 188 1477 240 aliquando

151 299 310 345 fecerit3
336 292 434 333 nihil
456 289 586 329 dicam
614 281 688 322 nisi
715 276 918 326 singulare,
942 267 1015 307 nisi
1041 266 1083 304 id
1111 260 1232 312 quod,
1247 257 1279 296 si
1298 256 1339 294 in
1358 252 1478 292 alium

153 378 263 406 reum
296 360 501 401 diceretur,
532 344 762 390 incredibile
804 326 1324 378 videretur—magistratum
1355 317 1482 365 Sicyo-

156 431 266 470 nium
287 434 472 464 nummos
502 412 694 468 poposcit.
765 408 827 445 Ne
857 402 904 440 sit
942 401 1018 437 hoc
1047 393 1197 433 crimen
1226 388 1268 425 in
1298 386 1485 421 Verrem:

159 497 334 534 fecerunt
354 486 428 526 alii.
490 484 593 522 Cum
614 478 679 515 ille
694 485 776 512 non
792 471 912 512 daret,
930 454 1205 502 animadvertit
1222 468 1229 490 :
1250 446 1487 499 improbum,
1510 455 1526 486 5

102 578 140 609 45
161 561 231 599 sed
252 568 332 595 non
353 548 585 590 inauditum.
647 542 782 579 Genus
810 520 1160 572 animadversionis
1190 517 1320 556 videte
1340 528 1347 552 :
1377 522 1491 561 quae-

163 623 253 663 retis
287 633 334 658 ex
365 629 445 666 quo
479 621 618 662 genere
645 601 849 643 hominem
877 596 995 634 istum
1028 584 1219 628 iudicetis.
1279 581 1419 629 Ignem
1448 586 1495 612 ex

166 686 280 739 lignis
305 680 496 721 viridibus
525 682 644 723 atque
676 664 821 718 umidis
856 661 897 699 in
926 660 1016 697 loco
1046 656 1212 702 angusto
1245 643 1327 683 fieri
1358 637 1496 679 iussit:

170 753 222 791 ibi
260 746 465 788 hominem
500 740 728 789 ingenuum,
774 726 883 768 domi
924 720 1109 763 nobilem,
1152 709 1289 764 populi
1319 703 1494 746 Romani

172 816 324 858 socium
362 818 480 860 atque
512 802 696 845 amicum,
722 798 833 834 fumo
863 785 1127 829 excruciatum
1156 774 1388 817 semivivum
1419 766 1502 806 reli·
1523 776 1562 800 10

174 883 267 935 quit.
329 880 415 917 Iam
437 884 537 923 quae
571 868 644 905 iste
676 863 797 912 signa,
824 867 921 906 quas
948 850 1101 890 tabulas
1132 843 1256 894 pictas
1288 852 1335 877 ex
1355 831 1505 874 Achaia

176 942 385 988 sustulerit,
413 950 495 977 non
529 933 658 973 dicam
698 929 775 964 hoc
805 924 922 960 loco:
962 921 1020 954 est
1054 909 1150 950 mihi
1183 905 1281 944 alius
1312 904 1423 940 locus
1456 896 1507 934 ad

178 1016 283 1053 hanc
309 1007 392 1047 eius
424 998 679 1052 cupiditatem
711 981 1061 1030 demonstrandam
1082 978 1292 1024 separatus.
1342 960 1509 1003 Athenis

181 1073 343 1117 audistis
375 1083 421 1108 ex
455 1066 553 1104 aede
588 1059 792 1099 Minervae
826 1048 972 1100 grande
1001 1041 1083 1081 auri
1115 1036 1272 1088 pondus
1309 1031 1513 1071 ablatum,

184 1141 334 1181 dictum
355 1142 412 1173 est
443 1133 520 1169 hoc
550 1127 589 1164 in
611 1125 684 1163 Cn.
702 1115 935 1158 Dolabellae
964 1105 1120 1147 iudicio.
1174 1096 1368 1138 Dictum?
1397 1091 1514 1131 etiam
1537 1098 1574 1132 15

186 1204 445 1246 aestimatum.
507 1191 639 1231 Huius
659 1182 800 1226 consili
821 1192 902 1219 non
930 1170 1160 1227 participem
1181 1166 1225 1205 C.
1249 1165 1424 1204 Verrem,
1447 1155 1516 1194 sed

189 1267 406 1324 principem
427 1260 545 1300 fuisse
565 1249 775 1304 reperietis.

131 1348 172 1390 46
247 1334 394 1373 Delum
414 1324 530 1365 venit.
591 1317 654 1357 Ibi
675 1329 721 1355 ex
741 1315 833 1351 fano
856 1301 1049 1356 Apollinis
1079 1291 1372 1346 religiosissimo
1400 1291 1520 1324 noctu

194 1403 295 1441 clam
325 1390 479 1434 sustulit
509 1386 619 1436 signa
648 1373 911 1432 pulcherrima
937 1375 1055 1417 atque
1083 1355 1366 1409 antiquissima,
1399 1359 1523 1398 eaque

195 1468 236 1506 in
265 1458 483 1502 onerariam
515 1462 655 1491 navem
691 1455 802 1484 suam
841 1432 1076 1477 conicienda
1114 1423 1273 1465 curavit.
1332 1412 1525 1456 Postridie
1547 1423 1586 1447 20

198 1543 288 1570 cum
320 1527 455 1564 fanum
489 1515 699 1568 spoliatum
734 1507 913 1546 viderent
950 1497 977 1537 ii
1011 1493 1079 1545 qui
1109 1491 1256 1530 Delum
1288 1479 1525 1523 incolebant,

200 1592 363 1646 graviter
384 1585 560 1626 ferebant
579 1594 588 1627 3
618 1584 676 1616 est
696 1572 802 1612 enim
832 1573 942 1606 tanta
961 1560 1066 1611 apud
1088 1569 1156 1595 eos
1177 1553 1260 1592 eius
1290 1546 1370 1587 fani
1397 1540 1531 1591 religio

202 1668 320 1709 atque
340 1648 552 1701 antiquitas
581 1651 624 1682 ut
644 1641 685 1679 in
705 1651 754 1677 eo
774 1638 864 1674 loco
887 1631 1017 1680 ipsum
1038 1619 1265 1673 Apollinem
1290 1619 1427 1652 natum
1448 1619 1532 1646 esse

205 1722 449 1762 arbitrentur.
508 1710 686 1749 Verbum
707 1711 840 1742 tamen
867 1698 994 1734 facere
1024 1701 1104 1727 non
1124 1682 1337 1725 audebant,
1359 1688 1409 1714 ne
1436 1674 1535 1711 forte

147 1794 189 1833 18
209 1802 255 1828 ea
275 1798 334 1824 res
355 1783 405 1821 ad
428 1775 677 1818 Dolabellam
693 1769 821 1817 ipsum
842 1758 1064 1812 pertineret.
1113 1751 1219 1787 Tum
1240 1742 1371 1783 subito
1391 1746 1538 1786 tempe·
1558 1749 1598 1784 25

212 1859 330 1892 states
350 1853 509 1887 coortae
529 1846 619 1879 sunt
640 1832 843 1874 maximae,
866 1823 1028 1866 iudices,
1042 1824 1085 1856 ut
1105 1827 1187 1853 non
1207 1810 1329 1849 modo
1345 1798 1540 1855 proficisci

214 1929 304 1957 cum
325 1917 484 1963 cuperet
507 1901 716 1945 Dolabella
745 1907 826 1933 non
856 1894 1000 1942 posset,
1023 1883 1093 1922 sed
1113 1879 1175 1918 vix
1204 1876 1244 1914 in
1273 1870 1424 1922 oppido
1453 1877 1542 1904 con-

216 1982 390 2021 sisteret:
420 1975 473 2013 ita
494 1967 626 2019 magni
647 1967 788 2004 fluctus
809 1955 1061 1997 eiciebantur.
1121 1942 1203 1983 Hic
1223 1937 1332 1978 navis
1353 1934 1419 1973 illa
1439 1942 1545 1982 prae-

265 2095 283 2114 ε
301 2081 363 2113 nisi
380 2075 550 2116 singulare
563 2071 599 2111 p²
616 2080 642 2100 s,
659 2067 679 2097 l.
751 2062 817 2094 nisi
834 2059 867 2090 id
890 2056 936 2089 T:
961 2051 1025 2085 nisi
1038 2050 1092 2090 Dp
1110 2045 1175 2078 rell.
1281 2050 1301 2079 4
1318 2033 1472 2079 poposcit
1485 2031 1545 2062 nb:

223 2126 330 2171 poscit
357 2123 391 2154 D
418 2121 483 2151 al.:
508 2115 614 2157 possit
643 2111 707 2149 (ᾖε
731 2106 818 2147 petit
843 2102 878 2133 K
989 2107 1005 2135 7
1030 2092 1203 2125 hominem
1230 2082 1341 2116 codd.:
1376 2076 1547 2109 hominum

226 2171 360 2203 Hotom.
379 2164 448 2196 edd.
486 2161 518 2200 ii,
540 2163 555 2196 ξ
578 2159 631 2195 17)
747 2160 781 2181 11
810 2148 874 2177 ista
894 2143 924 2175 T
1034 2147 1073 2167 12
1098 2132 1178 2164 mihi
1195 2129 1280 2160 alius
1300 2122 1441 2155 TAsc.:
1467 2117 1550 2150 alius

230 2214 308 2246 mihi
326 2211 381 2251 Dp
399 2206 464 2237 rell.
586 2210 624 2238 13
649 2196 745 2227 istius
762 2193 799 2233 qb
923 2185 1099 2224 separatus
1127 2174 1259 2213 Tpr:
1285 2169 1440 2200 servatus
1459 2160 1552 2203 p²rb5

236 2256 339 2296 15<16
363 2252 486 2282 dictum
505 2249 556 2276 est
573 2267 579 2274 .
599 2267 605 2274 .
623 2266 630 2273 .
651 2239 863 2270 aestimatum
885 2230 932 2261 Τπ
950 2240 957 2260 :
981 2235 1048 2257 om.
1066 2222 1129 2253 ΒΨ
1244 2222 1283 2253 15
1307 2214 1359 2242 est
1386 2209 1450 2239 hoc
1483 2203 1529 2235 Tb
1546 2212 1553 2233 z

232 2303 295 2333 hoc
312 2302 364 2328 est
380 2306 411 2324 π.
537 2287 599 2318 Cn.
617 2294 682 2315 om.
707 2280 736 2311 T
750 2278 838 2320 (106.
862 2274 915 2314 ¹9)
1042 2266 1081 2297 16
1104 2271 1172 2294 non
1189 2261 1275 2300 part.
1297 2254 1345 2286 T:
1370 2261 1437 2283 non
1454 2246 1555 2279 modo

234 2346 320 2385 part.
338 2339 393 2379 Dp
409 2334 475 2367 rell.
524 2330 571 2369 Cf.
589 2330 608 2367 i,
631 2331 646 2365 ξ
669 2324 730 2357 106
