1600 2704
63 138 115 178 47

70 373 123 421 48

66 643 127 676 119

85 1554 145 1577 120

141 137 199 167 118
505 123 563 161 Μ.
594 118 763 159 TVLLI
795 112 1102 156 CICERONIS

139 240 241 279 facio
280 251 362 276 non
400 233 595 276 existimet
634 243 698 268 me
738 225 881 267 summi
924 223 1028 263 offici
1066 220 1216 260 ratione
1253 217 1469 268 impulsum

140 312 404 352 coactumque
433 297 662 348 suscepisse.

198 372 330 419 Atque
351 374 394 406 ut
423 363 638 415 aliquando
668 361 718 398 de
748 358 865 397 rebus
894 355 944 394 ab
974 353 1050 392 isto
1080 348 1247 401 cognitis
1277 345 1472 386 iudicatis-

144 448 222 486 que
247 441 285 473 et
315 433 365 472 de
395 428 550 469 iudiciis
579 425 681 465 datis
709 423 839 463 dicere
869 419 1115 463 desistamus,
1140 422 1188 462 et,
1212 411 1401 464 quoniam
1422 412 1473 448 fa-

146 508 208 539 cta
229 497 340 537 istius
360 496 400 534 in
416 494 476 532 his
497 490 705 543 generibus
726 486 879 526 infinita
899 491 1000 530 sunt,
1023 495 1096 520 nos
1116 480 1281 518 modum
1301 475 1473 525 aliquem
1495 486 1515 517 5

147 572 185 604 et
220 565 340 602 finem
375 558 542 599 orationi
576 561 733 594 nostrae
767 549 1076 597 criminibusque
1114 544 1315 588 faciamus,
1350 552 1476 590 pauca

148 643 196 669 ex
228 627 312 667 aliis
351 623 559 675 generibus
598 622 810 658 sumemus.
871 612 1048 652 Audistis
1079 610 1131 649 ob
1165 609 1225 646 ius
1261 606 1476 645 dicendum

150 696 199 743 Q.
236 690 400 729 Varium
433 688 563 727 dicere
597 689 868 735 procuratores
907 690 999 716 suos
1033 675 1096 714 isti
1128 681 1288 712 centum
1323 669 1479 720 triginta

151 757 257 796 milia
287 765 496 793 nummum
524 749 692 795 dedisse,
725 742 958 784 meministis
989 742 1038 789 Q.
1067 737 1162 776 Vari
1195 732 1477 777 testimonium,

152 834 314 871 remque
353 820 456 857 hanc
495 822 619 854 totam
659 813 704 851 C.
745 806 979 853 Sacerdotis,
1021 802 1192 842 hominis
1230 795 1479 842 ornatissimi,
1505 808 1543 830 10

152 883 381 926 testimonio
415 876 675 931 comprobari,
712 874 817 913 scitis
857 873 929 912 Cn.
972 868 1150 913 Sertium,
1183 867 1241 903 M.
1283 861 1481 908 Modium,

154 951 307 1002 equites
363 950 579 990 Romanos,
630 947 831 981 sescentos
882 943 1081 988 praeterea
1127 931 1221 970 civis
1277 930 1485 967 Romanos

156 1018 382 1065 multosque
403 1012 555 1051 Siculos
577 1007 720 1048 dixisse
742 1019 782 1043 se
803 1003 866 1042 isti
887 999 1095 1052 pecuniam
1116 997 1168 1035 ob
1189 995 1248 1034 ius
1269 992 1484 1032 dicendum

157 1081 325 1122 dedisse.
382 1079 444 1115 De
464 1088 544 1126 quo
564 1072 727 1112 crimine
747 1068 844 1119 quid
861 1080 934 1117 ego
954 1065 1163 1114 disputem,
1186 1072 1277 1098 cum
1297 1058 1338 1096 id
1358 1063 1485 1095 totum

158 1145 331 1197 positum
360 1142 408 1181 sit
434 1141 473 1179 in
494 1138 690 1178 testibus?
718 1134 816 1185 quid
843 1144 959 1182 porro
982 1133 1242 1179 argumenter,
1271 1135 1349 1173 qua
1376 1121 1427 1159 de
1447 1132 1487 1158 re
1510 1131 1547 1162 15

159 1210 340 1250 dubitare
357 1217 475 1245 nemo
492 1202 644 1255 possit?
686 1202 750 1238 An
766 1200 843 1237 hoc
859 1194 1056 1236 dubitabit
1070 1191 1279 1242 quisquam
1295 1185 1487 1231 omnium,

160 1275 257 1326 quin
297 1274 328 1312 is
367 1271 546 1310 venalem
585 1267 625 1305 in
657 1263 788 1304 Sicilia
818 1261 911 1300 iuris
950 1257 1165 1298 dictionem
1204 1250 1385 1291 habuerit
1424 1248 1491 1299 qui

162 1344 317 1380 Romae
356 1345 483 1377 totum
521 1333 696 1373 edictum
733 1337 853 1379 atque
886 1324 1020 1365 omnia
1051 1323 1209 1360 decreta
1241 1313 1495 1356 vendiderit?

162 1414 201 1446 et
239 1406 334 1455 quin
368 1402 399 1440 is
433 1401 484 1439 ab
523 1397 663 1438 Siculis
702 1395 755 1434 ob
790 1395 948 1433 decreta
982 1384 1271 1437 interponenda
1304 1378 1493 1431 pecunias

164 1470 320 1521 ceperit,
371 1466 439 1517 qui
488 1466 545 1502 M.
589 1460 800 1502 Octavium
848 1456 1032 1506 Ligurem
1080 1448 1290 1501 pecuniam
1338 1445 1392 1484 ob
1435 1443 1495 1481 ius
1519 1453 1564 1475 20

165 1536 381 1575 dicendum
413 1527 666 1582 poposcerit?
723 1523 845 1573 Quod
880 1520 986 1560 enim
1024 1517 1097 1555 iste
1134 1521 1334 1566 praeterea
1372 1521 1496 1560 genus

166 1599 358 1651 pecuniae
388 1595 591 1646 cogendae
620 1588 847 1643 praeteriit?
877 1585 986 1636 quod
1016 1595 1097 1621 non
1123 1580 1175 1618 ab
1197 1576 1383 1616 omnibus
1413 1572 1498 1612 aliis

167 1663 420 1716 praeteritum
452 1656 715 1709 excogitavit?
755 1665 881 1702 ecqua
915 1662 976 1688 res
1004 1646 1112 1697 apud
1142 1642 1317 1682 civitates
1348 1638 1499 1678 Siculas

169 1729 372 1779 expetitur,
413 1726 453 1763 in
491 1737 570 1774 qua
607 1729 674 1760 aut
708 1721 837 1757 honos
870 1713 1011 1764 aliquis
1048 1711 1096 1749 sit
1126 1716 1193 1747 aut
1226 1712 1400 1757 potestas
1431 1708 1499 1740 aut

170 1791 405 1844 procuratio,
437 1789 532 1840 quin
557 1800 644 1826 eam
676 1797 757 1823 rem
784 1790 826 1820 tu
853 1781 904 1819 ad
928 1786 1040 1817 tuum
1069 1780 1277 1825 quaestum
1307 1767 1500 1808 nundina·
1520 1782 1563 1813 25

97 1872 154 1910 49
173 1859 403 1907 tionemque
423 1852 631 1893 hominum
653 1845 896 1888 traduxeris?
949 1842 1067 1882 Dicta
1086 1846 1178 1878 sunt
1197 1836 1325 1888 priore
1344 1832 1501 1872 actione

173 1931 212 1962 et
258 1920 439 1973 privatim
487 1926 525 1956 et
572 1914 730 1966 publice
778 1908 1003 1950 testimonia
1018 1922 1028 1955 ;
1078 1903 1194 1954 legati
1242 1896 1501 1948 Centuripini,

176 1985 396 2033 Halaesini,
413 1982 657 2027 Catinenses,
682 1973 1058 2023 Panhormitanique
1078 1970 1270 2013 dixerunt,
1294 1965 1504 2003 multarum

176 2060 375 2104 praeterea
404 2049 618 2092 civitatum,
651 2045 728 2082 iam
764 2055 856 2081 vero
885 2037 1065 2090 privatim
1095 2031 1262 2085 plurimi.
1324 2030 1505 2077 Quorum

177 2131 223 2156 ex
244 2113 478 2155 testimoniis
499 2122 737 2161 cognoscere
753 2104 935 2158 potuistis
955 2109 1038 2140 tota
1057 2097 1187 2138 Sicilia
1208 2108 1275 2146 per
1296 2091 1507 2132 triennium
1528 2103 1570 2133 30

223 2231 242 2250 2
268 2224 486 2257 coactumque
506 2215 600 2246 malit
617 2213 721 2245 abesse
738 2208 894 2241 Zielinski
911 2207 962 2247 (p.
986 2204 1061 2244 194)
1270 2208 1291 2236 4
1316 2197 1358 2228 de
1376 2205 1442 2226 om.
1467 2192 1507 2223 0¹

180 2266 200 2296 8
225 2263 364 2302 triginta
384 2260 447 2291 01:
474 2265 507 2290 et
525 2259 596 2296 trig.
613 2262 637 2298 p
655 2256 718 2287 rell.
905 2261 926 2289 9
948 2247 1074 2279 Valerii
1092 2244 1150 2276 cOl
1326 2249 1366 2279 13
1387 2248 1424 2269 se
1442 2236 1509 2268 cO:

182 2318 248 2339 om.
266 2311 289 2346 p
306 2305 371 2336 rell.
511 2312 548 2340 14
574 2302 605 2331 id
623 2299 670 2331 cO
685 2310 692 2329 ε
716 2308 781 2329 om.
806 2295 869 2326 rell.
1007 2301 1045 2321 21
1073 2289 1137 2319 iste
1153 2285 1213 2318 [Οι
1229 2295 1236 2316 :
1260 2288 1313 2315 est
1331 2281 1394 2313 rell.
1415 2280 1460 2320 (p
1477 2280 1510 2308 in

184 2350 267 2389 ναε.)
451 2356 492 2385 23
517 2354 623 2384 ecqua
636 2348 660 2384 p
677 2342 739 2373 rell.
756 2343 884 2381 praeter
900 2337 930 2369 O
946 2336 979 2367 in
997 2344 1061 2375 quo
1077 2335 1123 2363 est
1138 2331 1202 2361 hec
1218 2337 1361 2368 quaere:
1386 2332 1511 2362 ecquae

184 2393 304 2430 Halm,
323 2389 435 2421 Muell.
