1600 2704
50 131 101 179 58
127 141 183 175 152
490 111 544 148 M.
577 102 746 144 TVLLI
778 88 1085 138 CICERONIS

127 234 311 275 movebat
343 225 450 277 quod
486 222 548 258 ille
580 227 670 255 cum
702 220 793 258 toga
826 208 1035 256 praetexta,
1069 206 1189 246 quam
1228 188 1337 240 quod
1375 183 1459 222 sine

132 301 236 339 bulla
252 298 421 334 venerat.
471 282 648 322 Vestitus
664 275 769 316 enim
783 268 985 310 nerninem
999 256 1277 302 commovebat
1292 252 1323 290 is
1341 259 1461 300 quem

131 365 185 404 illi
200 373 285 401 mos
301 366 339 397 et
355 356 414 394 ius
428 342 680 400 ingenuitatis
696 339 816 378 dabat
832 349 842 382 3
860 331 969 383 quod
983 328 1259 367 ornamentum
1275 311 1464 367 pueritiae

134 437 243 481 pater
264 424 436 464 dederat,
460 411 651 454 indicium
679 412 797 453 atque
824 397 977 447 insigne
1004 394 1194 432 fortunae,
1218 386 1296 422 hoc
1316 379 1367 418 ab
1388 376 1464 414 isto

137 492 336 544 praedone
375 489 552 531 ereptum
592 484 676 512 esse
715 465 879 519 graviter
917 468 1001 499 tum
1036 463 1074 494 et
1112 449 1252 491 acerbe
1286 441 1469 483 homines
1489 450 1507 482 5

59 569 119 603 ¹53
140 556 327 596 ferebant.
386 548 530 594 Neque
550 543 659 579 erant
679 535 768 572 illae
780 527 964 568 lacrimae
983 519 1192 573 populares
1209 509 1331 561 magis
1353 516 1472 556 quam

142 628 309 662 nostrae,
333 623 452 663 quam
477 617 579 651 tuae,
603 603 651 650 Q.
676 592 880 638 Hortensi,
903 599 1023 639 quam
1052 585 1194 622 horum
1225 575 1293 627 qui
1323 578 1476 611 senten·
1536 595 1538 597 >

145 685 238 724 tiam
259 677 372 719 laturi
394 680 495 720 sunt,
523 670 616 708 ideo
640 663 748 715 quod
778 652 1001 698 communis
1028 656 1086 690 est
1113 656 1241 689 causa,
1264 646 1478 679 commune

148 747 393 799 periculum:
428 730 631 777 communi
660 723 857 779 praesidio
891 718 978 758 talis
1012 709 1243 764 improbitas
1275 710 1479 751 tamquam

150 810 312 860 aliquod
356 799 585 843 incendium
625 787 948 840 restinguendum
987 786 1055 819 est.
1127 773 1337 813 Habemus
1376 763 1481 803 enim
1504 773 1543 796 10

153 878 297 915 liberos
317 880 457 922 parvos
475 880 484 913 3
512 864 705 902 incertum
728 862 786 894 est
807 862 926 902 quam
947 849 1065 894 longa
1085 839 1277 887 cuiusque
1305 838 1485 871 nostrum

155 941 235 979 vita
267 939 396 975 futura
429 931 502 975 sit3
544 924 750 965 consulere
779 915 855 955 vivi
885 926 930 952 ac
968 905 1192 961 prospicere
1222 899 1416 940 debemus
1444 899 1488 930 ut

159 1006 314 1043 illorum
353 994 526 1036 solitudo
571 997 608 1027 et
653 981 818 1036 pueritia
862 988 981 1028 quam
1027 967 1252 1010 firmissimo
1293 955 1490 1013 praesidio

162 1066 313 1107 munita
337 1063 396 1101 sit.
456 1054 556 1106 Quis
583 1059 641 1091 est
661 1048 767 1089 enim
788 1044 855 1095 qui
875 1039 974 1081 tueri
1001 1034 1125 1088 possit
1147 1032 1316 1071 liberum
1343 1029 1493 1062 nostro-

164 1145 249 1172 rum
277 1125 483 1180 pueritiam
509 1126 645 1159 contra
670 1109 963 1163 improbitatem
991 1094 1312 1150 magistratuum?
1351 1089 1494 1132 Mater,
1516 1098 1554 1131 15

167 1197 297 1236 credo.
357 1188 513 1230 Scilicet
535 1192 678 1231 magno
694 1172 889 1228 praesidio
909 1169 981 1208 fuit
1001 1163 1157 1205 Anniae
1173 1158 1346 1211 pupillae
1360 1159 1498 1197 mater,

168 1260 313 1300 femina
344 1251 552 1306 primaria:
582 1244 713 1284 minus
743 1240 807 1278 illa
836 1238 934 1276 deos
963 1229 1228 1276 hominesque
1263 1220 1500 1270 implorante

171 1327 243 1364 iste
278 1317 416 1360 infanti
454 1312 627 1366 pupillae
665 1308 840 1345 fortunas
879 1297 1022 1350 patrias
1060 1289 1219 1331 ademit.
1278 1287 1502 1323 Tutoresne

173 1384 419 1429 defendent?
467 1374 655 1417 Perfacile
693 1381 787 1408 vero
823 1365 930 1415 apud
970 1359 1081 1398 istius
1120 1352 1230 1393 modi
1269 1354 1501 1400 praetorem,

176 1468 198 1492 a
219 1464 299 1502 quo
321 1450 377 1486 M.
402 1440 580 1484 Marcelli
609 1434 748 1476 tutoris
776 1431 816 1470 in
847 1439 965 1468 causa
984 1420 1123 1475 pupilli
1152 1416 1244 1457 Iuni
1265 1421 1303 1453 et
1323 1409 1447 1451 oratio
1468 1414 1506 1446 et
1527 1418 1566 1443 20

178 1519 359 1556 voluntas
381 1519 419 1550 et
438 1504 650 1547 auctoritas
671 1496 875 1549 repudiata
896 1498 954 1531 est
971 1493 978 1528 ἓ

102 1563 163 1656 55594
237 1577 472 1629 Quaerimus
507 1570 625 1610 etiam
655 1564 753 1615 quid
785 1561 858 1599 iste
889 1558 929 1595 in
959 1553 1097 1593 ultima
1126 1544 1305 1597 Phrygia,
1342 1538 1438 1591 quid
1470 1536 1511 1574 in

183 1644 364 1687 extremis
386 1634 642 1688 Pamphyliae
671 1627 848 1681 partibus
878 1619 1023 1666 fecerit,
1046 1614 1172 1667 qualis
1202 1612 1242 1650 in
1272 1608 1377 1647 bello
1407 1613 1513 1654 prae-

185 1714 336 1751 donum
358 1705 506 1757 praedo
526 1700 610 1750 ipse
638 1693 753 1734 fuerit
783 1689 851 1741 qui
871 1688 910 1726 in
932 1687 1017 1724 foro
1037 1677 1173 1732 populi
1196 1670 1371 1714 Romani
1391 1668 1517 1719 pirata

188 1775 357 1814 nefarius
373 1767 584 1819 reperiatur
596 1765 613 1800 ?
657 1757 896 1799 Dubitamus
913 1749 1009 1801 quid
1030 1747 1102 1785 iste
1121 1744 1161 1782 in
1182 1738 1356 1779 hostium
1372 1732 1519 1785 praeda
1539 1744 1554 1765 2
1560 1740 1579 1774 5

190 1839 350 1878 molitus
372 1834 430 1880 sit,
454 1830 521 1882 qui
541 1824 749 1867 manubias
770 1818 846 1859 sibi
866 1823 994 1856 tantas
1014 1826 1060 1851 ex
1081 1812 1125 1848 L.
1149 1802 1302 1845 Metelli
1322 1794 1520 1838 manubiis

192 1902 337 1948 fecerit,
361 1898 427 1949 qui
458 1894 605 1934 maiore
633 1885 802 1941 pecunia
831 1888 1015 1933 quattuor
1045 1876 1250 1914 columnas
1278 1861 1521 1906 dealbandas

194 1980 314 2019 quam
335 1966 399 2003 ille
420 1960 549 2000 omnis
569 1952 837 1995 aedificandas
857 1942 1072 1986 locaverit?
1120 1939 1406 1985 Exspectemus
1426 1924 1523 1975 quid

197 2034 331 2074 dicant
373 2042 418 2067 ex
457 2023 587 2064 Sicilia
625 2018 772 2059 testes?
824 2012 924 2062 Quis
962 2016 1152 2055 umquam
1190 1998 1383 2047 templum
1428 1989 1525 2028 illud

199 2096 347 2147 aspexit
383 2092 477 2142 quin
516 2085 698 2126 avaritiae
732 2091 832 2126 tuae,
867 2076 961 2127 quin
1000 2069 1175 2115 iniuriae,
1208 2062 1303 2114 quin
1337 2054 1526 2097 audaciae
1545 2063 1586 2095 30

248 2211 266 2230 2
293 2200 481 2229 commovet
496 2192 525 2222 V
613 2200 631 2227 5
656 2194 724 2219 turn
741 2185 811 2215 Vn:
836 2193 901 2213 om.
921 2180 957 2210 hb
1046 2178 1067 2206 6
1091 2174 1169 2203 illae
1192 2169 1238 2199 V:
1264 2175 1324 2197 eae
1338 2168 1387 2204 p:
1412 2161 1475 2190 hae
1492 2157 1529 2187 ὸδ

210 2255 248 2275 10
272 2238 549 2278 restinguendum
568 2235 610 2263 sit
630 2231 679 2261 V:
705 2229 805 2260 -enda
821 2231 873 2256 est
886 2223 948 2264 prb
963 2220 1026 2252 rell.
1137 2225 1171 2245 11
1199 2212 1360 2247 cuiusque
1377 2208 1530 2236 nostrum

211 2287 281 2326 qu
298 2296 305 2315 ε
330 2287 480 2313 nostrum
498 2278 660 2315 cuiusque
676 2274 713 2303 ὸδ
820 2279 857 2299 12
881 2265 1046 2307 proficere
1065 2260 1100 2291 rb
1212 2265 1251 2292 14
1275 2256 1327 2283 est
1345 2249 1432 2280 enirn
1445 2245 1529 2286 pbb:

209 2330 297 2358 enim
315 2331 366 2357 est
384 2336 423 2363 qr
577 2328 616 2357 19
640 2315 823 2347 defendent
836 2318 859 2352 p
879 2314 885 2326 ³
896 2313 933 2340 ut
947 2307 1026 2340 coni.
1045 2301 1176 2338 Madv.)
1194 2311 1200 2329 :
1225 2295 1446 2328 defenderent
1464 2285 1528 2318 rell.

210 2383 250 2402 22
274 2369 466 2409 quaerimus
482 2363 585 2394 Prisc.
607 2373 613 2391 ε
638 2365 839 2398 quaeremus
852 2360 876 2394 p
894 2351 958 2383 rell.
