1600 2704
79 142 122 181 51
145 144 205 177 127
506 117 563 155 M.
594 109 763 152 TVLLI
793 97 1100 146 CICERONIS

144 247 246 282 esset
266 233 497 284 inscriptum
518 237 665 266 nomen
685 212 956 259 Theomnasti.
1016 208 1079 247 Fit
1098 206 1245 244 clamor
1263 197 1467 243 maximus,

146 318 239 346 cum
278 302 319 341 id
351 292 542 337 universis
582 287 790 337 indignum
828 293 874 319 ac
903 273 1095 316 nefarium
1134 268 1340 307 videretur.
1411 262 1474 299 Ita

147 369 254 411 Iovis
292 364 389 404 illud
419 353 683 399 sacerdotium
721 343 1006 398 amplissimum
1039 349 1109 389 per
1145 335 1248 372 hanc
1282 327 1474 367 rationem

147 435 420 475 Theomnasto
441 426 565 465 datur.

69 483 130 566 152}
204 492 450 547 Cephaloedi
490 484 634 527 mensis
672 488 731 520 est
768 483 909 522 certus,
944 483 1026 522 quo
1062 477 1199 507 mense
1233 458 1478 500 sacerdotem
1499 465 1514 495 5

152 563 368 605 maximum
411 552 532 594 creari
578 551 770 599 oporteat.
839 542 932 578 Erat
974 534 1057 574 eius
1104 526 1265 569 honoris
1313 520 1480 571 cupidus

154 633 318 669 Artemo
348 621 523 672 quidam,
553 608 793 654 Climachias
820 599 1070 653 cognomine,
1097 596 1221 633 homo
1255 600 1349 628 sane
1378 587 1483 622 locu-

156 696 240 745 ples
268 697 306 729 et
336 684 446 726 domi
475 678 630 720 nobilis.
689 673 768 712 Sed
802 670 834 708 is
863 665 946 706 fieri
976 663 1087 702 nullo
1120 658 1242 697 modo
1272 656 1424 704 poterat
1453 646 1483 684 si

159 755 391 797 Herodotus
426 746 588 798 quidam
622 740 801 779 adesset:
835 732 871 771 ei
899 732 1011 768 locus
1039 725 1104 763 ille
1137 728 1258 770 atque
1288 718 1417 755 honos
1447 710 1487 749 in

159 824 270 861 illum
290 826 439 857 annum
460 811 513 849 ita
533 804 669 848 deberi
694 799 907 853 putabatur
925 800 969 832 ut
988 804 1039 829 ne
1059 782 1299 828 Climachias
1325 777 1488 830 quidem
1512 789 1549 812 10

162 893 299 927 contra
339 880 499 921 diceret.
571 873 652 909 Res
690 866 742 905 ad
786 863 905 901 istum
942 856 1114 896 defertur
1151 857 1190 889 et
1234 845 1343 885 istius
1383 853 1490 880 more

162 947 380 991 deciditur:
420 942 642 980 toreumata
684 942 778 970 sane
818 932 913 964 nota
954 928 993 960 et
1035 915 1206 969 pretiosa
1251 910 1490 949 auferuntur.

166 1013 399 1054 Herodotus
416 1008 571 1045 Romae
591 1004 671 1038 erat
687 1010 698 1044 3
721 992 813 1033 satis
829 987 994 1042 putabat
1014 997 1055 1022 se
1075 982 1126 1020 ad
1141 975 1302 1018 comitia
1317 981 1494 1022 tempore

167 1086 375 1119 venturum
405 1071 437 1111 si
466 1066 592 1120 pridie
620 1060 803 1102 venisset.
862 1056 954 1099 Iste,
990 1063 1041 1088 ne
1074 1053 1141 1086 aut
1171 1042 1249 1082 alio
1281 1050 1417 1078 mense
1449 1047 1496 1073 ac

168 1147 225 1183 fas
255 1148 335 1182 erat
360 1134 521 1177 comitia
549 1130 798 1170 haberentur,
820 1127 888 1159 aut
914 1114 1125 1156 Herodoto
1148 1103 1345 1160 praesenti
1368 1104 1497 1141 honos
1520 1112 1557 1144 15

170 1209 418 1249 adimeretur,
441 1200 499 1252 (id
519 1195 628 1247 quod
647 1193 720 1230 iste
739 1201 821 1227 non
840 1182 1054 1226 laborabat,
1078 1171 1317 1217 Climachias
1338 1166 1500 1207 minime

172 1272 358 1320 volebat),
385 1255 716 1314 excogitat—dixi
735 1254 813 1292 iam
841 1249 1005 1292 dudum,
1028 1256 1110 1282 non
1130 1247 1189 1279 est
1209 1240 1333 1276 homo
1352 1229 1502 1272 acutior

174 1339 384 1390 quisquam
418 1342 492 1369 nec
526 1318 859 1369 fuit—excogitat,
890 1314 1065 1363 inquam,
1098 1318 1218 1358 quem
1253 1303 1305 1341 ad
1338 1299 1504 1338 modum

176 1415 311 1443 mense
332 1400 399 1438 illo
415 1393 591 1446 legitimo
606 1385 766 1428 comitia
781 1383 1018 1422 haberentur
1034 1387 1108 1413 nec
1122 1380 1256 1411 tamen
1273 1365 1506 1406 Herodotus

97 1488 156 1521 129
176 1470 316 1509 adesse
350 1467 495 1515 posset.
556 1457 628 1494 Est
659 1447 909 1491 consuetudo
947 1441 1169 1481 Siculorum
1207 1440 1508 1478 ceterorumque
1529 1439 1568 1461 20

179 1537 434 1574 Graecorum,
469 1522 579 1574 quod
617 1530 709 1558 suos
740 1514 825 1554 dies
864 1507 1091 1556 mensisque
1124 1510 1339 1550 congruere
1372 1495 1510 1533 volunt

181 1612 272 1639 cum
311 1593 403 1634 solis
441 1592 638 1636 lunaeque
676 1580 838 1625 ratione,
874 1582 917 1614 ut
955 1584 1037 1611 non
1075 1576 1304 1615 numquam,
1345 1559 1377 1598 si
1415 1556 1512 1608 quid

183 1667 390 1714 discrepet,
439 1656 611 1697 eximant
658 1660 783 1688 unum
830 1642 1002 1692 aliquem
1050 1635 1157 1675 diem
1203 1637 1270 1670 aut
1314 1636 1513 1666 summum

187 1732 353 1771 biduum
387 1738 434 1764 ex
466 1731 611 1764 mense,
644 1726 745 1765 quos
776 1709 831 1749 illi
866 1702 1126 1747 exaeresimos
1159 1696 1244 1736 dies
1283 1690 1515 1735 nominant3

188 1797 283 1835 item
317 1803 398 1830 non
432 1794 650 1834 numquam
685 1790 767 1816 uno
801 1772 866 1813 die
900 1767 1118 1818 longiorem
1151 1771 1330 1799 mensem
1369 1753 1518 1793 faciunt
1539 1762 1575 1794 25

189 1868 256 1900 aut
294 1857 428 1896 biduo.
488 1852 603 1899 Quae
641 1856 733 1884 cum
767 1840 839 1878 iste
878 1837 1087 1885 cognosset
1124 1838 1250 1866 novus
1287 1821 1517 1868 astrologus,

192 1925 259 1976 qui
289 1935 370 1962 non
399 1927 480 1957 tam
509 1912 607 1954 caeli
635 1908 828 1948 rationem
857 1913 977 1952 quam
1007 1893 1145 1936 caelati
1171 1888 1320 1941 argenti
1347 1887 1519 1928 duceret,

193 1987 310 2030 eximi
335 1985 444 2024 iubet
470 1993 551 2019 non
578 1976 685 2016 diem
712 1985 759 2011 ex
788 1979 934 2012 mense,
958 1963 1028 2002 sed
1059 1973 1106 1999 ex
1134 1969 1240 1996 anno
1264 1964 1388 1992 unum
1412 1946 1523 1988 dimi-

195 2055 428 2100 diatumque
466 2055 644 2085 mensem
682 2039 760 2076 hoc
798 2033 920 2072 modo
951 2036 1004 2075 ut,
1045 2037 1126 2075 quo
1164 2020 1229 2060 die
1266 2015 1374 2056 verbi
1408 2024 1525 2052 causa

199 2132 284 2158 esse
313 2117 510 2166 oporteret
541 2108 637 2146 Idus
663 2098 875 2143 Ianuarias,
907 2096 940 2133 is
969 2105 1017 2131 eo
1044 2089 1108 2129 die
1136 2083 1339 2125 Kalendas
1364 2076 1526 2117 Martias
1547 2087 1585 2118 30

202 2179 390 2233 proscribi
444 2176 621 2214 iuberet:
670 2168 802 2216 itaque
849 2163 892 2200 fit
940 2155 1124 2197 omnibus
1173 2144 1443 2188 recusantibus
1490 2147 1528 2179 et

249 2294 290 2324 25
314 2283 407 2314 Forte
424 2279 546 2309 faciant
696 2271 738 2301 26
762 2277 837 2299 cum
856 2266 919 2296 iste
936 2261 984 2293 cO
999 2272 1006 2291 :
1029 2259 1093 2289 iste
1110 2264 1183 2287 cum
1198 2252 1240 2291 pb
1379 2256 1421 2285 30
1445 2245 1472 2274 is
1489 2252 1530 2274 eo

208 2330 261 2361 die
279 2325 410 2366 scripsi:
435 2328 445 2352 ῑ
464 2332 503 2352 eo
521 2320 576 2351 die
594 2316 662 2348 cO:
688 2325 727 2345 eo
746 2312 799 2343 die
813 2316 836 2351 p
854 2320 861 2340 τ
885 2308 917 2338 in
936 2314 1013 2337 eum
1031 2303 1119 2333 diem
1142 2294 1331 2332 rVesenbe›g
1490 2295 1528 2324 31

209 2369 374 2413 proscribi
392 2367 521 2397 iuberet
538 2362 585 2394 cO
603 2372 608 2391 ε
634 2357 863 2399 proscriberet
881 2350 945 2382 rell.
