1600 2704
97 100 147 138 27
167 95 211 139 69
540 88 597 125 M.
619 87 787 124 TVLLI
829 83 1135 125 CICERONIS

95 1209 149 1248 28

166 202 375 251 Syracusas
422 207 524 238 totas
562 200 684 246 timet,
729 198 914 236 amandat
961 193 1332 243 hominem—quo?
1399 192 1501 242 Lily·

165 267 310 306 baeum
343 266 535 304 fortasse?
591 264 722 302 Video
741 277 750 311 ;
788 269 920 300 tamen
954 260 1136 298 homines
1171 257 1386 297 maritimos
1418 270 1499 295 non

165 333 282 381 plane
312 329 550 369 reformidat.
620 327 800 374 Minime,
834 327 995 364 iudices.
1054 325 1322 362 Panhormum
1355 322 1501 371 igitur?

164 396 301 435 Audio
317 410 327 443 3
365 406 607 445 quamquam
639 393 852 442 Syracusis,
876 390 1063 440 quoniam
1095 389 1134 427 in
1167 387 1411 438 Syracusano
1441 400 1501 425 ca-

165 468 255 511 ptus
290 467 382 507 erat,
414 458 594 505 maxime,
622 456 653 495 si
686 456 815 495 minus
849 454 1043 506 supplicio
1076 452 1205 500 adfici,
1239 460 1277 490 at
1313 451 1500 490 custodiri

165 525 384 575 oportebat.
457 525 521 561 Ne
553 522 822 560 Panhormum
856 520 1027 570 quidem.
1100 519 1193 566 Quo
1231 517 1374 567 igitur?
1421 527 1501 565 quo

165 589 341 639 putatis?
410 589 476 626 Ad
517 585 698 625 homines
734 598 756 623 a
796 584 1006 635 piratarum
1047 590 1154 621 metu
1193 589 1230 620 et
1277 580 1501 631 suspicione

164 653 437 700 alienissimos,
459 665 482 690 a
503 651 725 701 navigando
755 650 949 699 rebusque
975 646 1177 685 maritimis
1204 644 1499 691 remotissimos,

164 720 215 757 ad
250 716 543 767 Centuripinos,
574 714 755 754 homines
785 713 953 754 maxime
978 711 1295 757 mediterraneos,
1325 722 1502 748 summos

165 790 345 829 aratores,
362 780 429 832 qui
446 793 593 819 nomen
609 792 826 829 numquam
843 778 1064 816 timuissent
1079 774 1262 813 maritimi
1278 773 1499 825 praedonis,

165 861 290 887 unum
325 854 363 886 te
397 853 575 896 praetore
605 844 846 882 horruissent
871 841 1104 892 Apronium,
1134 847 1353 879 terrestrem
1381 837 1503 876 archi-

166 912 345 963 piratam.
406 912 457 949 Et
487 918 529 948 ut
557 908 683 959 quivis
711 909 824 946 facile
851 906 1087 957 perspiceret
1122 904 1163 943 id
1190 905 1241 943 ab
1270 905 1344 943 isto
1369 911 1501 943 actum

165 991 252 1016 esse
284 984 326 1015 ut
359 977 423 1014 ille
455 975 681 1025 suppositus
713 972 825 1011 facile
850 980 888 1010 et
922 971 1088 1009 libenter
1113 983 1153 1008 se
1187 969 1297 1007 illum
1326 969 1392 1019 qui
1421 981 1502 1006 non

167 1050 249 1081 erat
297 1054 382 1080 esse
430 1040 643 1087 simularet,
691 1037 856 1088 imperat
903 1034 1171 1086 Centuripinis
1218 1042 1261 1072 ut
1308 1033 1340 1072 is
1397 1033 1503 1072 victu

168 1106 388 1156 ceterisque
440 1105 557 1143 rebus
618 1116 738 1154 quam
783 1100 1054 1140 liberalissime
1099 1098 1503 1149 commodissimeque

168 1170 431 1211 adhiberetur.

224 1237 381 1275 Interea
415 1232 655 1285 Syracusani,
691 1231 872 1271 homines
899 1229 1011 1282 periti
1047 1238 1084 1269 et
1118 1229 1293 1277 humani,
1324 1228 1389 1281 qui
1422 1243 1502 1268 non

162 1296 292 1340 'modo
313 1313 359 1339 ea
379 1313 480 1350 quae
501 1297 709 1349 perspicua
737 1304 868 1336 essent
889 1296 1020 1335 videre
1040 1308 1175 1335 verum
1197 1296 1317 1334 etiam
1346 1298 1504 1334 occulta

169 1364 357 1415 suspicari
393 1371 564 1414 possent,
596 1362 797 1401 habebant
837 1361 1028 1400 rationem
1063 1374 1201 1399 omnes
1233 1359 1378 1399 cotidie
1406 1362 1504 1410 pira-

170 1438 297 1468 tarum
318 1429 386 1480 qui
407 1427 532 1468 securi
553 1427 757 1468 ferirentur
772 1441 782 1475 3
813 1440 932 1477 quam
954 1428 1098 1465 multos
1119 1439 1204 1464 esse
1225 1433 1433 1476 oporteret,
1457 1440 1503 1464 ex

170 1495 256 1546 ipso
295 1494 451 1544 navigio
489 1493 599 1544 quod
637 1500 718 1531 erat
757 1499 916 1542 captum
952 1500 989 1530 et
1024 1505 1070 1530 ex
1101 1504 1299 1529 remorum
1338 1503 1504 1529 numero

170 1559 433 1600 coniciebant,
492 1559 583 1605 Iste,
614 1558 723 1608 quod
753 1556 881 1596 omnis
913 1556 979 1607 qui
1011 1556 1147 1594 artifici
1178 1555 1328 1606 aliquid
1360 1556 1506 1594 habue—

170 1633 256 1664 rant
286 1632 353 1664 aut
377 1625 527 1663 formae
557 1630 774 1662 removerat
801 1629 919 1672 atque
947 1622 1173 1668 abduxerat,
1197 1620 1368 1670 reliquos
1396 1619 1438 1666 si,
1462 1627 1504 1658 ut

171 1690 421 1730 consuetudo
459 1696 529 1735 est,
563 1687 765 1726 universos
799 1688 849 1725 ad
881 1688 1015 1736 palum
1053 1685 1260 1735 alligasset,
1290 1686 1502 1723 clamorem

171 1755 307 1806 populi
338 1755 420 1792 fore
454 1752 735 1803 suspicabatur,
758 1765 848 1790 cum
879 1758 988 1789 tanto
1020 1752 1149 1800 plures
1179 1750 1341 1789 abducti
1374 1757 1504 1788 essent

171 1833 292 1870 quam
324 1817 446 1857 relicti
463 1832 473 1865 3
512 1824 669 1867 propter
701 1818 803 1854 hanc
835 1829 993 1854 causam
1028 1829 1119 1854 cum
1146 1815 1377 1854 instituisset
1408 1815 1506 1853 alios

172 1885 250 1923 alio
285 1892 462 1933 tempore
496 1883 724 1932 producere,
759 1889 890 1920 tamen
923 1881 962 1919 in
1001 1888 1111 1919 tanto
1150 1888 1348 1919 conventu
1387 1892 1507 1917 nemo

174 1957 254 1988 erat
286 1948 382 1999 quin
410 1947 602 1986 rationem
632 1959 920 1996 numerumque
951 1946 1122 1993 haberet,
1153 1954 1191 1984 et
1222 1945 1391 1995 reliquos
1425 1958 1506 1983 non

175 2013 415 2054 desideraret
449 2013 578 2050 solum
612 2012 682 2050 sed
717 2011 833 2050 etiarn
862 2019 1040 2061 posceret
1075 2020 1112 2049 et
1144 2011 1343 2060 flagitaret.
1403 2011 1506 2050 Cum

198 2127 236 2163 2¹
256 2117 414 2147 amendat
432 2115 486 2156 Rp
502 2114 545 2145 al.
629 2125 646 2153 7
672 2115 815 2154 putastis
833 2112 898 2145 RS
973 2115 993 2144 8
1018 2124 1036 2145 a
1055 2114 1246 2153 navigando
1264 2104 1507 2145 rgmotissimos

178 2157 347 2199 re‘busque
365 2159 540 2190 maritimis
556 2158 663 2197 suppl.
680 2169 706 2189 s.
722 2158 741 2189 I.
757 2158 796 2198 p²
814 2169 820 2188 :
844 2158 914 2189 εἶπε
929 2158 1033 2198 Stgm's
1050 2162 1172 2197 transp.
1190 2168 1231 2197 qr
1366 2169 1375 2187 1
1388 2169 1398 2187 1
1428 2162 1505 2188 terr.

177 2204 349 2234 hominem
365 2203 455 2234 arch.
477 2214 498 2232 π
592 2211 630 2239 14
655 2206 690 2232 ut
709 2202 737 2232 is
755 2202 888 2242 (xhispr)
907 2201 999 2231 victu
1011 2202 1095 2241 pkB:
1122 2207 1157 2231 ut
1175 2202 1205 2232 ei
1222 2201 1330 2232 victus
1348 2200 1411 2231 RS
1427 2212 1433 2231 :
1460 2201 1506 2231 uti

177 2248 267 2276 victu
285 2246 392 2276 Halm
505 2246 545 2276 16
569 2245 753 2275 haberetur
771 2245 812 2276 nk
905 2256 944 2284 19
967 2246 1114 2275 omniurn
1131 2243 1226 2282 Era,
1247 2244 1366 2274 Eberlz.
1466 2253 1508 2282 23

179 2293 370 2320 removerat
387 2289 554 2328 atquepb:
579 2298 644 2318 om.
661 2286 724 2319 RS
805 2288 834 2319 si
852 2293 887 2318 ut
901 2287 972 2319 edd.
991 2299 996 2317 :
1023 2288 1107 2319 sicut
1125 2287 1209 2327 RSp
1224 2299 1229 2316 z
1257 2288 1283 2318 si
1302 2289 1388 2319 sicut
1400 2286 1508 2317 Halm

180 2334 221 2363 28
246 2333 325 2371 quin
347 2331 429 2371 VRp
446 2343 452 2361 :
478 2331 535 2371 qui
552 2341 619 2362 non
636 2329 710 2362 Sal.
845 2341 889 2372 29
913 2336 947 2362 et
965 2331 1127 2370 flagitaret
1146 2341 1210 2362 om,
1236 2330 1266 2360 V

1521 462 1538 493 5

1525 787 1564 810 10

1526 1114 1564 1146 15

1525 1439 1566 1461 20
