1600 2704
20 136 79 174 60
103 133 163 178 156
467 112 527 150 M.
557 101 726 145 TVLLI
758 85 1064 137 CICERONIS

22 254 82 289 ¹57
104 253 126 277 a
165 247 227 274 me
265 232 343 268 hoc
381 230 509 263 totum
545 207 734 262 temporis
768 213 886 242 causa
918 197 1107 246 putatote.
1166 186 1253 223 Iam
1288 176 1356 228 qui
1389 187 1436 213 ex

106 298 328 342 calamitate
368 282 557 327 senatoris
591 271 729 328 populi
762 261 946 307 Romani,
978 269 1069 297 eum
1100 256 1253 302 praetor
1291 239 1438 281 iudicio

108 369 191 408 eius
225 355 466 413 praefuisset,
501 344 625 398 spolia
654 341 821 379 domum
856 339 967 368 suam
995 322 1135 360 referre
1165 321 1204 354 et
1233 304 1440 349 manubias

110 429 314 472 detrahere
338 423 506 460 conatus
530 410 590 456 sit,
612 407 644 445 is
671 403 792 442 ullam
821 395 871 434 ab
897 402 981 430 sese
1008 381 1271 424 calamitatem
1300 367 1443 423 poterit

114 487 317 545 deprecari
330 488 346 525 ?
1465 443 1483 475 5

47 570 96 608 61
171 560 275 597 Nam
289 554 339 592 de
352 540 630 589 subsortitione
644 535 708 573 illa
722 527 890 570 Iuniana
904 519 1081 560 iudicum
1096 510 1194 551 nihil
1206 506 1309 546 dico.
1339 497 1449 548 Quid

120 622 253 665 enim?
301 620 437 655 contra
470 605 624 646 tabulas
659 608 755 648 quas
791 600 833 630 tu
864 579 1059 639 protulisti
1092 575 1262 615 audeam
1291 561 1451 606 dicere?

123 684 291 727 Difficile
313 686 371 719 est
387 691 396 724 3
425 685 506 712 non
526 667 632 708 enim
655 674 717 701 me
738 667 805 697 tua
825 654 953 693 solum
975 653 1013 686 et
1033 641 1210 682 iudicum
1229 627 1450 672 auctoritas,

123 753 193 792 sed
220 748 338 788 etiam
365 740 505 781 anulus
536 741 676 773 aureus
706 722 856 764 scribae
886 715 942 755 tui
972 712 1149 751 deterret.
1209 700 1303 738 Non
1324 693 1455 733 dicam

126 819 166 857 id
197 812 305 865 quod
335 806 500 859 probare
530 793 687 838 difficile
717 796 802 833 est3
840 785 917 821 hoc
946 777 1078 817 dicam
1107 766 1216 819 quod
1246 758 1455 801 ostendam
1479 764 1519 786 10

470 867 546 905 iros
577 855 779 912 primarios
809 847 977 890 audisse,
1008 851 1100 879 eum
1129 833 1278 873 diceres
1307 819 1458 874 ignosci

538 929 563 967 cl
598 925 739 963 falsum
773 913 954 955 codicem
987 897 1218 956 protuleris;
1256 903 1348 930 nam
1383 898 1461 935 qua

133 1008 280 1050 invidia
307 1006 353 1044 C.
378 997 515 1039 Iunius
544 982 806 1036 conflagravit,
839 991 898 1022 ea,
925 971 999 1012 nisi
1029 962 1275 1019 providisses,
1298 952 1370 993 tibi
1389 948 1464 1000 ipsi

53 1089 111 1132 158
136 1086 219 1116 tum
241 1066 488 1122 pereundum
510 1057 655 1096 fuisset.
717 1050 810 1086 Hoc
838 1040 960 1081 modo
986 1036 1059 1074 iste
1080 1028 1155 1069 sibi
1175 1033 1214 1064 et
1238 1018 1352 1061 saluti
1373 1027 1466 1054 suae

138 1135 359 1191 prospicere
381 1124 519 1168 didicit
533 1115 738 1159 referendo
759 1111 799 1148 in
816 1106 968 1146 tabulas
989 1107 1026 1138 et
1047 1095 1215 1147 privatas
1231 1094 1269 1126 et
1288 1080 1467 1135 publicas
1490 1089 1530 1121 15

792 1172 912 1212 lendo
951 1164 1060 1216 quod
1094 1164 1207 1201 esset,
1245 1159 1283 1191 et
1317 1156 1471 1195 semper

141 1202 250 1255 quod
284 1203 437 1249 gestum
469 1201 550 1227 non
585 1188 698 1226 esset,
734 1177 789 1215 tol

143 1264 293 1316 aliquid
321 1255 532 1300 demendo,
564 1243 768 1287 mutando,
799 1229 1099 1283 interpoland03
1139 1234 1187 1260 eo
1215 1216 1319 1256 enim
1348 1220 1474 1259 usque

1122 1285 1299 1325 ficiorum
1316 1285 1477 1316 suorum

144 1326 390 1384 progreditur
410 1328 452 1359 ut
473 1330 522 1355 ne
544 1308 816 1353 defensionem
837 1299 999 1350 quidem
1016 1292 1118 1330 male

147 1397 232 1435 sine
263 1390 347 1430 aliis
383 1378 584 1424 maleficiis
620 1371 787 1423 reperire
824 1362 958 1416 possit.
1019 1355 1115 1395 Eius
1151 1345 1259 1388 modi
1295 1335 1480 1382 subsorti-

150 1461 299 1500 tionem
333 1454 456 1491 homo
486 1437 778 1484 amentissimus
814 1438 974 1469 suorum
1004 1429 1164 1471 quoque
1193 1409 1370 1450 iudicum
1400 1404 1481 1440 fore
1503 1414 1545 1436 κο

152 1521 302 1576 putavit
323 1530 390 1569 per
411 1512 587 1553 sodalem
609 1515 724 1544 suum
746 1499 795 1546 Q.
821 1491 1016 1535 Curtium,
1042 1482 1215 1523 iudicem
1243 1465 1484 1524 quaestionis

154 1601 246 1629 suae
264 1601 271 1633 3
301 1582 364 1622 cui
385 1590 458 1628 ego
478 1573 552 1613 nisi
572 1570 610 1608 vi
631 1563 766 1618 populi
786 1568 905 1609 atque
931 1550 1139 1592 hominum
1167 1544 1338 1581 clamore
1368 1540 1486 1580 atque

156 1649 335 1694 convicio
350 1641 590 1684 restitissem,
611 1647 657 1672 ex
671 1633 744 1669 hac
762 1622 922 1665 decuria
937 1623 1074 1660 vestra,
1094 1609 1205 1650 cuius
1222 1601 1319 1643 mihi
1332 1596 1488 1647 copiam

157 1729 277 1769 quam
311 1707 525 1760 largissime
558 1703 703 1739 factam
738 1687 955 1742 oportebat,
989 1691 1088 1731 quos
1122 1681 1195 1713 iste
1228 1669 1420 1708 adnuerat
1450 1659 1491 1696 in

530 1767 613 1805 sine
635 1771 752 1801 causa
776 1747 1095 1794 subsortiebatur.
1515 1734 1555 1766 25

128 882 271 921 multos
302 888 349 914 ex
378 880 415 910 te
444 882 466 905 v

130 946 201 986 tibi
240 947 420 992 oportere
454 943 534 982 quo

161 1794 276 1822 suum
297 1773 506 1817 consilium

205 1897 223 1925 4
248 1884 291 1914 sit
305 1886 348 1921 pr
363 1877 452 1915 Asc.²
474 1871 574 1904 Prisc.
591 1879 596 1898 :
625 1868 676 1897 est
695 1859 783 1894 codd.
800 1856 879 1899 pler.
984 1857 1022 1887 13
1046 1837 1266 1878 conflagravit
1280 1840 1344 1875 pq:
1370 1829 1447 1861 »arit
1465 1827 1497 1857 νδ
1598 1835 1600 1851 ι

940 1892 1042 1925 tando
1065 1886 1185 1918 habent
1207 1881 1262 1911 ὁνδ
1287 1873 1433 1908 curando
1456 1880 1499 1901 ne
1596 1855 1600 1894 J

1598 1929 1600 1955 i

1598 1959 1600 1981 ι

166 1940 202 1969 17
228 1923 386 1958 mutando
417 1911 656 1955 interpolando
683 1913 749 1947 pq:
782 1903 857 1942 post
883 1906 937 1927 mu

975 1932 1113 1972 natgine
1128 1926 1193 1958 cod.
1209 1931 1232 1965 p
1250 1924 1371 1961 (manu
1386 1915 1501 1956 prima

163 1974 261 2004 litura
277 1968 449 2008 appareat,
471 1968 555 2000 quae
574 1953 667 1986 verba
689 1946 898 1989 reperiuntur
913 1939 947 1970 in
965 1948 974 1967 φ

524 2003 529 2007 ”
878 1977 1153 2014 subsortitionem
1166 1969 1242 1999 Asc.
1261 1978 1268 1996 ε
1291 1960 1502 1994 sortitionem

1005 2032 1037 2051 .:
1060 2029 1090 2049 v.
1104 2008 1308 2050 A111.J.Plz.
1328 2003 1419 2036 xxvi.
1439 2000 1505 2039 416

171 2112 234 2141 ego
261 2097 323 2129 nisi
347 2094 394 2126 V:
424 2091 489 2123 nisi
515 2096 579 2126 ego
603 2089 626 2123 p
653 2080 718 2111 rell.
743 2077 790 2116 gii,
812 2075 828 2111 ξ
851 2070 907 2110 64)
1042 2066 1144 2099 atque
1170 2053 1344 2086 hominum
1365 2046 1438 2077 Vn:
1471 2047 1505 2072 et

172 2146 260 2175 hom.
276 2142 294 2171 b
306 2138 369 2170 rell.
388 2137 432 2174 (v.
449 2131 632 2164 Iordanum
648 2124 693 2154 ad
703 2122 776 2159 loc.)
873 2123 914 2152 23
937 2112 1051 2141 vestra
1069 2102 1137 2134 an
1155 2111 1162 2130 ε
1178 2101 1295 2129 nostra
1307 2092 1383 2123 Asc.
1398 2089 1431 2128 (ξ
1449 2090 1503 2125 73)

175 2187 305 2226 copiam
341 2178 430 2212 codd.
448 2189 454 2206 ε
498 2174 701 2215 potestatem
733 2163 813 2194 Asc.
993 2161 1034 2188 24
1067 2142 1255 2183 largissime
1288 2133 1376 2167 codd.
1396 2143 1401 2161 τ
1441 2138 1508 2158 -am

177 2231 254 2260 Asc.
386 2222 506 2252 factam
523 2213 612 2247 codd.
629 2224 635 2241 z
662 2208 735 2240 fieri
753 2205 829 2236 Asc.
958 2190 1136 2234 oportebat
1153 2193 1236 2224 quos
1257 2179 1305 2210 V:
1331 2172 1512 2215 oportebat.

179 2276 296 2312 erepta
315 2271 404 2299 esset
423 2260 563 2294 facultas
581 2263 696 2288 eorum
716 2257 797 2290 quos
812 2251 834 2287 p
848 2242 912 2275 rell.
931 2251 938 2270 ε
963 2249 992 2270 v.
1006 2231 1138 2270 Anus.
1152 2228 1214 2260 Plz.
1234 2225 1254 2255 l.
1268 2233 1291 2254 c.

164 2057 262 2100 prell.
283 2066 318 2091 ll,
340 2055 355 2089 ξ
372 2051 428 2090 51)
