1600 2704
104 132 155 178 84

95 447 153 479 194

101 1418 161 1450 195

179 146 241 179 193
541 131 597 167 M.
630 130 798 168 TVLLI
830 129 1137 169 CICERONIS

175 254 267 280 cum
289 240 328 279 in
350 240 395 279 iis
416 239 512 279 locis
534 239 573 278 in
594 239 737 289 quibus
759 252 814 285 es,
834 239 1010 285 versaris,
1030 251 1110 277 rem
1131 237 1246 288 geris,
1266 237 1507 288 provinciam
1598 239 1600 295 1

175 305 440 352 administras,
459 312 615 355 paratus
636 304 709 343 sim
731 305 837 351 dare,
856 305 1044 354 angulum
1065 302 1159 340 mihi
1191 302 1361 353 aliquem
1390 303 1508 352 eligas
1598 309 1600 353 1

176 369 401 421 provinciae
422 369 670 409 reconditum
691 382 736 407 ac
757 368 1018 407 derelictum?
1048 367 1183 406 iubeas
1204 366 1259 406 ibi
1292 380 1355 406 me
1381 367 1509 405 metiri
1597 361 1600 416 1

177 448 257 485 quo
287 442 442 484 portare
472 447 552 472 non
583 433 779 484 expediat.
811 434 877 471 ubi
908 446 1036 470 emere
1068 445 1148 471 non
1179 431 1357 482 possim?
1433 433 1510 469 Im·
1598 419 1600 470 l

175 500 345 550 probum
375 499 541 545 facinus,
572 499 736 545 iudices,
762 512 842 537 non
872 498 1093 544 ferendum,
1126 496 1274 535 nemini
1305 498 1390 546 lege
1419 509 1509 534 con·
1530 507 1547 540 5
1598 498 1600 543 ξ

176 577 347 611 cessum,
378 565 447 603 sed
488 565 648 602 fortasse
687 563 818 601 adhuc
858 562 897 600 in
937 563 1045 600 nullo
1084 561 1201 599 etiam
1242 561 1508 599 vindicatum!

176 630 330 667 Tamen
356 641 429 678 ego
453 629 540 674 boc,
563 628 672 677 quod
703 627 789 665 ferri
816 639 918 676 nego
945 640 1076 676 posse,
1094 626 1220 673 Verri,
1241 626 1405 673 iudices,
1421 638 1511 664 con-

176 695 278 732 cedo
299 700 337 731 et
364 692 514 742 largior.
575 691 614 730 Si
636 692 716 729 ullo
738 691 776 729 in
798 692 886 729 loco
907 690 990 729 eius
1019 691 1243 741 provinciae
1270 692 1511 729 frumentum

178 757 274 796 tanti
307 757 378 795 fuit
400 756 537 807 quanti
558 756 630 795 iste
651 755 885 797 aestimavit,
906 757 982 794 hoc
1013 755 1161 793 crimen
1189 755 1229 793 in
1256 755 1374 793 istum
1399 756 1520 794 reum

177 824 304 860 valere
326 830 507 871 oportere
529 834 609 859 non
630 820 804 859 arbitror.
866 822 1014 858 Verum
1040 820 1145 859 enim
1168 833 1269 866 vero,
1293 833 1384 858 cum
1409 826 1511 858 esset
1536 832 1573 855 [ο

179 888 250 925 Hs
290 886 393 925 binis
422 894 489 924 aut
521 887 639 925 etiam
675 885 793 924 ternis
833 884 1036 935 quibusvis
1071 884 1110 922 in
1145 884 1242 923 locis
1274 884 1508 935 provinciae,

177 953 387 991 duodenos
427 951 624 990 sestertios
667 949 838 1000 exegisti.
909 949 949 989 Si
988 949 1084 987 mihi
1123 957 1254 988 tecum
1294 962 1423 999 neque
1462 950 1512 988 de

177 1030 337 1055 annona
365 1030 494 1067 neque
518 1018 569 1055 de
593 1015 868 1054 aestimatione
893 1022 959 1054 tua
980 1022 1109 1065 potest
1130 1028 1215 1053 esse
1235 1007 1514 1062 controversia,

179 1081 276 1132 quid
315 1082 444 1128 sedes,
483 1081 579 1131 quid
619 1087 835 1130 exspectas,
875 1080 971 1130 quid
1011 1080 1224 1119 defendis?
1272 1088 1402 1118 utrum
1442 1079 1513 1118 tibi

178 1147 371 1197 pecuniae
405 1154 566 1185 coactae
596 1145 827 1183 conciliatae
865 1145 1047 1183 videntur
1076 1145 1262 1183 adversus
1297 1147 1416 1194 leges,
1443 1145 1512 1183 ad·
1536 1156 1572 1188 15

179 1225 312 1251 versus
352 1224 433 1250 rem
468 1210 667 1261 publicam
707 1224 798 1249 cum
838 1209 1007 1248 maxima
1045 1210 1242 1248 sociorum
1277 1209 1430 1256 iniuria,
1463 1223 1513 1247 an

180 1290 273 1315 vero
305 1277 345 1315 id
372 1283 491 1317 recte,
523 1276 675 1317 ordine.
705 1288 725 1314 e
756 1289 794 1314 re
816 1274 988 1324 publica,
1009 1274 1092 1314 sine
1113 1274 1348 1325 cuiusquam
1375 1274 1514 1312 iniuria

182 1343 329 1379 factum
361 1354 447 1379 esse
476 1339 689 1379 defendis?
1596 1342 1600 1383 1

237 1407 341 1445 Cum
377 1405 447 1444 tibi
479 1413 636 1444 senatus
668 1418 715 1443 ex
752 1404 900 1443 aerario
938 1404 1148 1454 pecuniam
1182 1405 1438 1455 prompsisset
1476 1413 1514 1443 et
1595 1385 1600 1429 1

182 1470 357 1520 singulos
387 1470 457 1508 tibi
488 1470 670 1509 denarios
702 1471 999 1508 adnumerasset
1031 1483 1131 1519 quos
1170 1477 1212 1508 tu
1247 1483 1318 1520 pro
1353 1470 1513 1520 singulis
1535 1481 1576 1504 20

182 1535 324 1574 modiis
354 1534 571 1573 aratoribus
601 1535 780 1580 solveres,
804 1534 901 1584 quid
927 1536 1053 1573 facere
1080 1534 1283 1573 debuisti?
1340 1535 1380 1574 Si
1406 1537 1515 1585 quod
1595 1536 1600 1592 ’1

182 1601 225 1638 L.
252 1599 342 1638 Piso
367 1600 430 1637 ille
453 1599 579 1649 Frugi,
603 1599 671 1649 qui
691 1601 818 1649 legem
839 1600 889 1638 de
910 1599 1087 1649 pecuniis
1114 1600 1342 1650 repetundis
1367 1600 1514 1650 primus
1594 1606 1600 1661 3

182 1664 280 1710 tulit,
318 1677 409 1702 cum
441 1664 602 1703 emisses
637 1664 774 1714 quanti
806 1672 918 1710 esset,
956 1665 1064 1714 quod
1096 1673 1294 1715 superaret
1324 1665 1515 1715 pecuniae
1594 1658 1600 1716 Ξ

184 1728 396 1767 rettulisses
415 1744 423 1775 ;
452 1729 483 1767 si
505 1736 545 1767 ut
566 1728 765 1767 ambitiosi
793 1729 973 1768 homines
1000 1737 1067 1768 aut
1088 1730 1261 1780 benigni,
1282 1743 1373 1769 cum
1394 1731 1514 1781 pluris
1595 1719 1600 1778 1

184 1802 343 1832 senatus
373 1793 616 1832 aestimasset
646 1807 765 1844 quam
795 1795 931 1844 quanti
962 1803 1063 1834 esset
1089 1809 1258 1842 annona,
1283 1809 1328 1834 ex
1356 1803 1513 1834 senatus
1536 1779 1600 1850 25}

184 1858 468 1905 aestimatione,
506 1871 587 1897 non
627 1873 673 1898 ex
711 1873 893 1899 annonae
933 1861 1082 1900 ratione
1122 1861 1329 1909 solvisse53
1369 1861 1438 1907 sin,
1471 1868 1514 1898 ut
1595 1859 1600 1890 ῗ

1593 1891 1600 1992 1

1592 1993 1600 2079 Ξ

186 1923 361 1973 plerique
382 1923 541 1970 faciunt,
564 1924 603 1962 in
624 1938 704 1975 quo
726 1933 805 1964 erat
826 1926 945 1976 aliqui
967 1934 1163 1976 quaestus,
1187 1927 1257 1965 sed
1273 1926 1303 1964 15
1325 1927 1514 1964 honestus

185 1995 305 2037 atque
343 2001 565 2035 concessus,
616 1991 869 2038 frumentum,
918 1991 1106 2041 quoniam
1154 1990 1267 2029 vilius
1315 1998 1406 2037 erat,
1466 2004 1515 2028 ne

187 2052 358 2099 emisses,
383 2053 616 2104 sumpsisses
644 2054 683 2094 id
712 2069 963 2094 nummorum
989 2057 1097 2106 quod
1124 2055 1195 2094 tibi
1216 2062 1374 2094 senatus
1395 2056 1515 2094 cellae

187 2117 348 2156 nomine
378 2127 634 2157 concesserat.
1535 2126 1575 2157 30

237 2231 248 2250 r
277 2231 352 2251 cum
372 2228 396 2261 p
415 2223 504 2253 rell.:
532 2233 598 2254 om.
618 2222 649 2254 Ο
767 2233 804 2254 05
824 2229 848 2264 j>
873 2223 962 2255 rell.:
988 2234 1053 2254 om.
1077 2223 1106 2255 O
1268 2234 1285 2262 7
1312 2223 1374 2254 hoc
1399 2233 1461 2261 ego
1484 2222 1515 2253 Ο
1592 2190 1600 2264 i*

193 2273 240 2301 14,
265 2265 303 2294 18
328 2265 481 2296 defendis
498 2266 563 2297 cO:
589 2267 788 2307 desendesp
806 2267 869 2298 rell.
995 2277 1031 2305 15
1058 2272 1193 2298 coactae
1211 2265 1280 2297 cO:
1303 2277 1368 2298 om.
1383 2271 1408 2306 p
1422 2265 1485 2296 rell.
1508 2278 1514 2296 :
1592 2265 1600 2302 ξ,

191 2312 310 2345 captae
324 2307 463 2339 Mueller
478 2309 539 2349 (iii,
561 2311 597 2346 ἐξ
615 2320 670 2348 91,
688 2310 766 2349 225)
901 2320 937 2349 17
964 2310 1071 2350 recte]
1090 2311 1220 2341 ratione
1240 2310 1270 2340 O
1286 2310 1396 2349 (etiam
1417 2313 1431 2345 ξ
1451 2311 1514 2338 206
1593 2306 1600 2345 l}

191 2350 293 2388 infra)
409 2362 450 2382 20
475 2358 685 2383 numerasset
704 2353 734 2384 O
845 2363 882 2383 21
910 2353 1121 2393 persolveres
1143 2353 1174 2382 V
1271 2364 1309 2392 27
1335 2356 1408 2382 erat
1430 2351 1513 2381 VO:
1591 2342 1596 2388 l,

1591 2394 1596 2416 1

1598 2347 1600 2367 ι

191 2394 291 2424 etiam
307 2399 415 2434 eratp
433 2395 496 2425 rell.
1598 2369 1600 2428 i

1590 2437 1600 2536 1

1590 2537 1594 2606 1

1589 2611 1600 2704 1
