1600 2704
70 88 338 127 ACTIONIS
360 89 420 126 IN
443 88 488 127 C.
510 89 754 126 VERREM
775 88 1072 127 SECVNDAE
1095 89 1199 126 LIB.
1223 90 1282 127 IV
1353 88 1401 126 61
1425 93 1484 135 13⁶

71 196 354 245 Syracusanam
382 202 540 246 propter
570 195 732 234 Heracli
762 195 1020 235 hereditatem
1052 210 1133 235 non
1161 197 1290 236 minus
1319 211 1404 237 esse

70 259 132 298 isti
170 259 338 299 amicam
386 273 504 310 quarn
554 259 834 298 Mamertinam
882 267 1041 311 propter
1086 262 1320 311 praedarum
1359 275 1404 300 ac

70 325 261 363 furtorum
283 324 461 363 omnium
483 324 712 364 societatem
728 339 738 373 5
768 325 885 364 simul
901 333 939 364 et
953 325 1115 364 verebar
1129 338 1178 364 ne
1196 325 1404 364 mulierum

70 389 264 429 nobilium
294 397 333 429 et
362 391 622 429 formosarum
651 389 783 440 gratia,
816 403 982 441 quarum
1012 390 1086 429 iste
1109 389 1270 428 arbitrio
1300 403 1406 440 prae-

35 469 51 500 5
70 462 197 494 turam
227 467 295 505 per
324 454 536 494 triennium
565 463 746 506 gesserat,
768 455 1020 506 virorumque
1050 455 1287 506 quibuscum
1319 455 1406 494 illae

70 526 218 570 nuptae
234 526 354 567 erant,
374 519 495 558 nimia
515 519 555 558 in
573 519 691 558 istum
712 534 794 559 non
812 521 934 559 modo
954 519 1175 559 lenitudine
1196 521 1266 559 sed
1288 520 1405 559 etiam

71 584 301 624 liberalitate
336 598 592 636 oppugnarer,
625 585 656 624 si
692 585 788 636 quid
823 599 869 624 ex
904 584 1040 623 litteris
1072 586 1405 635 Syracusanorum

70 649 356 699 conquirerem.
415 651 555 700 Itaque
575 650 773 700 Syracusis
793 663 884 689 cum
905 650 1056 689 civibus
1078 650 1270 688 Romanis
1287 663 1404 696 eram,

71 727 208 753 eorum
247 715 400 753 tabulas
439 715 704 765 exquirebam,
745 715 904 754 iniurias
939 715 1242 766 cognoscebam.
1303 716 1406 755 Cum

15 795 54 818 10
72 778 220 817 diutius
241 778 280 817 in
302 779 461 830 negotio
487 794 659 831 curaque
689 781 850 827 fueram,
873 787 915 818 ut
940 779 1227 830 requiescerem
1258 792 1407 818 curam-

71 856 149 893 que
187 842 308 881 animi
354 845 603 891 remitterem,
644 845 695 882 ad
741 843 943 894 Carpinati
989 845 1205 894 praeclaras
1253 844 1406 883 tabulas

71 908 302 956 revertebar,
326 909 393 947 ubi
423 922 514 948 curn
545 908 743 960 equitibus
775 908 978 956 Romanis,
1006 909 1235 948 hominibus
1265 922 1312 947 ex
1342 909 1408 947 illo

70 980 270 1012 conventu
292 973 592 1021 honestissimis,
616 973 718 1013 illius
732 973 954 1021 VerruciOS,
973 974 1024 1012 de
1038 974 1182 1023 quibus
1202 980 1294 1012 ante
1315 973 1406 1020 dixi,

71 1038 347 1089 explicabam3
383 1052 406 1078 a
435 1038 685 1089 Syracusanis
714 1051 871 1089 prorsus
901 1037 998 1076 nihil
1027 1037 1247 1077 adiumenti
1279 1051 1408 1087 neque

16 1117 25 1141 ι
35 1119 51 1151 5
71 1103 230 1154 publice
259 1117 389 1155 neque
418 1103 598 1155 privatim
623 1104 913 1154 exspectabam,
935 1115 1065 1153 neque
1093 1110 1173 1141 erat
1203 1102 1242 1140 in
1273 1103 1406 1141 aninzo

71 1170 280 1220 postulare.

126 1234 229 1273 Cum
251 1234 349 1272 haec
369 1245 536 1284 agerem,
560 1241 721 1284 repente
748 1234 799 1272 ad
831 1246 893 1272 me
913 1232 1020 1271 venit
1043 1232 1267 1279 Heraclius,
1288 1232 1318 1269 is
1341 1232 1405 1281 qui

71 1305 155 1337 tum
201 1297 468 1349 magistratum
510 1297 707 1348 Syracusis
751 1298 935 1344 habebat,
983 1298 1106 1335 homo
1144 1296 1298 1342 nobilis,
1340 1295 1407 1346 qui

71 1363 254 1401 sacerdos
296 1362 400 1401 Iovis
440 1362 586 1409 fuisset,
627 1362 695 1413 qui
734 1364 862 1401 honos
901 1369 959 1400 est
997 1362 1104 1411 apud
1144 1362 1407 1410 Syracusanos

14 1441 54 1464 20
71 1426 348 1477 amplissimus.
409 1427 500 1478 Agit
531 1440 688 1466 mecum
718 1435 756 1465 et
786 1439 877 1465 cum
908 1427 1024 1464 fratre
1052 1438 1141 1464 meo
1163 1433 1216 1472 ut,
1239 1426 1269 1463 si
1292 1425 1407 1464 nobis

71 1491 276 1539 videretur,
300 1492 498 1531 adiremus
528 1493 579 1531 ad
608 1506 744 1531 eorum
775 1499 956 1530 senatum
977 1506 985 1538 ;
1014 1490 1229 1540 frequentis
1257 1503 1342 1530 esse
1368 1490 1407 1528 in

70 1557 177 1595 curia
194 1571 205 1605 3
234 1570 275 1595 se
296 1557 402 1595 iussu
424 1565 582 1596 senatus
603 1570 625 1595 a
646 1556 761 1596 nobis
782 1564 914 1607 petere
935 1564 977 1595 ut
998 1555 1230 1594 veniremus.
1276 1555 1407 1593 Primo

71 1622 186 1662 nobis
223 1622 293 1661 fuit
329 1622 497 1662 dubium
532 1622 629 1673 quid
663 1635 896 1672 ageremus;
936 1621 1082 1660 deinde
1117 1620 1196 1659 cito
1228 1620 1334 1659 venit
1367 1620 1407 1658 in

74 1695 248 1727 mentem
287 1701 367 1726 non
407 1701 492 1727 esse
531 1688 736 1727 vitandum
775 1687 885 1726 illum
931 1686 1046 1725 nobis
1090 1694 1330 1724 conventum
1370 1691 1408 1723 et

1430 662 1488 697 137

1428 1529 1500 1579 (62

1432 1591 1490 1630 138

14 1769 54 1802 25
73 1755 233 1801 locum3
262 1753 395 1803 itaque
425 1753 465 1791 in
500 1754 647 1792 curiam
678 1752 871 1792 venimus.
930 1751 1164 1790 Honorifice
1194 1763 1288 1789 sane
1317 1762 1409 1788 con·
1429 1753 1483 1790 62

72 1818 264 1869 surgitur,
311 1831 383 1857 nos
423 1827 559 1869 rogatu
598 1817 843 1868 magistratus
882 1816 1121 1856 adsedimus.
1193 1815 1337 1866 Incipit
1377 1815 1407 1853 is

72 1883 181 1933 loqui
202 1883 268 1933 qui
290 1891 328 1921 et
348 1885 580 1922 auctoritate
601 1890 639 1922 et
666 1890 794 1922 aetate
822 1889 871 1929 et,
895 1889 936 1920 ut
966 1880 1061 1919 mihi
1083 1880 1210 1918 visum
1241 1888 1309 1925 est,
1334 1893 1407 1918 usu

72 1961 199 1986 rerum
220 1949 491 1994 antecedebat,
512 1948 711 1987 Diodorus
727 1946 982 1993 Timarchidi,
1005 1946 1115 1984 cuius
1138 1945 1266 1984 omnis
1284 1945 1408 1984 oratio

71 2013 174 2051 hanc
204 2013 342 2051 habuit
371 2013 497 2063 primo
522 2013 783 2052 sententiam:
814 2020 993 2052 senatum
1024 2019 1062 2050 et
1083 2012 1275 2061 populum
1297 2011 1410 2060 Syra-

115 2121 136 2149 6
159 2118 362 2149 lentitudine
380 2116 502 2150 Lamb,
650 2129 688 2149 10
714 2119 745 2148 in
763 2128 804 2148 eo
820 2119 864 2158 ρδ
995 2128 1029 2148 11
1057 2116 1230 2157 Carpinati
1248 2129 1268 2146 π
1286 2128 1292 2147 :
1326 2116 1406 2148 Car<

72 2163 233 2202 pinatium
253 2160 316 2192 RS
449 2163 639 2202 praeclaras
665 2161 797 2192 tabulas
820 2160 890 2192 secl.
910 2160 1014 2201 Kays.
1153 2170 1190 2199 13
1216 2161 1304 2192 illius
1324 2160 1409 2192 RS:

73 2207 147 2237 illos
157 2208 200 2246 p&
291 2210 391 2236 antea
408 2207 446 2235 πδ
550 2217 585 2244 17
612 2206 639 2236 is
658 2230 664 2237 .
682 2229 690 2237 .
710 2229 718 2236 .
740 2204 884 2236 habebat
901 2204 1009 2235 abesse
1026 2204 1131 2235 voluit
1139 2203 1263 2244 Jacoby
1368 2215 1408 2242 19

72 2250 132 2280 suit
143 2251 186 2289 ῥδ
308 2259 350 2279 20
373 2258 449 2280 cum
467 2248 508 2288 Q.
528 2249 631 2280 fratre
648 2248 712 2280 RS
827 2259 864 2279 21
891 2248 1102 2287 frequentem
1121 2246 1253 2278 Ernesti
1363 2257 1406 2276 22

71 2293 195 2323 curiam
214 2291 277 2323 RS
386 2303 428 2332 29
452 2294 560 2333 primo
578 2293 645 2324 secl.
667 2291 986 2323 Richter-Eberhard

1506 1528 1519 1577 )
