1600 2704
136 146 192 185 50

146 1457 189 1494 51

128 1517 189 1539 120

215 151 274 183 119
576 136 631 172 M.
664 135 832 173 TVLLI
863 134 1169 174 CICERONIS

210 262 291 287 non
311 247 447 298 populi
469 245 653 295 Romani,
673 247 742 286 sed
763 245 818 284 tui
839 253 1024 296 quaestus
1044 258 1162 284 causa
1181 245 1438 285 vendidisse?
1481 247 1536 285 Vt

210 313 241 351 si
262 313 329 363 qui
350 312 486 351 vilicus
506 325 553 351 ex
573 325 621 351 eo
650 311 775 350 fundo
799 310 865 360 qui
897 310 1072 349 sestertia
1097 312 1201 349 dena
1227 311 1454 358 meritasset,
1473 323 1537 349 ex-

210 378 300 417 cisis
328 377 534 416 arboribus
572 390 618 415 ac
656 375 835 423 venditis,
867 375 1037 425 demptis
1075 375 1226 425 tegulis,
1262 375 1534 423 instrumento,

211 456 353 493 pecore
372 441 606 489 abalienato,
629 440 794 480 domino
810 452 868 478 xx
890 440 995 478 milia
1015 453 1222 478 nummum
1237 453 1308 490 pro
1328 453 1356 478 x
1376 440 1534 489 miserit,

211 507 287 546 sibi
305 507 382 546 alia
400 514 600 557 praeterea
613 513 772 544 centurn
787 504 1009 552 confecerit,
1024 504 1156 555 primo
1175 504 1362 544 dominus
1379 504 1538 555 ignarus
1558 521 1576 553 5

211 571 456 610 incommodi
473 571 530 609 sui
546 571 715 620 gaudeat
735 566 931 619 vilicoque
952 570 1178 617 delectetur,
1195 571 1304 620 quod
1320 578 1430 608 tanto
1451 572 1539 621 plus

212 634 326 688 [sibi]
340 635 533 675 mercedis
545 647 593 673 ex
603 635 730 673 fundo
741 634 931 672 refectum
945 633 1004 681 sit,
1017 634 1176 681 deinde,
1189 646 1282 673 curn
1291 634 1460 674 audierit
1473 648 1539 674 eas

210 714 270 739 res
291 700 434 750 quibus
454 698 566 738 fundi
587 699 734 736 fructus
755 706 793 737 et
813 699 964 736 cultura
983 698 1207 736 continetur
1225 707 1377 738 amotas
1391 707 1430 739 et
1449 712 1540 738 ven-

210 765 322 811 ditas,
345 777 501 802 summo
522 762 716 813 supplicio
728 762 887 801 vilicum
906 761 1065 801 adficiat
1085 769 1123 801 et
1143 775 1278 801 secum
1293 765 1394 803 male
1406 772 1542 802 actum-

211 837 346 879 putet:
377 829 471 867 item
501 829 671 878 populus
700 829 916 873 Romanus,
940 839 1031 865 cum
1060 827 1171 866 audit
1200 828 1320 878 pluris
1349 829 1538 868 decumas
1560 843 1599 867 ιο

211 893 434 932 vendidisse
456 894 500 932 C.
523 894 686 931 Verrem
713 905 832 942 quam
852 891 1221 930 innocentissimum
1248 892 1450 932 hominem
1476 893 1538 932 cui

210 959 285 998 iste
304 958 501 1005 successit,
526 958 569 997 C.
590 958 855 1003 Sacerdotem,
871 963 982 1006 putat
1003 969 1043 995 se
1065 957 1216 995 bonum
1237 956 1277 995 in
1297 958 1539 998 arationibus

211 1023 480 1073 fructibusque
504 1022 583 1061 suis
607 1021 792 1060 habuisse
815 1022 1023 1060 custodem
1051 1034 1097 1060 ac
1124 1021 1282 1061 vilicum
1301 1037 1311 1071 3
1338 1036 1429 1061 cum
1457 1037 1540 1062 sen-

211 1087 301 1126 serit
331 1087 448 1126 istum
478 1100 597 1125 omne
626 1085 930 1124 instrumentum
959 1093 1170 1135 aratorum,
1199 1087 1334 1126 omnia
1363 1088 1540 1128 subsidia

209 1152 458 1202 vectigalium
489 1150 724 1198 vendidisse,
761 1164 923 1190 omnem
957 1163 1067 1201 spem
1106 1151 1342 1201 posteritatis
1380 1153 1539 1192 avaritia
1561 1167 1597 1200 15

209 1230 279 1256 sua
319 1216 531 1263 sustulisse,
562 1216 756 1254 arationes
786 1223 823 1254 et
851 1228 964 1266 agros
993 1216 1192 1266 vectigalis
1220 1225 1392 1256 vastasse
1420 1226 1539 1268 atque

210 1281 440 1329 exinanisse,
481 1281 612 1331 ipsum
648 1281 841 1319 maximos
879 1288 1065 1331 quaestus
1103 1282 1349 1332 praedasque
1387 1282 1535 1330 fecisse,

209 1346 407 1396 intelleget
432 1358 567 1384 secum
595 1352 727 1383 actum
757 1358 842 1384 esse
869 1345 1048 1395 pessime,
1080 1345 1197 1384 istum
1223 1354 1356 1385 autem
1383 1360 1539 1386 summo

209 1410 403 1460 supplicio
432 1410 595 1460 dignum
625 1409 873 1449 existimabit.

263 1477 381 1514 Vnde
411 1489 502 1525 ergo
529 1476 607 1515 hoc
634 1474 805 1525 intellegi
826 1476 986 1526 potest?
1044 1477 1103 1514 Ex
1129 1477 1206 1515 hoc
1226 1476 1406 1525 maxime,
1430 1478 1538 1527 quod
1561 1490 1596 1513 20

207 1553 298 1590 ager
318 1541 562 1579 decumanus
582 1539 807 1590 provinciae
833 1539 989 1579 Siciliae
1013 1547 1171 1590 propter
1199 1540 1309 1580 istius
1338 1541 1538 1581 avaritiam

207 1607 385 1644 desertus
405 1612 475 1644 est.
525 1605 669 1655 Neque
688 1604 730 1644 id
750 1605 877 1643 solum
898 1604 1041 1643 accidit
1061 1604 1117 1643 uti
1138 1605 1267 1644 minus
1288 1606 1419 1645 multis
1441 1607 1538 1657 iugis

207 1677 370 1717 ararent,
394 1670 424 1708 si
452 1669 519 1720 qui
550 1669 590 1708 in
614 1669 713 1720 agris
741 1676 1023 1716 remanserunt,
1046 1670 1116 1708 sed
1140 1669 1257 1708 etiam
1284 1678 1326 1708 ut
1356 1672 1538 1721 permulti

208 1736 424 1784 locupletes
454 1735 646 1782 homines,
679 1733 811 1784 magni
843 1741 881 1772 et
906 1733 995 1771 navi
1019 1740 1201 1781 aratores,
1230 1747 1341 1784 agros
1366 1737 1465 1774 latos
1491 1749 1537 1775 ac
1599 1784 1600 1789 ¹

207 1798 341 1836 fertilis
379 1800 603 1837 desererent
641 1805 823 1848 totasque
859 1797 1053 1836 arationes
1091 1798 1420 1848 derelinquerent.
1488 1802 1536 1839 Id
1557 1803 1600 1848 251³

160 1904 164 1906 ,
206 1864 310 1902 adeo
343 1863 430 1901 sciri
469 1863 651 1903 facillime
690 1870 819 1913 potest
857 1876 904 1901 ex
942 1862 1076 1901 litteris
1115 1863 1283 1913 publicis
1321 1864 1536 1914 civitatum,

207 1935 412 1977 propterea
446 1929 554 1977 quod
593 1929 678 1978 lege
711 1927 928 1966 Hieronica
966 1940 1151 1966 numerus
1190 1936 1386 1967 aratorum
1426 1938 1536 1979 quot·
1593 1950 1596 1959 =

206 1991 319 2030 annis
356 1993 463 2041 apud
494 1991 740 2042 magistratus
771 1991 929 2042 publice
958 1991 1223 2030 subscribitur.
1285 1993 1424 2031 Recita
1455 2002 1536 2031 tan-
1592 1982 1597 2026 ἕ

207 2059 309 2103 dem,
326 2064 423 2107 quot
443 2057 637 2107 acceperit
658 2065 828 2095 aratores
848 2055 927 2106 agri
950 2056 1134 2094 Leontini
1152 2058 1291 2096 Verres
1309 2072 1315 2094 :
1338 2069 1530 2095 Lxxxun.
1590 2029 1600 2111 ξί

209 2123 318 2170 Quot
338 2134 445 2160 anno
461 2121 575 2160 tertio
590 2122 845 2171 profiteantur
864 2134 871 2158 ι
896 2131 1030 2158 ΧΧΧῙΙ.
1075 2122 1168 2159 Duo
1188 2128 1226 2159 et
1247 2121 1531 2172 quinquaginta
1552 2115 1593 2182 305¹

251 2237 269 2257 2
294 2229 450 2259 sestertia
464 2227 615 2267 Mueller,
629 2227 795 2258 Osecutus
811 2224 974 2266 (sext'tia)
991 2236 996 2255 z
1024 2224 1086 2256 HS
1098 2229 1122 2264 p
1140 2224 1203 2256 rell.
1297 2226 1326 2264 6,
1346 2235 1362 2264 7
1387 2226 1450 2256 sibi
1467 2237 1531 2258 om.
1586 2197 1591 2257 i

207 2281 248 2299 vr:
273 2271 348 2309 plus
365 2271 425 2301 sibi
443 2271 474 2301 O
491 2283 497 2301 :
523 2272 586 2303 sibi
605 2271 680 2311 plus
697 2270 785 2311 vulg.
955 2278 1004 2303 11,
1026 2278 1063 2298 12
1088 2267 1124 2299 C.
1139 2272 1164 2306 p
1182 2267 1245 2299 rell.
1265 2279 1271 2297 t
1295 2279 1361 2299 om.
1385 2269 1415 2299 O
1433 2269 1528 2305 (Am.
1584 2286 1600 2310 :-

202 2312 238 2350 J.
258 2313 318 2343 Plz.
340 2315 431 2352 xxvi,
446 2320 477 2354 p.
499 2316 577 2354 412)
687 2314 726 2344 18
749 2321 825 2344 esse
841 2315 951 2342 actum
970 2310 1001 2341 O
1098 2320 1138 2340 22
1162 2311 1210 2341 uti
1226 2310 1295 2341 cO:
1322 2312 1367 2341 uti
1386 2312 1449 2342 hae
1467 2312 1530 2343 uk:

1593 2315 1600 2331 l

207 2361 241 2386 ut
258 2356 288 2386 ei
307 2356 426 2389 Halm.
448 2357 561 2389 Muell.
579 2369 584 2386 ;
610 2357 657 2388 uti
677 2358 706 2388 ei
723 2356 824 2396 Kays.
982 2362 1023 2393 23
1047 2359 1180 2385 ararent
1204 2353 1273 2384 cO:
1298 2359 1393 2384 arent
1413 2359 1439 2393 p
1463 2355 1527 2386 rell.
1582 2323 1600 2395 ,ξῖ

207 2409 246 2438 25
272 2400 505 2438 relinquerent
524 2400 554 2430 O
1580 2399 1600 2452 ᾗ.

1577 2587 1580 2603 Ι
