1600 2704
81 114 349 154 ACTIONIS
369 115 432 153 IN
453 114 499 154 C.
520 114 764 152 VERREM
785 111 1084 153 SECVNDAE
1107 115 1212 153 LIB.
1236 116 1294 153 IV
1365 115 1411 152 16
1431 128 1471 161 35

79 235 205 260 necne
225 230 263 260 et
283 235 364 272 quo
384 223 505 261 modo
524 229 563 261 et
583 221 721 272 quanti
750 220 901 268 emeris,
924 222 1033 271 quod
1053 221 1174 261 verbo
1200 222 1411 272 transigere

77 300 251 337 possum.
326 287 413 326 Ede
451 286 549 325 mihi
586 285 775 337 scriptum
809 285 906 336 quid
942 285 1094 336 argenti
1131 285 1171 324 in
1209 286 1411 336 provincia

77 350 208 390 Sicilia
228 351 384 401 pararis,
405 352 512 391 unde
531 350 708 402 quidque
731 358 799 389 aut
825 350 962 401 quanti
988 350 1139 390 emeris.
1200 350 1309 399 Quid
1340 352 1410 389 fit?
1431 355 1471 396 36

77 415 332 466 Quamquam
353 429 434 455 non
461 415 658 455 debebam
685 427 759 466 ego
781 415 853 454 abs
879 422 918 453 te
947 415 1017 453 has
1046 414 1193 453 litteras
1223 427 1410 465 poscere;

38 491 56 524 5
75 492 140 519 me
160 480 266 519 enim
287 480 439 519 tabulas
460 488 546 519 tuas
566 481 712 519 habere
731 487 770 519 et
790 480 961 530 proferre
981 479 1200 529 oportebat.
1260 480 1407 518 Verum

74 557 193 594 negas
227 553 266 584 te
299 546 440 583 horum
477 558 672 584 annorum
709 544 860 594 aliquot
898 543 1126 583 confecisse.
1198 545 1409 594 Compone

73 609 150 647 hoc
189 610 299 660 quod
337 611 495 659 postulo
527 610 578 648 de
610 616 783 659 argento,
820 610 871 648 de
904 608 1056 658 reliquo
1090 608 1235 648 videro
1298 610 1406 647 ‘Nec

73 672 261 724 scriptum
288 674 418 713 habeo
449 687 523 713 nec
556 687 719 724 possum
751 674 891 713 edere.'
949 672 1058 721 Quid
1089 674 1263 711 futurum
1292 673 1407 724 igitur

73 740 163 776 est?
219 738 315 789 quid
345 738 542 777 existimas
570 739 691 779 hosce
718 737 868 777 iudices
889 738 1016 776 facere
1046 739 1192 787 posse?
1251 739 1404 776 Domus

14 815 53 838 10
71 803 188 852 plena
209 803 408 853 signorum
439 802 791 853 pulcherrimorum
812 802 890 840 iam
911 809 1002 841 ante
1026 810 1259 852 praeturam,
1283 804 1406 841 multa

70 868 121 907 ad
150 867 259 906 villas
287 876 372 907 tuas
407 870 545 918 posita,
578 869 702 906 multa
732 867 913 918 deposita
944 868 1051 918 apud
1085 868 1246 914 amicos,
1282 869 1404 906 multa

68 931 153 971 aliis
184 934 276 972 data
301 941 420 983 atque
450 934 624 980 donata3
652 932 810 971 tabulae
830 933 982 971 nullum
1007 931 1185 971 indicant
1212 941 1400 983 emptum.

69 997 201 1037 Omne
225 1006 430 1049 argentum
450 998 626 1037 ablatum
647 1011 694 1037 ex
714 997 846 1037 Sicilia
865 1006 935 1045 est,
960 997 1058 1035 nihil
1083 997 1269 1048 cuiquam
1295 999 1402 1048 quod

68 1075 183 1101 suurn
204 1063 283 1103 dici
299 1065 415 1103 vellet
436 1063 624 1102 relictum.
685 1062 862 1113 Fingitur
882 1062 1063 1113 improba
1083 1062 1274 1109 defensio,
1298 1076 1403 1112 prae-

9 1140 46 1173 15
67 1135 192 1167 torem
213 1142 332 1168 omne
360 1130 400 1168 id
419 1136 624 1180 argentum
645 1127 838 1167 coemisse
853 1142 864 1175 3
892 1134 1025 1166 tamen
1046 1127 1086 1166 id
1108 1127 1237 1178 ipsum
1258 1128 1401 1166 tabulis

65 1193 325 1232 demonstrari
357 1207 437 1232 non
464 1201 604 1244 potest.
677 1192 728 1239 Si,
765 1205 863 1242 quas
893 1191 1046 1230 tabulas
1078 1193 1236 1242 profers,
1270 1192 1309 1230 in
1342 1193 1400 1230 his

64 1270 166 1308 quae
204 1258 327 1298 habes
361 1272 441 1309 quo
476 1259 599 1297 modo
636 1257 783 1296 habeas
818 1256 1007 1307 scriptum
1040 1269 1121 1295 non
1155 1265 1227 1304 est,
1259 1258 1399 1295 horum

63 1330 196 1362 autem
224 1331 447 1374 temporum
475 1336 566 1362 cum
593 1331 632 1361 te
655 1322 843 1373 plurimas
870 1335 930 1361 res
958 1320 1101 1361 emisse
1121 1321 1220 1360 dicis
1246 1322 1398 1360 tabulas

63 1387 228 1426 omnino
249 1389 375 1426 nullas
396 1388 555 1438 profers,
579 1400 713 1426 nonne
737 1394 775 1426 te
805 1394 844 1426 et
874 1385 1032 1437 prolatis
1060 1394 1098 1424 et
1128 1399 1209 1424 non
1239 1387 1398 1435 prolatis

5 1463 44 1487 20
62 1452 205 1491 tabulis
226 1453 483 1492 condemnari
502 1465 665 1491 necesse
685 1453 775 1491 est?

115 1518 178 1555 Tu
207 1530 230 1555 a
260 1518 316 1556 M.
341 1517 491 1564 Coelio,
514 1516 646 1567 equite
674 1517 871 1563 Romano,
895 1515 1109 1554 lectissimo
1128 1517 1392 1562 adulescente,
1415 1492 1456 1562 Ῑῖ

60 1594 162 1631 quae
200 1581 357 1620 voluisti
396 1581 572 1631 Lilybaei
619 1580 825 1627 abstulisti,
868 1588 909 1618 tu
950 1580 995 1619 C.
1033 1580 1186 1627 Cacuri,
1223 1580 1396 1630 prompti
1418 1563 1448 1582 θ’

59 1645 231 1685 hominis
261 1653 300 1685 et
329 1646 563 1697 experientis
595 1653 633 1685 et
665 1645 704 1684 in
737 1645 870 1696 primis
904 1645 1072 1695 gratiosi,
1110 1645 1394 1695 supellectilem

59 1723 220 1750 omnem
241 1712 392 1750 auferre
415 1725 496 1751 non
517 1710 717 1757 dubitasti,
735 1718 776 1749 tu
798 1710 1009 1749 maximam
1031 1719 1068 1748 et
1089 1710 1394 1760 pulcherrimam

0 1791 39 1824 25
60 1789 238 1815 mensam
268 1776 428 1816 citream
449 1790 471 1815 a
493 1777 542 1826 Q.
567 1775 727 1815 Lutatio
750 1775 941 1823 Diodoro,
965 1775 1033 1826 qui
1054 1776 1107 1824 Q.
1125 1775 1256 1815 Catuli
1278 1775 1394 1814 bene-

57 1840 148 1879 ficio
167 1841 218 1879 ab
240 1842 284 1879 L.
307 1842 415 1880 Sulla
435 1841 530 1880 civis
560 1843 765 1880 Romanus
792 1842 917 1879 factus
938 1848 1007 1887 est,
1030 1840 1217 1879 omnibus
1239 1840 1394 1878 scienti-

57 1904 130 1944 bus
166 1905 342 1956 Lilybaei
372 1906 577 1946 abstulisti.
647 1907 742 1945 Non
776 1905 848 1944 tibi
879 1905 1011 1945 obicio
1045 1906 1154 1955 quod
1189 1904 1392 1943 hominem

56 1970 331 2020 dignissimum
379 1971 455 2010 tuis
503 1970 690 2018 moribus,
732 1970 1003 2021 Apollonium,
1044 1969 1211 2008 Niconis
1254 1969 1392 2016 filiuni,

58 2035 385 2086 Drepanitanum,
409 2036 477 2086 qui
507 2049 614 2074 nunc
641 2037 688 2074 A.
713 2035 879 2075 Clodius
899 2043 1072 2082 vocatur,
1095 2034 1204 2073 omni
1230 2043 1391 2085 argento

0 2113 39 2144 30
56 2100 206 2151 optime
226 2102 330 2140 facto
351 2100 525 2151 spoliasti
545 2114 591 2139 ac
611 2101 867 2150 depeculatus
889 2113 929 2138 es
947 2114 957 2147 ;
987 2108 1110 2139 taceo.
1170 2100 1264 2138 Non
1285 2100 1391 2138 enim

55 2174 167 2215 putat
196 2165 259 2204 ille
285 2166 358 2204 sibi
382 2165 563 2204 iniuriam
584 2166 738 2212 factam,
762 2172 967 2215 propterea
993 2165 1102 2214 quod
1132 2164 1284 2203 homini
1312 2164 1390 2202 iam

54 2230 210 2280 perdito
224 2239 261 2269 et
275 2233 420 2271 collum
434 2230 475 2268 in
488 2232 674 2281 laqueum
690 2229 876 2268 inserenti
891 2228 1218 2276 subvenisti,cum
1232 2229 1390 2279 pupillis

102 2334 160 2362 1-3
185 2324 275 2364 quod
292 2324 396 2354 verbo
415 2347 421 2354 .
443 2347 449 2354 .
469 2347 476 2354 .
498 2323 622 2354 emeris
634 2324 677 2363 p&
693 2335 698 2353 :
723 2332 788 2353 om.
807 2321 871 2353 RS
958 2331 977 2351 2
1002 2322 1132 2360 argenti
1145 2327 1169 2362 p
1185 2322 1252 2353 rell.
1270 2334 1276 2352 :
1293 2333 1355 2354 om.
1371 2334 1390 2363 q

58 2377 75 2406 7
100 2368 191 2406 quod
219 2378 284 2398 ont.
310 2372 353 2407 p:
387 2367 478 2405 quod
507 2366 642 2406 postulo
666 2376 730 2396 om.
759 2376 778 2404 q
910 2365 951 2395 de
979 2370 1124 2405 argento
1151 2366 1222 2398 secl.
1248 2365 1387 2403 Richter,

55 2411 180 2450 Jacoby
293 2421 313 2449 9
337 2411 512 2440 existimes
530 2409 594 2440 RS
665 2409 767 2439 hosce
780 2410 822 2449 p&
837 2421 842 2440 :
869 2409 932 2438 hoc
949 2408 1030 2440 RS:
1056 2409 1118 2439 hos
1135 2409 1189 2448 ab,
1209 2410 1262 2440 hic
1279 2410 1389 2440 Halm:
