<?xml version="1.0" encoding="UTF-8"?>
<!DOCTYPE html PUBLIC "-//W3C//DTD XHTML 1.0 Transitional//EN"
    "http://www.w3.org/TR/xhtml1/DTD/xhtml1-transitional.dtd">
<html xmlns="http://www.w3.org/1999/xhtml" xml:lang="en" lang="en">
 <head>
  <title>
</title>
<meta http-equiv="Content-Type" content="text/html;charset=utf-8" />
  <meta name='ocr-system' content='tesseract 3.04.00' />
  <meta name='ocr-capabilities' content='ocr_page ocr_carea ocr_par ocr_line ocrx_word'/>
</head>
<body>
  <div class='ocr_page' id='page_1' title='image "./orationesrecogno02ciceuoft/orationesrecogno02ciceuoft_0163.png"; bbox 0 0 1600 2704; ppageno 0'>
   <div class='ocr_carea' id='block_1_1' title="bbox 379 409 1176 460">
    <p class='ocr_par' dir='ltr' id='par_1_1' title="bbox 379 409 1176 460">
     <span class='ocr_line' id='line_1_1' title="bbox 379 409 1176 460; baseline -0.003 0"><span class='ocrx_word' id='word_1_1' title='bbox 379 411 448 460; x_wconf 90' lang='lat' dir='ltr'>M.</span> <span class='ocrx_word' id='word_1_2' title='bbox 497 410 714 459; x_wconf 92' lang='lat' dir='ltr'>TVLLI</span> <span class='ocrx_word' id='word_1_3' title='bbox 774 409 1176 460; x_wconf 87' lang='lat' dir='ltr'>CICERONIS</span> 
     </span>
    </p>
   </div>
   <div class='ocr_carea' id='block_1_2' title="bbox 179 526 1365 678">
    <p class='ocr_par' dir='ltr' id='par_1_2' title="bbox 179 526 1365 678">
     <span class='ocr_line' id='line_1_2' title="bbox 179 526 1365 582; baseline 0 0"><span class='ocrx_word' id='word_1_4' title='bbox 179 526 623 582; x_wconf 89' lang='lat' dir='ltr'>ACTIONIS</span> <span class='ocrx_word' id='word_1_5' title='bbox 690 527 785 581; x_wconf 94' lang='lat' dir='ltr'>IN</span> <span class='ocrx_word' id='word_1_6' title='bbox 851 527 912 580; x_wconf 91' lang='lat' dir='ltr'>C.</span> <span class='ocrx_word' id='word_1_7' title='bbox 972 526 1365 582; x_wconf 85' lang='lat' dir='ltr'>VERREM</span> 
     </span>
     <span class='ocr_line' id='line_1_3' title="bbox 527 623 1025 678; baseline -0.002 0"><span class='ocrx_word' id='word_1_8' title='bbox 527 623 1025 678; x_wconf 86' lang='lat' dir='ltr'>SECVNDAE</span> 
     </span>
    </p>
   </div>
   <div class='ocr_carea' id='block_1_3' title="bbox 341 748 1207 894">
    <p class='ocr_par' dir='ltr' id='par_1_3' title="bbox 341 748 1207 894">
     <span class='ocr_line' id='line_1_4' title="bbox 520 748 1024 789; baseline 0 -2"><span class='ocrx_word' id='word_1_9' title='bbox 520 748 693 787; x_wconf 91' lang='lat' dir='ltr'><strong>LIBER</strong></span> <span class='ocrx_word' id='word_1_10' title='bbox 732 748 1024 789; x_wconf 86' lang='lat' dir='ltr'>SECVNDVS</span> 
     </span>
     <span class='ocr_line' id='line_1_5' title="bbox 341 850 1207 894; baseline -0.001 -1"><span class='ocrx_word' id='word_1_11' title='bbox 341 851 429 894; x_wconf 91' lang='lat' dir='ltr'>DE</span> <span class='ocrx_word' id='word_1_12' title='bbox 471 851 821 893; x_wconf 88' lang='lat' dir='ltr'><strong>PRAETVRA</strong></span> <span class='ocrx_word' id='word_1_13' title='bbox 863 850 1207 894; x_wconf 88' lang='lat' dir='ltr'>SICILIENSI</span> 
     </span>
    </p>
   </div>
   <div class='ocr_carea' id='block_1_4' title="bbox 43 958 1477 2113">
    <p class='ocr_par' dir='ltr' id='par_1_4' title="bbox 104 958 1477 1205">
     <span class='ocr_line' id='line_1_6' title="bbox 162 958 1477 1010; baseline 0 -12"><span class='ocrx_word' id='word_1_14' title='bbox 162 960 317 998; x_wconf 74' lang='lat' dir='ltr'>MVLTA</span> <span class='ocrx_word' id='word_1_15' title='bbox 351 959 448 998; x_wconf 90' lang='lat' dir='ltr'>mihi</span> <span class='ocrx_word' id='word_1_16' title='bbox 487 959 719 1006; x_wconf 88' lang='lat' dir='ltr'>necessario,</span> <span class='ocrx_word' id='word_1_17' title='bbox 755 959 916 1006; x_wconf 88' lang='lat' dir='ltr'>iudices,</span> <span class='ocrx_word' id='word_1_18' title='bbox 948 959 1298 1010; x_wconf 81' lang='lat' dir='ltr'>praetermittenda</span> <span class='ocrx_word' id='word_1_19' title='bbox 1336 968 1437 1007; x_wconf 89' lang='lat' dir='ltr'>sunt,</span> <span class='ocrx_word' id='word_1_20' title='bbox 1459 958 1477 985; x_wconf 84' lang='lat'>1</span> 
     </span>
     <span class='ocr_line' id='line_1_7' title="bbox 104 1016 1476 1075; baseline 0.001 -13"><span class='ocrx_word' id='word_1_21' title='bbox 104 1031 148 1062; x_wconf 91' lang='lat' dir='ltr'>ut</span> <span class='ocrx_word' id='word_1_22' title='bbox 173 1023 323 1075; x_wconf 90' lang='lat' dir='ltr'>possim</span> <span class='ocrx_word' id='word_1_23' title='bbox 349 1023 483 1075; x_wconf 87' lang='lat' dir='ltr'>aliquo</span> <span class='ocrx_word' id='word_1_24' title='bbox 507 1025 630 1063; x_wconf 91' lang='lat' dir='ltr'>modo</span> <span class='ocrx_word' id='word_1_25' title='bbox 655 1023 872 1074; x_wconf 84' lang='lat' dir='ltr'>aliquando</span> <span class='ocrx_word' id='word_1_26' title='bbox 898 1024 948 1062; x_wconf 93' lang='lat' dir='ltr'>de</span> <span class='ocrx_word' id='word_1_27' title='bbox 972 1023 1033 1061; x_wconf 91' lang='lat' dir='ltr'>his</span> <span class='ocrx_word' id='word_1_28' title='bbox 1060 1024 1177 1062; x_wconf 89' lang='lat' dir='ltr'>rebus</span> <span class='ocrx_word' id='word_1_29' title='bbox 1201 1036 1304 1073; x_wconf 88' lang='lat' dir='ltr'>quae</span> <span class='ocrx_word' id='word_1_30' title='bbox 1329 1037 1441 1063; x_wconf 87' lang='lat' dir='ltr'>meae</span> <span class='ocrx_word' id='word_1_31' title='bbox 1463 1016 1476 1038; x_wconf 82' lang='lat'>¹</span> 
     </span>
     <span class='ocr_line' id='line_1_8' title="bbox 106 1087 1440 1139; baseline 0.001 -12"><span class='ocrx_word' id='word_1_32' title='bbox 106 1089 199 1128; x_wconf 89' lang='lat' dir='ltr'>fidei</span> <span class='ocrx_word' id='word_1_33' title='bbox 220 1089 456 1128; x_wconf 84' lang='lat' dir='ltr'>commissae</span> <span class='ocrx_word' id='word_1_34' title='bbox 476 1096 567 1128; x_wconf 89' lang='lat' dir='ltr'>sunt</span> <span class='ocrx_word' id='word_1_35' title='bbox 587 1088 728 1128; x_wconf 87' lang='lat' dir='ltr'>dicere.</span> <span class='ocrx_word' id='word_1_36' title='bbox 780 1088 931 1139; x_wconf 88' lang='lat' dir='ltr'>Recepi</span> <span class='ocrx_word' id='word_1_37' title='bbox 951 1087 1058 1127; x_wconf 93' lang='lat' dir='ltr'>enim</span> <span class='ocrx_word' id='word_1_38' title='bbox 1079 1101 1239 1127; x_wconf 85' lang='lat' dir='ltr'>causam</span> <span class='ocrx_word' id='word_1_39' title='bbox 1261 1088 1416 1127; x_wconf 85' lang='lat' dir='ltr'>Siciliae</span> <span class='ocrx_word' id='word_1_40' title='bbox 1433 1104 1440 1128; x_wconf 76' lang='grc' dir='ltr'>ε</span> 
     </span>
     <span class='ocr_line' id='line_1_9' title="bbox 105 1153 1441 1205; baseline 0 -12"><span class='ocrx_word' id='word_1_41' title='bbox 105 1167 152 1193; x_wconf 84' lang='lat' dir='ltr'>ea</span> <span class='ocrx_word' id='word_1_42' title='bbox 172 1168 236 1194; x_wconf 90' lang='lat' dir='ltr'>me</span> <span class='ocrx_word' id='word_1_43' title='bbox 257 1156 307 1194; x_wconf 90' lang='lat' dir='ltr'>ad</span> <span class='ocrx_word' id='word_1_44' title='bbox 328 1156 405 1194; x_wconf 92' lang='lat' dir='ltr'>hoc</span> <span class='ocrx_word' id='word_1_45' title='bbox 426 1153 629 1205; x_wconf 86' lang='lat' dir='ltr'>negotium</span> <span class='ocrx_word' id='word_1_46' title='bbox 658 1153 861 1204; x_wconf 83' lang='lat' dir='ltr'>provincia</span> <span class='ocrx_word' id='word_1_47' title='bbox 880 1153 1048 1192; x_wconf 85' lang='lat' dir='ltr'>attraxit.</span> <span class='ocrx_word' id='word_1_48' title='bbox 1101 1155 1187 1204; x_wconf 89' lang='lat' dir='ltr'>Ego</span> <span class='ocrx_word' id='word_1_49' title='bbox 1208 1161 1342 1192; x_wconf 90' lang='lat' dir='ltr'>tamen</span> <span class='ocrx_word' id='word_1_50' title='bbox 1364 1155 1441 1193; x_wconf 91' lang='lat' dir='ltr'>hoc</span> 
     </span>
    </p>

    <p class='ocr_par' dir='ltr' id='par_1_5' title="bbox 63 1218 1441 1530">
     <span class='ocr_line' id='line_1_10' title="bbox 63 1218 1441 1270; baseline -0.001 -12"><span class='ocrx_word' id='word_1_51' title='bbox 63 1235 83 1265; x_wconf 76' lang='lat'>5</span> <span class='ocrx_word' id='word_1_52' title='bbox 105 1232 224 1258; x_wconf 90' lang='lat' dir='ltr'>onere</span> <span class='ocrx_word' id='word_1_53' title='bbox 251 1226 436 1270; x_wconf 89' lang='lat' dir='ltr'>suscepto</span> <span class='ocrx_word' id='word_1_54' title='bbox 465 1227 504 1258; x_wconf 93' lang='lat' dir='ltr'>et</span> <span class='ocrx_word' id='word_1_55' title='bbox 530 1226 688 1269; x_wconf 87' lang='lat' dir='ltr'>recepta</span> <span class='ocrx_word' id='word_1_56' title='bbox 714 1231 833 1257; x_wconf 86' lang='lat' dir='ltr'>causa</span> <span class='ocrx_word' id='word_1_57' title='bbox 857 1218 1052 1258; x_wconf 86' lang='lat' dir='ltr'>Siciliensi</span> <span class='ocrx_word' id='word_1_58' title='bbox 1076 1220 1281 1270; x_wconf 82' lang='lat' dir='ltr'>amplexus</span> <span class='ocrx_word' id='word_1_59' title='bbox 1305 1219 1441 1257; x_wconf 89' lang='lat' dir='ltr'>animo</span> 
     </span>
     <span class='ocr_line' id='line_1_11' title="bbox 104 1283 1440 1335; baseline -0.001 -12"><span class='ocrx_word' id='word_1_60' title='bbox 104 1297 192 1323; x_wconf 91' lang='lat' dir='ltr'>sum</span> <span class='ocrx_word' id='word_1_61' title='bbox 239 1284 444 1335; x_wconf 89' lang='lat' dir='ltr'>aliquanto</span> <span class='ocrx_word' id='word_1_62' title='bbox 490 1283 670 1334; x_wconf 88' lang='lat' dir='ltr'>amplius.</span> <span class='ocrx_word' id='word_1_63' title='bbox 741 1283 906 1334; x_wconf 90' lang='lat' dir='ltr'>Suscepi</span> <span class='ocrx_word' id='word_1_64' title='bbox 954 1283 1060 1322; x_wconf 89' lang='lat' dir='ltr'>enim</span> <span class='ocrx_word' id='word_1_65' title='bbox 1109 1296 1270 1322; x_wconf 85' lang='lat' dir='ltr'>causam</span> <span class='ocrx_word' id='word_1_66' title='bbox 1318 1284 1440 1323; x_wconf 90' lang='lat' dir='ltr'>totius</span> 
     </span>
     <span class='ocr_line' id='line_1_12' title="bbox 103 1348 1439 1400; baseline 0 -13"><span class='ocrx_word' id='word_1_67' title='bbox 103 1348 263 1397; x_wconf 89' lang='lat' dir='ltr'>ordinis,</span> <span class='ocrx_word' id='word_1_68' title='bbox 297 1348 452 1400; x_wconf 85' lang='lat' dir='ltr'>suscepi</span> <span class='ocrx_word' id='word_1_69' title='bbox 483 1361 643 1387; x_wconf 88' lang='lat' dir='ltr'>causam</span> <span class='ocrx_word' id='word_1_70' title='bbox 677 1348 732 1387; x_wconf 89' lang='lat' dir='ltr'>rei</span> <span class='ocrx_word' id='word_1_71' title='bbox 762 1348 955 1399; x_wconf 85' lang='lat' dir='ltr'>publicae,</span> <span class='ocrx_word' id='word_1_72' title='bbox 988 1349 1098 1399; x_wconf 91' lang='lat' dir='ltr'>quod</span> <span class='ocrx_word' id='word_1_73' title='bbox 1130 1349 1320 1398; x_wconf 85' lang='lat' dir='ltr'>putabam</span> <span class='ocrx_word' id='word_1_74' title='bbox 1355 1356 1439 1387; x_wconf 89' lang='lat' dir='ltr'>tum</span> 
     </span>
     <span class='ocr_line' id='line_1_13' title="bbox 102 1413 1438 1465; baseline 0.001 -13"><span class='ocrx_word' id='word_1_75' title='bbox 102 1414 276 1465; x_wconf 88' lang='lat' dir='ltr'>denique</span> <span class='ocrx_word' id='word_1_76' title='bbox 308 1422 413 1453; x_wconf 92' lang='lat' dir='ltr'>recte</span> <span class='ocrx_word' id='word_1_77' title='bbox 446 1413 610 1453; x_wconf 89' lang='lat' dir='ltr'>iudicari</span> <span class='ocrx_word' id='word_1_78' title='bbox 645 1426 762 1464; x_wconf 90' lang='lat' dir='ltr'>posse</span> <span class='ocrx_word' id='word_1_79' title='bbox 790 1413 822 1452; x_wconf 90' lang='lat' dir='ltr'>si</span> <span class='ocrx_word' id='word_1_80' title='bbox 852 1427 933 1453; x_wconf 88' lang='lat' dir='ltr'>non</span> <span class='ocrx_word' id='word_1_81' title='bbox 964 1415 1087 1453; x_wconf 92' lang='lat' dir='ltr'>modo</span> <span class='ocrx_word' id='word_1_82' title='bbox 1117 1427 1204 1452; x_wconf 88' lang='lat' dir='ltr'>reus</span> <span class='ocrx_word' id='word_1_83' title='bbox 1234 1413 1438 1464; x_wconf 87' lang='lat' dir='ltr'>improbus</span> 
     </span>
     <span class='ocr_line' id='line_1_14' title="bbox 101 1478 1439 1530; baseline 0.001 -12"><span class='ocrx_word' id='word_1_84' title='bbox 101 1480 376 1527; x_wconf 88' lang='lat' dir='ltr'>adduceretur,</span> <span class='ocrx_word' id='word_1_85' title='bbox 419 1480 489 1518; x_wconf 93' lang='lat' dir='ltr'>sed</span> <span class='ocrx_word' id='word_1_86' title='bbox 528 1478 647 1518; x_wconf 86' lang='lat' dir='ltr'>etiam</span> <span class='ocrx_word' id='word_1_87' title='bbox 686 1478 855 1530; x_wconf 84' lang='lat' dir='ltr'>diligens</span> <span class='ocrx_word' id='word_1_88' title='bbox 893 1491 940 1517; x_wconf 90' lang='lat' dir='ltr'>ac</span> <span class='ocrx_word' id='word_1_89' title='bbox 974 1479 1109 1517; x_wconf 89' lang='lat' dir='ltr'>firmus</span> <span class='ocrx_word' id='word_1_90' title='bbox 1143 1487 1350 1517; x_wconf 88' lang='lat' dir='ltr'>accusator</span> <span class='ocrx_word' id='word_1_91' title='bbox 1387 1481 1439 1519; x_wconf 92' lang='lat' dir='ltr'>ad</span> 
     </span>
    </p>

    <p class='ocr_par' dir='ltr' id='par_1_6' title="bbox 47 1542 1438 1789">
     <span class='ocr_line' id='line_1_15' title="bbox 47 1542 1438 1592; baseline 0.001 -12"><span class='ocrx_word' id='word_1_92' title='bbox 47 1557 84 1580; x_wconf 85' lang='grc' dir='ltr'>ιο</span> <span class='ocrx_word' id='word_1_93' title='bbox 102 1543 295 1583; x_wconf 88' lang='lat' dir='ltr'>iudicium</span> <span class='ocrx_word' id='word_1_94' title='bbox 323 1543 482 1584; x_wconf 88' lang='lat' dir='ltr'>veniret.</span> <span class='ocrx_word' id='word_1_95' title='bbox 544 1544 638 1592; x_wconf 88' lang='lat' dir='ltr'>Quo</span> <span class='ocrx_word' id='word_1_96' title='bbox 667 1542 763 1581; x_wconf 90' lang='lat' dir='ltr'>mihi</span> <span class='ocrx_word' id='word_1_97' title='bbox 793 1543 983 1582; x_wconf 86' lang='lat' dir='ltr'>maturius</span> <span class='ocrx_word' id='word_1_98' title='bbox 1010 1544 1062 1582; x_wconf 89' lang='lat' dir='ltr'>ad</span> <span class='ocrx_word' id='word_1_99' title='bbox 1092 1542 1248 1582; x_wconf 88' lang='lat' dir='ltr'>Siciliae</span> <span class='ocrx_word' id='word_1_100' title='bbox 1278 1555 1438 1582; x_wconf 85' lang='lat' dir='ltr'>causam</span> 
     </span>
     <span class='ocr_line' id='line_1_16' title="bbox 102 1607 1438 1659; baseline 0 -12"><span class='ocrx_word' id='word_1_101' title='bbox 102 1608 345 1648; x_wconf 88' lang='lat' dir='ltr'>veniendum</span> <span class='ocrx_word' id='word_1_102' title='bbox 371 1616 431 1648; x_wconf 89' lang='lat' dir='ltr'>est</span> <span class='ocrx_word' id='word_1_103' title='bbox 456 1607 601 1648; x_wconf 88' lang='lat' dir='ltr'>relictis</span> <span class='ocrx_word' id='word_1_104' title='bbox 632 1607 770 1646; x_wconf 90' lang='lat' dir='ltr'>ceteris</span> <span class='ocrx_word' id='word_1_105' title='bbox 800 1607 884 1647; x_wconf 90' lang='lat' dir='ltr'>eius</span> <span class='ocrx_word' id='word_1_106' title='bbox 911 1607 1022 1646; x_wconf 90' lang='lat' dir='ltr'>furtis</span> <span class='ocrx_word' id='word_1_107' title='bbox 1045 1616 1165 1658; x_wconf 89' lang='lat' dir='ltr'>atque</span> <span class='ocrx_word' id='word_1_108' title='bbox 1200 1608 1366 1659; x_wconf 87' lang='lat' dir='ltr'>flagitiis,</span> <span class='ocrx_word' id='word_1_109' title='bbox 1396 1617 1438 1647; x_wconf 92' lang='lat' dir='ltr'>ut</span> 
     </span>
     <span class='ocr_line' id='line_1_17' title="bbox 101 1672 1437 1725; baseline 0 -13"><span class='ocrx_word' id='word_1_110' title='bbox 101 1681 139 1712; x_wconf 93' lang='lat' dir='ltr'>et</span> <span class='ocrx_word' id='word_1_111' title='bbox 159 1674 306 1713; x_wconf 86' lang='lat' dir='ltr'>viribus</span> <span class='ocrx_word' id='word_1_112' title='bbox 327 1687 446 1725; x_wconf 87' lang='lat' dir='ltr'>quam</span> <span class='ocrx_word' id='word_1_113' title='bbox 467 1672 725 1724; x_wconf 87' lang='lat' dir='ltr'>integerrimis</span> <span class='ocrx_word' id='word_1_114' title='bbox 745 1686 860 1724; x_wconf 87' lang='lat' dir='ltr'>agere</span> <span class='ocrx_word' id='word_1_115' title='bbox 880 1681 919 1712; x_wconf 88' lang='lat' dir='ltr'>et</span> <span class='ocrx_word' id='word_1_116' title='bbox 939 1674 990 1712; x_wconf 86' lang='lat' dir='ltr'>ad</span> <span class='ocrx_word' id='word_1_117' title='bbox 1011 1672 1227 1712; x_wconf 89' lang='lat' dir='ltr'>dicendum</span> <span class='ocrx_word' id='word_1_118' title='bbox 1248 1673 1437 1724; x_wconf 88' lang='lat' dir='ltr'>temporis</span> 
     </span>
     <span class='ocr_line' id='line_1_18' title="bbox 101 1738 540 1789; baseline 0 -11"><span class='ocrx_word' id='word_1_119' title='bbox 101 1739 192 1778; x_wconf 90' lang='lat' dir='ltr'>satis</span> <span class='ocrx_word' id='word_1_120' title='bbox 213 1739 359 1778; x_wconf 85' lang='lat' dir='ltr'>habere</span> <span class='ocrx_word' id='word_1_121' title='bbox 379 1738 540 1789; x_wconf 90' lang='lat' dir='ltr'>possim.</span> 
     </span>
    </p>

    <p class='ocr_par' dir='ltr' id='par_1_7' title="bbox 153 1801 1436 1855">
     <span class='ocr_line' id='line_1_19' title="bbox 153 1801 1436 1855; baseline -0.002 -11"><span class='ocrx_word' id='word_1_122' title='bbox 153 1806 288 1855; x_wconf 88' lang='lat' dir='ltr'>Atque</span> <span class='ocrx_word' id='word_1_123' title='bbox 303 1812 518 1855; x_wconf 83' lang='lat' dir='ltr'>antequam</span> <span class='ocrx_word' id='word_1_124' title='bbox 538 1803 590 1842; x_wconf 93' lang='lat' dir='ltr'>de</span> <span class='ocrx_word' id='word_1_125' title='bbox 605 1802 872 1842; x_wconf 87' lang='lat' dir='ltr'>incommodis</span> <span class='ocrx_word' id='word_1_126' title='bbox 894 1801 1049 1842; x_wconf 89' lang='lat' dir='ltr'>Siciliae</span> <span class='ocrx_word' id='word_1_127' title='bbox 1070 1802 1172 1850; x_wconf 92' lang='lat' dir='ltr'>dico,</span> <span class='ocrx_word' id='word_1_128' title='bbox 1196 1816 1323 1854; x_wconf 86' lang='lat' dir='ltr'>pauca</span> <span class='ocrx_word' id='word_1_129' title='bbox 1340 1803 1436 1842; x_wconf 90' lang='lat' dir='ltr'>mihi</span> 
     </span>
    </p>

    <p class='ocr_par' dir='ltr' id='par_1_8' title="bbox 43 1867 1436 2113">
     <span class='ocr_line' id='line_1_20' title="bbox 43 1867 1436 1919; baseline 0.001 -14"><span class='ocrx_word' id='word_1_130' title='bbox 43 1881 80 1913; x_wconf 86' lang='lat'>15</span> <span class='ocrx_word' id='word_1_131' title='bbox 99 1868 282 1908; x_wconf 89' lang='lat' dir='ltr'>videntur</span> <span class='ocrx_word' id='word_1_132' title='bbox 313 1882 399 1908; x_wconf 90' lang='lat' dir='ltr'>esse</span> <span class='ocrx_word' id='word_1_133' title='bbox 431 1869 482 1908; x_wconf 91' lang='lat' dir='ltr'>de</span> <span class='ocrx_word' id='word_1_134' title='bbox 519 1867 746 1919; x_wconf 85' lang='lat' dir='ltr'>provinciae</span> <span class='ocrx_word' id='word_1_135' title='bbox 776 1867 980 1918; x_wconf 84' lang='lat' dir='ltr'>dignitate,</span> <span class='ocrx_word' id='word_1_136' title='bbox 1021 1875 1226 1916; x_wconf 87' lang='lat' dir='ltr'>vetustate,</span> <span class='ocrx_word' id='word_1_137' title='bbox 1268 1868 1436 1907; x_wconf 88' lang='lat' dir='ltr'>utilitate</span> 
     </span>
     <span class='ocr_line' id='line_1_21' title="bbox 99 1931 1435 1983; baseline -0.001 -11"><span class='ocrx_word' id='word_1_138' title='bbox 99 1933 280 1972; x_wconf 84' lang='lat' dir='ltr'>dicenda.</span> <span class='ocrx_word' id='word_1_139' title='bbox 341 1935 446 1972; x_wconf 89' lang='lat' dir='ltr'>Nam</span> <span class='ocrx_word' id='word_1_140' title='bbox 480 1946 572 1972; x_wconf 91' lang='lat' dir='ltr'>cum</span> <span class='ocrx_word' id='word_1_141' title='bbox 606 1932 786 1972; x_wconf 90' lang='lat' dir='ltr'>omnium</span> <span class='ocrx_word' id='word_1_142' title='bbox 825 1932 1023 1972; x_wconf 90' lang='lat' dir='ltr'>sociorum</span> <span class='ocrx_word' id='word_1_143' title='bbox 1062 1931 1435 1983; x_wconf 86' lang='lat' dir='ltr'>provinciarumque</span> 
     </span>
     <span class='ocr_line' id='line_1_22' title="bbox 98 1996 1432 2048; baseline -0.001 -12"><span class='ocrx_word' id='word_1_144' title='bbox 98 1998 292 2037; x_wconf 88' lang='lat' dir='ltr'>rationem</span> <span class='ocrx_word' id='word_1_145' title='bbox 319 1997 526 2048; x_wconf 90' lang='lat' dir='ltr'>diligenter</span> <span class='ocrx_word' id='word_1_146' title='bbox 553 1998 700 2036; x_wconf 88' lang='lat' dir='ltr'>habere</span> <span class='ocrx_word' id='word_1_147' title='bbox 729 1997 895 2044; x_wconf 89' lang='lat' dir='ltr'>debetis,</span> <span class='ocrx_word' id='word_1_148' title='bbox 918 2004 1002 2035; x_wconf 91' lang='lat' dir='ltr'>tum</span> <span class='ocrx_word' id='word_1_149' title='bbox 1027 1997 1238 2048; x_wconf 89' lang='lat' dir='ltr'>praecipue</span> <span class='ocrx_word' id='word_1_150' title='bbox 1265 1996 1432 2044; x_wconf 85' lang='lat' dir='ltr'>Siciliae,</span> 
     </span>
     <span class='ocr_line' id='line_1_23' title="bbox 98 2060 1434 2113; baseline 0.001 -13"><span class='ocrx_word' id='word_1_151' title='bbox 98 2062 261 2110; x_wconf 90' lang='lat' dir='ltr'>iudices,</span> <span class='ocrx_word' id='word_1_152' title='bbox 294 2061 472 2113; x_wconf 88' lang='lat' dir='ltr'>plurimis</span> <span class='ocrx_word' id='word_1_153' title='bbox 511 2060 813 2111; x_wconf 87' lang='lat' dir='ltr'>iustissimisque</span> <span class='ocrx_word' id='word_1_154' title='bbox 844 2062 895 2100; x_wconf 91' lang='lat' dir='ltr'>de</span> <span class='ocrx_word' id='word_1_155' title='bbox 933 2060 1073 2108; x_wconf 88' lang='lat' dir='ltr'>causis,</span> <span class='ocrx_word' id='word_1_156' title='bbox 1113 2061 1284 2112; x_wconf 89' lang='lat' dir='ltr'>primum</span> <span class='ocrx_word' id='word_1_157' title='bbox 1323 2062 1434 2112; x_wconf 89' lang='lat' dir='ltr'>quod</span> 
     </span>
    </p>
   </div>
   <div class='ocr_carea' id='block_1_5' title="bbox 96 2163 1441 2457">
    <p class='ocr_par' dir='ltr' id='par_1_9' title="bbox 146 2163 1433 2205">
     <span class='ocr_line' id='line_1_24' title="bbox 146 2163 1433 2205; baseline -0.001 -8"><span class='ocrx_word' id='word_1_158' title='bbox 146 2176 160 2197; x_wconf 94' lang='lat'>1</span> <span class='ocrx_word' id='word_1_159' title='bbox 186 2166 316 2199; x_wconf 84' lang='lat' dir='ltr'>iudices</span> <span class='ocrx_word' id='word_1_160' title='bbox 338 2165 471 2198; x_wconf 81' lang='lat' dir='ltr'>Vrell.:</span> <span class='ocrx_word' id='word_1_161' title='bbox 496 2176 563 2197; x_wconf 86' lang='lat' dir='ltr'>om.</span> <span class='ocrx_word' id='word_1_162' title='bbox 585 2164 657 2197; x_wconf 86' lang='lat' dir='ltr'>CO¹</span> <span class='ocrx_word' id='word_1_163' title='bbox 790 2175 809 2195; x_wconf 90' lang='lat'><strong>2</strong></span> <span class='ocrx_word' id='word_1_164' title='bbox 832 2165 886 2196; x_wconf 83' lang='lat' dir='ltr'>his</span> <span class='ocrx_word' id='word_1_165' title='bbox 905 2163 1059 2205; x_wconf 80' lang='lat' dir='ltr'>Vcopb:</span> <span class='ocrx_word' id='word_1_166' title='bbox 1090 2164 1132 2197; x_wconf 85' lang='lat' dir='ltr'>iis</span> <span class='ocrx_word' id='word_1_167' title='bbox 1149 2166 1166 2196; x_wconf 93' lang='grc' dir='ltr'>δ</span> <span class='ocrx_word' id='word_1_168' title='bbox 1297 2166 1320 2196; x_wconf 88' lang='grc'>6</span> <span class='ocrx_word' id='word_1_169' title='bbox 1343 2166 1433 2197; x_wconf 88' lang='lat' dir='ltr'>enim</span> 
     </span>
    </p>

    <p class='ocr_par' dir='ltr' id='par_1_10' title="bbox 98 2208 1436 2252">
     <span class='ocr_line' id='line_1_25' title="bbox 98 2208 1436 2252; baseline -0.001 -11"><span class='ocrx_word' id='word_1_170' title='bbox 98 2234 106 2241; x_wconf 92' lang='lat'><strong>.</strong></span> <span class='ocrx_word' id='word_1_171' title='bbox 123 2234 130 2241; x_wconf 93' lang='lat'>.</span> <span class='ocrx_word' id='word_1_172' title='bbox 151 2233 158 2240; x_wconf 89' lang='lat'>.</span> <span class='ocrx_word' id='word_1_173' title='bbox 179 2210 315 2250; x_wconf 84' lang='lat' dir='ltr'>suscepi</span> <span class='ocrx_word' id='word_1_174' title='bbox 340 2209 390 2252; x_wconf 84' lang='lat' dir='ltr'>(V</span> <span class='ocrx_word' id='word_1_175' title='bbox 391 2209 419 2241; x_wconf 88' lang='lat' dir='ltr'>C</span> <span class='ocrx_word' id='word_1_176' title='bbox 436 2208 496 2250; x_wconf 86' lang='lat' dir='ltr'>al.)</span> <span class='ocrx_word' id='word_1_177' title='bbox 521 2209 629 2250; x_wconf 84' lang='lat' dir='ltr'>suppl.</span> <span class='ocrx_word' id='word_1_178' title='bbox 654 2209 689 2240; x_wconf 81' lang='lat' dir='ltr'>in</span> <span class='ocrx_word' id='word_1_179' title='bbox 713 2218 782 2249; x_wconf 83' lang='lat' dir='ltr'>mg.</span> <span class='ocrx_word' id='word_1_180' title='bbox 804 2208 855 2240; x_wconf 88' lang='lat' dir='ltr'>O:</span> <span class='ocrx_word' id='word_1_181' title='bbox 888 2208 1013 2240; x_wconf 80' lang='lat' dir='ltr'>Anecd.</span> <span class='ocrx_word' id='word_1_182' title='bbox 1035 2213 1070 2249; x_wconf 83' lang='lat' dir='ltr'>p.</span> <span class='ocrx_word' id='word_1_183' title='bbox 1096 2208 1214 2239; x_wconf 81' lang='lat' dir='ltr'>xxvii:</span> <span class='ocrx_word' id='word_1_184' title='bbox 1250 2209 1340 2240; x_wconf 91' lang='lat' dir='ltr'>enim</span> <span class='ocrx_word' id='word_1_185' title='bbox 1359 2214 1436 2250; x_wconf 78' lang='lat' dir='ltr'>post</span> 
     </span>
    </p>

    <p class='ocr_par' dir='ltr' id='par_1_11' title="bbox 98 2251 1441 2294">
     <span class='ocr_line' id='line_1_26' title="bbox 98 2251 1441 2294; baseline -0.001 -10"><span class='ocrx_word' id='word_1_186' title='bbox 98 2254 239 2285; x_wconf 77' lang='lat' dir='ltr'>alterum</span> <span class='ocrx_word' id='word_1_187' title='bbox 272 2253 409 2294; x_wconf 84' lang='lat' dir='ltr'>suscepi</span> <span class='ocrx_word' id='word_1_188' title='bbox 440 2252 527 2285; x_wconf 80' lang='lat' dir='ltr'>male</span> <span class='ocrx_word' id='word_1_189' title='bbox 557 2253 684 2284; x_wconf 70' lang='lat' dir='ltr'>nteravit</span> <span class='ocrx_word' id='word_1_190' title='bbox 715 2252 747 2282; x_wconf 90' lang='lat' dir='ltr'><em>V</em></span> <span class='ocrx_word' id='word_1_191' title='bbox 857 2262 879 2291; x_wconf 90' lang='lat'>9</span> <span class='ocrx_word' id='word_1_192' title='bbox 902 2262 941 2284; x_wconf 88' lang='lat' dir='ltr'>ac</span> <span class='ocrx_word' id='word_1_193' title='bbox 970 2251 1085 2292; x_wconf 76' lang='lat' dir='ltr'>COql:</span> <span class='ocrx_word' id='word_1_194' title='bbox 1113 2257 1147 2283; x_wconf 90' lang='lat' dir='ltr'>et</span> <span class='ocrx_word' id='word_1_195' title='bbox 1170 2252 1210 2283; x_wconf 73' lang='lat' dir='ltr'>nb</span> <span class='ocrx_word' id='word_1_196' title='bbox 1232 2252 1320 2283; x_wconf 84' lang='lat' dir='ltr'>rell.:</span> <span class='ocrx_word' id='word_1_197' title='bbox 1353 2254 1387 2283; x_wconf 81' lang='lat' dir='ltr'>in</span> <span class='ocrx_word' id='word_1_198' title='bbox 1409 2252 1441 2281; x_wconf 91' lang='lat' dir='ltr'><em>V</em></span> 
     </span>
    </p>

    <p class='ocr_par' dir='ltr' id='par_1_12' title="bbox 97 2294 1433 2336">
     <span class='ocr_line' id='line_1_27' title="bbox 97 2294 1433 2336; baseline -0.001 -8"><span class='ocrx_word' id='word_1_199' title='bbox 97 2301 144 2328; x_wconf 82' lang='lat' dir='ltr'>est</span> <span class='ocrx_word' id='word_1_200' title='bbox 165 2298 324 2329; x_wconf 79' lang='lat' dir='ltr'>incertum</span> <span class='ocrx_word' id='word_1_201' title='bbox 432 2307 472 2328; x_wconf 93' lang='lat'>10</span> <span class='ocrx_word' id='word_1_202' title='bbox 494 2296 628 2328; x_wconf 85' lang='lat' dir='ltr'>venerit</span> <span class='ocrx_word' id='word_1_203' title='bbox 648 2294 735 2327; x_wconf 84' lang='lat' dir='ltr'>C¹Ol</span> <span class='ocrx_word' id='word_1_204' title='bbox 754 2295 807 2336; x_wconf 75' lang='lat' dir='ltr'>(cfi</span> <span class='ocrx_word' id='word_1_205' title='bbox 829 2298 844 2333; x_wconf 83' lang='lat'>§</span> <span class='ocrx_word' id='word_1_206' title='bbox 862 2295 920 2336; x_wconf 83' lang='lat'>37)</span> <span class='ocrx_word' id='word_1_207' title='bbox 1011 2305 1047 2326; x_wconf 92' lang='lat'>11</span> <span class='ocrx_word' id='word_1_208' title='bbox 1073 2296 1279 2327; x_wconf 85' lang='lat' dir='ltr'>veniundum</span> <span class='ocrx_word' id='word_1_209' title='bbox 1300 2295 1374 2336; x_wconf 81' lang='lat' dir='ltr'>ch</span> <span class='ocrx_word' id='word_1_210' title='bbox 1391 2296 1433 2327; x_wconf 87' lang='lat' dir='ltr'>al.</span> 
     </span>
    </p>

    <p class='ocr_par' dir='ltr' id='par_1_13' title="bbox 101 2338 1434 2381">
     <span class='ocr_line' id='line_1_28' title="bbox 101 2338 1434 2381; baseline -0.001 -9"><span class='ocrx_word' id='word_1_211' title='bbox 101 2351 137 2372; x_wconf 93' lang='lat'>11</span> <span class='ocrx_word' id='word_1_212' title='bbox 164 2346 266 2381; x_wconf 78' lang='lat' dir='ltr'>atque</span> <span class='ocrx_word' id='word_1_213' title='bbox 287 2339 412 2372; x_wconf 86' lang='lat' dir='ltr'>VCO¹:</span> <span class='ocrx_word' id='word_1_214' title='bbox 436 2351 474 2372; x_wconf 90' lang='lat' dir='ltr'>ac</span> <span class='ocrx_word' id='word_1_215' title='bbox 494 2346 519 2381; x_wconf 88' lang='lat' dir='ltr'>p</span> <span class='ocrx_word' id='word_1_216' title='bbox 537 2340 602 2372; x_wconf 83' lang='lat' dir='ltr'><em>rell.</em></span> <span class='ocrx_word' id='word_1_217' title='bbox 739 2350 778 2377; x_wconf 90' lang='lat'>14</span> <span class='ocrx_word' id='word_1_218' title='bbox 803 2339 918 2379; x_wconf 87' lang='lat' dir='ltr'>Atque</span> <span class='ocrx_word' id='word_1_219' title='bbox 939 2339 1063 2380; x_wconf 87' lang='lat' dir='ltr'>(adque</span> <span class='ocrx_word' id='word_1_220' title='bbox 1083 2339 1130 2379; x_wconf 89' lang='lat' dir='ltr'>V)</span> <span class='ocrx_word' id='word_1_221' title='bbox 1155 2338 1298 2370; x_wconf 87' lang='lat' dir='ltr'><em>VCO¹r:</em></span> <span class='ocrx_word' id='word_1_222' title='bbox 1331 2345 1434 2379; x_wconf 83' lang='lat' dir='ltr'>atque</span> 
     </span>
    </p>

    <p class='ocr_par' dir='ltr' id='par_1_14' title="bbox 96 2381 1434 2457">
     <span class='ocr_line' id='line_1_29' title="bbox 96 2381 1434 2426; baseline 0.001 -12"><span class='ocrx_word' id='word_1_223' title='bbox 96 2385 183 2416; x_wconf 86' lang='lat' dir='ltr'>adeo</span> <span class='ocrx_word' id='word_1_224' title='bbox 195 2385 240 2426; x_wconf 82' lang='lat' dir='ltr'>pb</span> <span class='ocrx_word' id='word_1_225' title='bbox 257 2384 299 2415; x_wconf 88' lang='lat' dir='ltr'>al.</span> <span class='ocrx_word' id='word_1_226' title='bbox 392 2384 466 2415; x_wconf 85' lang='lat' dir='ltr'>dico</span> <span class='ocrx_word' id='word_1_227' title='bbox 491 2383 589 2414; x_wconf 75' lang='lat' dir='ltr'>VCnb</span> <span class='ocrx_word' id='word_1_228' title='bbox 605 2383 682 2415; x_wconf 83' lang='lat' dir='ltr'>etin</span> <span class='ocrx_word' id='word_1_229' title='bbox 700 2394 767 2424; x_wconf 82' lang='lat' dir='ltr'>mg.</span> <span class='ocrx_word' id='word_1_230' title='bbox 788 2382 830 2414; x_wconf 86' lang='lat'>0¹</span> <span class='ocrx_word' id='word_1_231' title='bbox 848 2394 854 2413; x_wconf 90' lang='lat'>:</span> <span class='ocrx_word' id='word_1_232' title='bbox 879 2383 989 2414; x_wconf 86' lang='lat' dir='ltr'>dicam</span> <span class='ocrx_word' id='word_1_233' title='bbox 1009 2381 1061 2414; x_wconf 81' lang='lat' dir='ltr'>Ok</span> <span class='ocrx_word' id='word_1_234' title='bbox 1181 2383 1221 2414; x_wconf 88' lang='lat'>16</span> <span class='ocrx_word' id='word_1_235' title='bbox 1244 2383 1390 2414; x_wconf 88' lang='lat' dir='ltr'>dicunda</span> <span class='ocrx_word' id='word_1_236' title='bbox 1407 2384 1434 2415; x_wconf 91' lang='lat' dir='ltr'><em>C</em></span> 
     </span>
     <span class='ocr_line' id='line_1_30' title="bbox 1305 2427 1345 2457; baseline 0 -11"><span class='ocrx_word' id='word_1_237' title='bbox 1305 2427 1345 2457; x_wconf 69' lang='lat'>8*</span> 
     </span>
    </p>
   </div>
  </div>
 </body>
</html>
