<?xml version="1.0" encoding="UTF-8"?>
<!DOCTYPE html PUBLIC "-//W3C//DTD XHTML 1.0 Transitional//EN"
    "http://www.w3.org/TR/xhtml1/DTD/xhtml1-transitional.dtd">
<html xmlns="http://www.w3.org/1999/xhtml" xml:lang="en" lang="en">
 <head>
  <title>
</title>
<meta http-equiv="Content-Type" content="text/html;charset=utf-8" />
  <meta name='ocr-system' content='tesseract 3.04.00' />
  <meta name='ocr-capabilities' content='ocr_page ocr_carea ocr_par ocr_line ocrx_word'/>
</head>
<body>
  <div class='ocr_page' id='page_1' title='image "./orationesrecogno02ciceuoft/orationesrecogno02ciceuoft_0397.png"; bbox 0 0 1600 2704; ppageno 0'>
   <div class='ocr_carea' id='block_1_1' title="bbox 61 115 1451 169">
    <p class='ocr_par' dir='ltr' id='par_1_1' title="bbox 61 115 1451 169">
     <span class='ocr_line' id='line_1_1' title="bbox 61 115 1451 169; baseline 0.005 -15"><span class='ocrx_word' id='word_1_1' title='bbox 61 115 330 155; x_wconf 86' lang='lat' dir='ltr'>ACTIONIS</span> <span class='ocrx_word' id='word_1_2' title='bbox 352 116 413 153; x_wconf 94' lang='lat' dir='ltr'>IN</span> <span class='ocrx_word' id='word_1_3' title='bbox 435 115 479 154; x_wconf 90' lang='lat' dir='ltr'>C.</span> <span class='ocrx_word' id='word_1_4' title='bbox 502 116 745 154; x_wconf 87' lang='lat' dir='ltr'><strong>VERREM</strong></span> <span class='ocrx_word' id='word_1_5' title='bbox 767 117 1067 157; x_wconf 89' lang='lat' dir='ltr'>SECVNDAE</span> <span class='ocrx_word' id='word_1_6' title='bbox 1089 121 1194 159; x_wconf 89' lang='lat' dir='ltr'>LIB.</span> <span class='ocrx_word' id='word_1_7' title='bbox 1220 123 1280 160; x_wconf 91' lang='lat' dir='ltr'>IV</span> <span class='ocrx_word' id='word_1_8' title='bbox 1336 123 1388 161; x_wconf 89' lang='lat'>28</span> <span class='ocrx_word' id='word_1_9' title='bbox 1409 128 1451 169; x_wconf 86' lang='lat'>65</span> 
     </span>
    </p>
   </div>
   <div class='ocr_carea' id='block_1_2' title="bbox 0 223 1462 2277">
    <p class='ocr_par' dir='ltr' id='par_1_2' title="bbox 0 223 1462 2277">
     <span class='ocr_line' id='line_1_2' title="bbox 58 223 1390 281; baseline 0.006 -19"><span class='ocrx_word' id='word_1_10' title='bbox 58 224 348 274; x_wconf 89' lang='lat' dir='ltr'>involucrisque</span> <span class='ocrx_word' id='word_1_11' title='bbox 396 223 547 263; x_wconf 90' lang='lat' dir='ltr'>reiectis</span> <span class='ocrx_word' id='word_1_12' title='bbox 590 224 888 273; x_wconf 89' lang='lat' dir='ltr'>constituerunt,</span> <span class='ocrx_word' id='word_1_13' title='bbox 932 228 1101 266; x_wconf 90' lang='lat' dir='ltr'>clamare</span> <span class='ocrx_word' id='word_1_14' title='bbox 1149 228 1220 268; x_wconf 90' lang='lat' dir='ltr'>iste</span> <span class='ocrx_word' id='word_1_15' title='bbox 1259 230 1390 281; x_wconf 88' lang='lat' dir='ltr'>coepit</span> 
     </span>
     <span class='ocr_line' id='line_1_3' title="bbox 56 288 1388 342; baseline 0.004 -15"><span class='ocrx_word' id='word_1_16' title='bbox 56 289 217 339; x_wconf 86' lang='lat' dir='ltr'>dignam</span> <span class='ocrx_word' id='word_1_17' title='bbox 263 301 345 327; x_wconf 89' lang='lat' dir='ltr'>rem</span> <span class='ocrx_word' id='word_1_18' title='bbox 393 301 478 327; x_wconf 91' lang='lat' dir='ltr'>esse</span> <span class='ocrx_word' id='word_1_19' title='bbox 519 301 640 338; x_wconf 88' lang='lat' dir='ltr'>regno</span> <span class='ocrx_word' id='word_1_20' title='bbox 679 288 822 338; x_wconf 85' lang='lat' dir='ltr'>Syriae,</span> <span class='ocrx_word' id='word_1_21' title='bbox 863 289 1023 339; x_wconf 85' lang='lat' dir='ltr'>dignam</span> <span class='ocrx_word' id='word_1_22' title='bbox 1070 292 1175 342; x_wconf 87' lang='lat' dir='ltr'>regio</span> <span class='ocrx_word' id='word_1_23' title='bbox 1215 306 1388 342; x_wconf 89' lang='lat' dir='ltr'>munere,</span> 
     </span>
     <span class='ocr_line' id='line_1_4' title="bbox 56 352 1390 406; baseline 0.004 -15"><span class='ocrx_word' id='word_1_24' title='bbox 56 353 216 403; x_wconf 84' lang='lat' dir='ltr'>dignam</span> <span class='ocrx_word' id='word_1_25' title='bbox 249 353 458 403; x_wconf 90' lang='lat' dir='ltr'>Capitolio.</span> <span class='ocrx_word' id='word_1_26' title='bbox 518 352 677 391; x_wconf 84' lang='lat' dir='ltr'>Etenim</span> <span class='ocrx_word' id='word_1_27' title='bbox 711 361 792 392; x_wconf 89' lang='lat' dir='ltr'>erat</span> <span class='ocrx_word' id='word_1_28' title='bbox 823 367 873 393; x_wconf 92' lang='lat' dir='ltr'>eo</span> <span class='ocrx_word' id='word_1_29' title='bbox 903 356 1114 404; x_wconf 82' lang='lat' dir='ltr'>splendore</span> <span class='ocrx_word' id='word_1_30' title='bbox 1142 356 1209 406; x_wconf 92' lang='lat' dir='ltr'>qui</span> <span class='ocrx_word' id='word_1_31' title='bbox 1236 370 1282 395; x_wconf 83' lang='lat' dir='ltr'>ex</span> <span class='ocrx_word' id='word_1_32' title='bbox 1316 360 1390 396; x_wconf 88' lang='lat' dir='ltr'>cla-</span> 
     </span>
     <span class='ocr_line' id='line_1_5' title="bbox 55 417 1390 469; baseline 0.004 -13"><span class='ocrx_word' id='word_1_33' title='bbox 55 417 216 456; x_wconf 90' lang='lat' dir='ltr'>rissimis</span> <span class='ocrx_word' id='word_1_34' title='bbox 245 426 284 457; x_wconf 92' lang='lat' dir='ltr'>et</span> <span class='ocrx_word' id='word_1_35' title='bbox 315 417 586 468; x_wconf 85' lang='lat' dir='ltr'>pulcherrimis</span> <span class='ocrx_word' id='word_1_36' title='bbox 617 419 783 467; x_wconf 86' lang='lat' dir='ltr'>gemmis</span> <span class='ocrx_word' id='word_1_37' title='bbox 815 432 900 457; x_wconf 91' lang='lat' dir='ltr'>esse</span> <span class='ocrx_word' id='word_1_38' title='bbox 932 420 1116 469; x_wconf 83' lang='lat' dir='ltr'>debebat,</span> <span class='ocrx_word' id='word_1_39' title='bbox 1138 434 1183 460; x_wconf 91' lang='lat' dir='ltr'>ea</span> <span class='ocrx_word' id='word_1_40' title='bbox 1204 422 1390 461; x_wconf 81' lang='lat' dir='ltr'>varietate</span> 
     </span>
     <span class='ocr_line' id='line_1_6' title="bbox 16 481 1389 535; baseline 0.004 -15"><span class='ocrx_word' id='word_1_41' title='bbox 16 497 36 529; x_wconf 76' lang='grc'><strong><em>5</em></strong></span> <span class='ocrx_word' id='word_1_42' title='bbox 55 495 219 533; x_wconf 91' lang='lat' dir='ltr'>operum</span> <span class='ocrx_word' id='word_1_43' title='bbox 245 490 287 521; x_wconf 90' lang='lat' dir='ltr'>ut</span> <span class='ocrx_word' id='word_1_44' title='bbox 315 495 375 521; x_wconf 88' lang='lat' dir='ltr'>ars</span> <span class='ocrx_word' id='word_1_45' title='bbox 396 489 544 521; x_wconf 90' lang='lat' dir='ltr'>certare</span> <span class='ocrx_word' id='word_1_46' title='bbox 564 481 762 521; x_wconf 88' lang='lat' dir='ltr'>videretur</span> <span class='ocrx_word' id='word_1_47' title='bbox 782 495 874 521; x_wconf 92' lang='lat' dir='ltr'>cum</span> <span class='ocrx_word' id='word_1_48' title='bbox 894 483 1020 534; x_wconf 84' lang='lat' dir='ltr'>copia,</span> <span class='ocrx_word' id='word_1_49' title='bbox 1042 498 1088 523; x_wconf 85' lang='lat' dir='ltr'>ea</span> <span class='ocrx_word' id='word_1_50' title='bbox 1116 486 1389 535; x_wconf 84' lang='lat' dir='ltr'>magnitudine</span> 
     </span>
     <span class='ocr_line' id='line_1_7' title="bbox 53 546 1387 599; baseline 0.003 -14"><span class='ocrx_word' id='word_1_51' title='bbox 53 554 96 585; x_wconf 90' lang='lat' dir='ltr'>ut</span> <span class='ocrx_word' id='word_1_52' title='bbox 136 546 308 597; x_wconf 82' lang='lat' dir='ltr'>intellegi</span> <span class='ocrx_word' id='word_1_53' title='bbox 346 554 478 597; x_wconf 89' lang='lat' dir='ltr'>posset</span> <span class='ocrx_word' id='word_1_54' title='bbox 512 559 593 585; x_wconf 90' lang='lat' dir='ltr'>non</span> <span class='ocrx_word' id='word_1_55' title='bbox 641 548 692 586; x_wconf 88' lang='lat' dir='ltr'>ad</span> <span class='ocrx_word' id='word_1_56' title='bbox 723 547 930 586; x_wconf 89' lang='lat' dir='ltr'>hominum</span> <span class='ocrx_word' id='word_1_57' title='bbox 969 557 1200 599; x_wconf 89' lang='lat' dir='ltr'>apparatum</span> <span class='ocrx_word' id='word_1_58' title='bbox 1233 552 1303 590; x_wconf 90' lang='lat' dir='ltr'>sed</span> <span class='ocrx_word' id='word_1_59' title='bbox 1337 552 1387 589; x_wconf 84' lang='lat' dir='ltr'>ad</span> 
     </span>
     <span class='ocr_line' id='line_1_8' title="bbox 51 610 1387 661; baseline 0.003 -12"><span class='ocrx_word' id='word_1_60' title='bbox 51 610 283 661; x_wconf 89' lang='lat' dir='ltr'>amplissimi</span> <span class='ocrx_word' id='word_1_61' title='bbox 313 612 449 660; x_wconf 89' lang='lat' dir='ltr'>templi</span> <span class='ocrx_word' id='word_1_62' title='bbox 488 618 669 650; x_wconf 88' lang='lat' dir='ltr'>ornatum</span> <span class='ocrx_word' id='word_1_63' title='bbox 711 624 796 650; x_wconf 91' lang='lat' dir='ltr'>esse</span> <span class='ocrx_word' id='word_1_64' title='bbox 830 613 988 651; x_wconf 87' lang='lat' dir='ltr'>factum.</span> <span class='ocrx_word' id='word_1_65' title='bbox 1048 614 1151 653; x_wconf 89' lang='lat' dir='ltr'>Cum</span> <span class='ocrx_word' id='word_1_66' title='bbox 1187 616 1279 653; x_wconf 86' lang='lat' dir='ltr'>satis</span> <span class='ocrx_word' id='word_1_67' title='bbox 1310 616 1387 653; x_wconf 88' lang='lat' dir='ltr'>iam</span> 
     </span>
     <span class='ocr_line' id='line_1_9' title="bbox 52 674 1387 727; baseline 0.003 -13"><span class='ocrx_word' id='word_1_68' title='bbox 52 675 295 726; x_wconf 86' lang='lat' dir='ltr'>perspexisse</span> <span class='ocrx_word' id='word_1_69' title='bbox 332 674 539 723; x_wconf 87' lang='lat' dir='ltr'>videretur,</span> <span class='ocrx_word' id='word_1_70' title='bbox 571 677 707 715; x_wconf 92' lang='lat' dir='ltr'>tollere</span> <span class='ocrx_word' id='word_1_71' title='bbox 739 676 932 727; x_wconf 89' lang='lat' dir='ltr'>incipiunt</span> <span class='ocrx_word' id='word_1_72' title='bbox 967 685 1009 716; x_wconf 92' lang='lat' dir='ltr'>ut</span> <span class='ocrx_word' id='word_1_73' title='bbox 1048 680 1244 718; x_wconf 86' lang='lat' dir='ltr'>referrent.</span> <span class='ocrx_word' id='word_1_74' title='bbox 1307 681 1387 718; x_wconf 89' lang='lat' dir='ltr'>Iste</span> 
     </span>
     <span class='ocr_line' id='line_1_10' title="bbox 51 739 1385 794; baseline 0.003 -16"><span class='ocrx_word' id='word_1_75' title='bbox 51 739 104 778; x_wconf 91' lang='lat' dir='ltr'>ait</span> <span class='ocrx_word' id='word_1_76' title='bbox 124 753 166 778; x_wconf 89' lang='lat' dir='ltr'>se</span> <span class='ocrx_word' id='word_1_77' title='bbox 186 741 285 779; x_wconf 89' lang='lat' dir='ltr'>velle</span> <span class='ocrx_word' id='word_1_78' title='bbox 306 739 403 778; x_wconf 90' lang='lat' dir='ltr'>illud</span> <span class='ocrx_word' id='word_1_79' title='bbox 424 739 542 778; x_wconf 91' lang='lat' dir='ltr'>etiam</span> <span class='ocrx_word' id='word_1_80' title='bbox 563 747 682 790; x_wconf 92' lang='lat' dir='ltr'>atque</span> <span class='ocrx_word' id='word_1_81' title='bbox 696 740 812 779; x_wconf 86' lang='lat' dir='ltr'>etiam</span> <span class='ocrx_word' id='word_1_82' title='bbox 831 741 1079 782; x_wconf 85' lang='lat' dir='ltr'>considerare</span> <span class='ocrx_word' id='word_1_83' title='bbox 1093 757 1103 791; x_wconf 76' lang='lat'><em>3</em></span> <span class='ocrx_word' id='word_1_84' title='bbox 1133 756 1385 794; x_wconf 86' lang='lat' dir='ltr'>nequaquam</span> 
     </span>
     <span class='ocr_line' id='line_1_11' title="bbox 0 804 1386 852; baseline 0.003 -10"><span class='ocrx_word' id='word_1_85' title='bbox 0 818 33 842; x_wconf 85' lang='lat'>10</span> <span class='ocrx_word' id='word_1_86' title='bbox 51 818 92 843; x_wconf 92' lang='lat' dir='ltr'>se</span> <span class='ocrx_word' id='word_1_87' title='bbox 131 818 216 844; x_wconf 92' lang='lat' dir='ltr'>esse</span> <span class='ocrx_word' id='word_1_88' title='bbox 255 804 437 843; x_wconf 86' lang='lat' dir='ltr'>satiatum</span> <span class='ocrx_word' id='word_1_89' title='bbox 457 819 467 852; x_wconf 80' lang='lat'><em>3</em></span> <span class='ocrx_word' id='word_1_90' title='bbox 506 804 615 843; x_wconf 90' lang='lat' dir='ltr'>iubet</span> <span class='ocrx_word' id='word_1_91' title='bbox 656 806 742 843; x_wconf 90' lang='lat' dir='ltr'>illos</span> <span class='ocrx_word' id='word_1_92' title='bbox 783 806 986 844; x_wconf 84' lang='lat' dir='ltr'>discedere</span> <span class='ocrx_word' id='word_1_93' title='bbox 1026 814 1063 846; x_wconf 89' lang='lat' dir='ltr'>et</span> <span class='ocrx_word' id='word_1_94' title='bbox 1103 808 1386 846; x_wconf 88' lang='lat' dir='ltr'>candelabrum</span> 
     </span>
     <span class='ocr_line' id='line_1_12' title="bbox 49 868 1356 920; baseline 0.002 -13"><span class='ocrx_word' id='word_1_95' title='bbox 49 869 279 920; x_wconf 87' lang='lat' dir='ltr'>relinquere.</span> <span class='ocrx_word' id='word_1_96' title='bbox 339 869 402 908; x_wconf 91' lang='lat' dir='ltr'>Sic</span> <span class='ocrx_word' id='word_1_97' title='bbox 423 868 477 907; x_wconf 92' lang='lat' dir='ltr'>illi</span> <span class='ocrx_word' id='word_1_98' title='bbox 499 876 583 907; x_wconf 90' lang='lat' dir='ltr'>tum</span> <span class='ocrx_word' id='word_1_99' title='bbox 604 869 740 908; x_wconf 89' lang='lat' dir='ltr'>inanes</span> <span class='ocrx_word' id='word_1_100' title='bbox 761 871 812 908; x_wconf 91' lang='lat' dir='ltr'>ad</span> <span class='ocrx_word' id='word_1_101' title='bbox 834 871 1079 909; x_wconf 87' lang='lat' dir='ltr'>Antiochum</span> <span class='ocrx_word' id='word_1_102' title='bbox 1102 880 1356 910; x_wconf 88' lang='lat' dir='ltr'>revertuntur.</span> 
     </span>
     <span class='ocr_line' id='line_1_13' title="bbox 103 930 1462 985; baseline 0.004 -13"><span class='ocrx_word' id='word_1_103' title='bbox 103 936 191 973; x_wconf 86' lang='lat' dir='ltr'>Rex</span> <span class='ocrx_word' id='word_1_104' title='bbox 228 934 357 985; x_wconf 91' lang='lat' dir='ltr'>primo</span> <span class='ocrx_word' id='word_1_105' title='bbox 394 932 492 972; x_wconf 90' lang='lat' dir='ltr'>nihil</span> <span class='ocrx_word' id='word_1_106' title='bbox 532 942 716 982; x_wconf 89' lang='lat' dir='ltr'>metuere,</span> <span class='ocrx_word' id='word_1_107' title='bbox 756 934 853 972; x_wconf 89' lang='lat' dir='ltr'>nihil</span> <span class='ocrx_word' id='word_1_108' title='bbox 894 935 1109 985; x_wconf 81' lang='lat' dir='ltr'>suspicari3</span> <span class='ocrx_word' id='word_1_109' title='bbox 1147 937 1232 976; x_wconf 90' lang='lat' dir='ltr'>dies</span> <span class='ocrx_word' id='word_1_110' title='bbox 1272 951 1384 985; x_wconf 82' lang='lat' dir='ltr'>unuS‚</span> <span class='ocrx_word' id='word_1_111' title='bbox 1406 930 1462 968; x_wconf 85' lang='lat'>²9</span> 
     </span>
     <span class='ocr_line' id='line_1_14' title="bbox 47 981 1448 1049; baseline 0.002 -12"><span class='ocrx_word' id='word_1_112' title='bbox 47 999 154 1046; x_wconf 87' lang='lat' dir='ltr'>alter,</span> <span class='ocrx_word' id='word_1_113' title='bbox 194 1000 352 1049; x_wconf 85' lang='lat' dir='ltr'>plures;</span> <span class='ocrx_word' id='word_1_114' title='bbox 399 1011 480 1036; x_wconf 88' lang='lat' dir='ltr'>non</span> <span class='ocrx_word' id='word_1_115' title='bbox 519 998 659 1037; x_wconf 90' lang='lat' dir='ltr'>referri.</span> <span class='ocrx_word' id='word_1_116' title='bbox 720 1000 824 1037; x_wconf 91' lang='lat' dir='ltr'>Tum</span> <span class='ocrx_word' id='word_1_117' title='bbox 874 999 1003 1047; x_wconf 86' lang='lat' dir='ltr'>mittit,</span> <span class='ocrx_word' id='word_1_118' title='bbox 1043 1000 1075 1038; x_wconf 88' lang='lat' dir='ltr'>si</span> <span class='ocrx_word' id='word_1_119' title='bbox 1114 1000 1302 1049; x_wconf 87' lang='lat' dir='ltr'>videatur,</span> <span class='ocrx_word' id='word_1_120' title='bbox 1344 1010 1385 1040; x_wconf 84' lang='lat' dir='ltr'>ut</span> <span class='ocrx_word' id='word_1_121' title='bbox 1405 981 1448 1013; x_wconf 73' lang='lat'>6⁶</span> 
     </span>
     <span class='ocr_line' id='line_1_15' title="bbox 47 1062 1385 1112; baseline 0.003 -12"><span class='ocrx_word' id='word_1_122' title='bbox 47 1064 196 1102; x_wconf 90' lang='lat' dir='ltr'>reddat.</span> <span class='ocrx_word' id='word_1_123' title='bbox 258 1063 375 1101; x_wconf 90' lang='lat' dir='ltr'>Iubet</span> <span class='ocrx_word' id='word_1_124' title='bbox 414 1062 486 1101; x_wconf 89' lang='lat' dir='ltr'>iste</span> <span class='ocrx_word' id='word_1_125' title='bbox 527 1062 720 1112; x_wconf 87' lang='lat' dir='ltr'>posterius</span> <span class='ocrx_word' id='word_1_126' title='bbox 754 1064 805 1101; x_wconf 90' lang='lat' dir='ltr'>ad</span> <span class='ocrx_word' id='word_1_127' title='bbox 845 1077 886 1102; x_wconf 89' lang='lat' dir='ltr'>se</span> <span class='ocrx_word' id='word_1_128' title='bbox 925 1063 1073 1102; x_wconf 86' lang='lat' dir='ltr'>reverti.</span> <span class='ocrx_word' id='word_1_129' title='bbox 1150 1066 1297 1104; x_wconf 84' lang='lat' dir='ltr'>Mirum</span> <span class='ocrx_word' id='word_1_130' title='bbox 1330 1067 1385 1104; x_wconf 89' lang='lat' dir='ltr'>illi</span> 
     </span>
     <span class='ocr_line' id='line_1_16' title="bbox 0 1126 1385 1181; baseline 0.001 -15"><span class='ocrx_word' id='word_1_131' title='bbox 0 1142 27 1177; x_wconf 74' lang='lat'>[5</span> <span class='ocrx_word' id='word_1_132' title='bbox 46 1127 194 1175; x_wconf 81' lang='lat' dir='ltr'>videri3</span> <span class='ocrx_word' id='word_1_133' title='bbox 233 1128 352 1166; x_wconf 89' lang='lat' dir='ltr'>mittit</span> <span class='ocrx_word' id='word_1_134' title='bbox 391 1126 559 1174; x_wconf 87' lang='lat' dir='ltr'>iterum;</span> <span class='ocrx_word' id='word_1_135' title='bbox 597 1140 678 1166; x_wconf 90' lang='lat' dir='ltr'>non</span> <span class='ocrx_word' id='word_1_136' title='bbox 713 1127 897 1166; x_wconf 86' lang='lat' dir='ltr'>redditur.</span> <span class='ocrx_word' id='word_1_137' title='bbox 959 1130 1051 1177; x_wconf 89' lang='lat' dir='ltr'>Ipse</span> <span class='ocrx_word' id='word_1_138' title='bbox 1085 1130 1288 1169; x_wconf 85' lang='lat' dir='ltr'>hominem</span> <span class='ocrx_word' id='word_1_139' title='bbox 1320 1144 1385 1181; x_wconf 87' lang='lat' dir='ltr'>ap-</span> 
     </span>
     <span class='ocr_line' id='line_1_17' title="bbox 45 1192 1383 1246; baseline 0.002 -15"><span class='ocrx_word' id='word_1_140' title='bbox 45 1193 174 1242; x_wconf 89' lang='lat' dir='ltr'>pellat,</span> <span class='ocrx_word' id='word_1_141' title='bbox 210 1200 319 1243; x_wconf 88' lang='lat' dir='ltr'>rogat</span> <span class='ocrx_word' id='word_1_142' title='bbox 351 1199 392 1230; x_wconf 91' lang='lat' dir='ltr'>ut</span> <span class='ocrx_word' id='word_1_143' title='bbox 424 1192 575 1230; x_wconf 88' lang='lat' dir='ltr'>reddat.</span> <span class='ocrx_word' id='word_1_144' title='bbox 645 1192 703 1231; x_wconf 91' lang='lat' dir='ltr'>Os</span> <span class='ocrx_word' id='word_1_145' title='bbox 738 1192 910 1231; x_wconf 90' lang='lat' dir='ltr'>hominis</span> <span class='ocrx_word' id='word_1_146' title='bbox 950 1193 1226 1245; x_wconf 89' lang='lat' dir='ltr'>insignemque</span> <span class='ocrx_word' id='word_1_147' title='bbox 1260 1196 1383 1246; x_wconf 85' lang='lat' dir='ltr'>impu-</span> 
     </span>
     <span class='ocr_line' id='line_1_18' title="bbox 44 1256 1382 1311; baseline 0.004 -16"><span class='ocrx_word' id='word_1_148' title='bbox 44 1256 222 1295; x_wconf 89' lang='lat' dir='ltr'>dentiam</span> <span class='ocrx_word' id='word_1_149' title='bbox 264 1256 501 1307; x_wconf 89' lang='lat' dir='ltr'>cognoscite.</span> <span class='ocrx_word' id='word_1_150' title='bbox 575 1257 697 1305; x_wconf 90' lang='lat' dir='ltr'>Quod</span> <span class='ocrx_word' id='word_1_151' title='bbox 745 1257 869 1304; x_wconf 90' lang='lat' dir='ltr'>sciret,</span> <span class='ocrx_word' id='word_1_152' title='bbox 911 1259 1020 1307; x_wconf 91' lang='lat' dir='ltr'>quod</span> <span class='ocrx_word' id='word_1_153' title='bbox 1064 1272 1111 1297; x_wconf 87' lang='lat' dir='ltr'>ex</span> <span class='ocrx_word' id='word_1_154' title='bbox 1158 1259 1244 1310; x_wconf 91' lang='lat' dir='ltr'>ipso</span> <span class='ocrx_word' id='word_1_155' title='bbox 1293 1274 1382 1311; x_wconf 86' lang='lat' dir='ltr'>rege</span> 
     </span>
     <span class='ocr_line' id='line_1_19' title="bbox 43 1320 1382 1375; baseline 0.004 -16"><span class='ocrx_word' id='word_1_156' title='bbox 43 1321 218 1360; x_wconf 90' lang='lat' dir='ltr'>audisset</span> <span class='ocrx_word' id='word_1_157' title='bbox 249 1321 288 1360; x_wconf 91' lang='lat' dir='ltr'>in</span> <span class='ocrx_word' id='word_1_158' title='bbox 321 1320 519 1372; x_wconf 90' lang='lat' dir='ltr'>Capitolio</span> <span class='ocrx_word' id='word_1_159' title='bbox 553 1334 639 1360; x_wconf 91' lang='lat' dir='ltr'>esse</span> <span class='ocrx_word' id='word_1_160' title='bbox 670 1323 914 1371; x_wconf 86' lang='lat' dir='ltr'>ponendum,</span> <span class='ocrx_word' id='word_1_161' title='bbox 949 1324 1058 1373; x_wconf 88' lang='lat' dir='ltr'>quod</span> <span class='ocrx_word' id='word_1_162' title='bbox 1096 1325 1181 1363; x_wconf 83' lang='lat' dir='ltr'>Iovi</span> <span class='ocrx_word' id='word_1_163' title='bbox 1216 1326 1382 1375; x_wconf 86' lang='lat' dir='ltr'>Optimo</span> 
     </span>
     <span class='ocr_line' id='line_1_20' title="bbox 45 1385 1381 1436; baseline 0.004 -13"><span class='ocrx_word' id='word_1_164' title='bbox 45 1385 234 1433; x_wconf 84' lang='lat' dir='ltr'>Maximo,</span> <span class='ocrx_word' id='word_1_165' title='bbox 264 1386 371 1436; x_wconf 94' lang='lat' dir='ltr'>quod</span> <span class='ocrx_word' id='word_1_166' title='bbox 406 1387 556 1436; x_wconf 90' lang='lat' dir='ltr'>populo</span> <span class='ocrx_word' id='word_1_167' title='bbox 586 1387 772 1425; x_wconf 91' lang='lat' dir='ltr'>Romano</span> <span class='ocrx_word' id='word_1_168' title='bbox 802 1386 943 1426; x_wconf 80' lang='lat' dir='ltr'>servari</span> <span class='ocrx_word' id='word_1_169' title='bbox 974 1387 1133 1435; x_wconf 87' lang='lat' dir='ltr'>videret,</span> <span class='ocrx_word' id='word_1_170' title='bbox 1164 1389 1204 1427; x_wconf 90' lang='lat' dir='ltr'>id</span> <span class='ocrx_word' id='word_1_171' title='bbox 1235 1390 1307 1428; x_wconf 89' lang='lat' dir='ltr'>sibi</span> <span class='ocrx_word' id='word_1_172' title='bbox 1340 1400 1381 1429; x_wconf 87' lang='lat' dir='ltr'>ut</span> 
     </span>
     <span class='ocr_line' id='line_1_21' title="bbox 0 1449 1380 1502; baseline 0.004 -15"><span class='ocrx_word' id='word_1_173' title='bbox 0 1465 25 1488; x_wconf 72' lang='lat' dir='ltr'>:o</span> <span class='ocrx_word' id='word_1_174' title='bbox 42 1449 208 1489; x_wconf 87' lang='lat' dir='ltr'>donaret</span> <span class='ocrx_word' id='word_1_175' title='bbox 228 1463 362 1500; x_wconf 89' lang='lat' dir='ltr'>rogare</span> <span class='ocrx_word' id='word_1_176' title='bbox 382 1457 421 1489; x_wconf 91' lang='lat' dir='ltr'>et</span> <span class='ocrx_word' id='word_1_177' title='bbox 447 1450 794 1490; x_wconf 88' lang='lat' dir='ltr'>vehementissime</span> <span class='ocrx_word' id='word_1_178' title='bbox 823 1459 955 1501; x_wconf 91' lang='lat' dir='ltr'>petere</span> <span class='ocrx_word' id='word_1_179' title='bbox 982 1452 1123 1502; x_wconf 88' lang='lat' dir='ltr'>coepit.</span> <span class='ocrx_word' id='word_1_180' title='bbox 1184 1454 1287 1493; x_wconf 91' lang='lat' dir='ltr'>Cum</span> <span class='ocrx_word' id='word_1_181' title='bbox 1317 1455 1380 1494; x_wconf 90' lang='lat' dir='ltr'>ille</span> 
     </span>
     <span class='ocr_line' id='line_1_22' title="bbox 41 1513 1379 1564; baseline 0.004 -12"><span class='ocrx_word' id='word_1_182' title='bbox 41 1527 83 1553; x_wconf 90' lang='lat' dir='ltr'>se</span> <span class='ocrx_word' id='word_1_183' title='bbox 117 1521 156 1552; x_wconf 89' lang='lat' dir='ltr'>et</span> <span class='ocrx_word' id='word_1_184' title='bbox 189 1514 376 1564; x_wconf 88' lang='lat' dir='ltr'>religione</span> <span class='ocrx_word' id='word_1_185' title='bbox 404 1513 511 1552; x_wconf 88' lang='lat' dir='ltr'>Iovis</span> <span class='ocrx_word' id='word_1_186' title='bbox 541 1514 755 1564; x_wconf 88' lang='lat' dir='ltr'>Capitolini</span> <span class='ocrx_word' id='word_1_187' title='bbox 785 1523 823 1553; x_wconf 94' lang='lat' dir='ltr'>et</span> <span class='ocrx_word' id='word_1_188' title='bbox 853 1515 1061 1554; x_wconf 90' lang='lat' dir='ltr'>hominurn</span> <span class='ocrx_word' id='word_1_189' title='bbox 1090 1517 1379 1558; x_wconf 81' lang='lat' dir='ltr'>existimatione</span> 
     </span>
     <span class='ocr_line' id='line_1_23' title="bbox 41 1577 1378 1629; baseline 0.004 -13"><span class='ocrx_word' id='word_1_190' title='bbox 41 1577 223 1629; x_wconf 89' lang='lat' dir='ltr'>impediri</span> <span class='ocrx_word' id='word_1_191' title='bbox 257 1578 415 1627; x_wconf 91' lang='lat' dir='ltr'>diceret,</span> <span class='ocrx_word' id='word_1_192' title='bbox 438 1579 547 1628; x_wconf 91' lang='lat' dir='ltr'>quod</span> <span class='ocrx_word' id='word_1_193' title='bbox 578 1579 725 1617; x_wconf 89' lang='lat' dir='ltr'>multae</span> <span class='ocrx_word' id='word_1_194' title='bbox 755 1579 935 1618; x_wconf 89' lang='lat' dir='ltr'>nationes</span> <span class='ocrx_word' id='word_1_195' title='bbox 966 1587 1085 1620; x_wconf 90' lang='lat' dir='ltr'>testes</span> <span class='ocrx_word' id='word_1_196' title='bbox 1115 1590 1246 1621; x_wconf 88' lang='lat' dir='ltr'>essent</span> <span class='ocrx_word' id='word_1_197' title='bbox 1276 1583 1378 1622; x_wconf 90' lang='lat' dir='ltr'>illius</span> 
     </span>
     <span class='ocr_line' id='line_1_24' title="bbox 41 1643 1377 1697; baseline 0.002 -14"><span class='ocrx_word' id='word_1_198' title='bbox 41 1643 170 1694; x_wconf 91' lang='lat' dir='ltr'>operis</span> <span class='ocrx_word' id='word_1_199' title='bbox 190 1656 236 1683; x_wconf 88' lang='lat' dir='ltr'>ac</span> <span class='ocrx_word' id='word_1_200' title='bbox 257 1643 440 1690; x_wconf 90' lang='lat' dir='ltr'>muneris,</span> <span class='ocrx_word' id='word_1_201' title='bbox 464 1643 536 1682; x_wconf 92' lang='lat' dir='ltr'>iste</span> <span class='ocrx_word' id='word_1_202' title='bbox 558 1643 710 1682; x_wconf 88' lang='lat' dir='ltr'>homini</span> <span class='ocrx_word' id='word_1_203' title='bbox 732 1643 870 1682; x_wconf 88' lang='lat' dir='ltr'>minari</span> <span class='ocrx_word' id='word_1_204' title='bbox 884 1645 1072 1685; x_wconf 89' lang='lat' dir='ltr'>acerrime</span> <span class='ocrx_word' id='word_1_205' title='bbox 1093 1647 1233 1697; x_wconf 88' lang='lat' dir='ltr'>coepit.</span> <span class='ocrx_word' id='word_1_206' title='bbox 1297 1648 1377 1687; x_wconf 88' lang='lat' dir='ltr'>Vbi</span> 
     </span>
     <span class='ocr_line' id='line_1_25' title="bbox 40 1707 1374 1761; baseline 0.004 -16"><span class='ocrx_word' id='word_1_207' title='bbox 40 1707 147 1746; x_wconf 92' lang='lat' dir='ltr'>videt</span> <span class='ocrx_word' id='word_1_208' title='bbox 181 1721 272 1746; x_wconf 90' lang='lat' dir='ltr'>eum</span> <span class='ocrx_word' id='word_1_209' title='bbox 304 1707 429 1746; x_wconf 90' lang='lat' dir='ltr'>nihilo</span> <span class='ocrx_word' id='word_1_210' title='bbox 461 1707 583 1758; x_wconf 89' lang='lat' dir='ltr'>magis</span> <span class='ocrx_word' id='word_1_211' title='bbox 619 1707 735 1747; x_wconf 90' lang='lat' dir='ltr'>minis</span> <span class='ocrx_word' id='word_1_212' title='bbox 767 1721 886 1758; x_wconf 88' lang='lat' dir='ltr'>quam</span> <span class='ocrx_word' id='word_1_213' title='bbox 919 1710 1101 1759; x_wconf 89' lang='lat' dir='ltr'>precibus</span> <span class='ocrx_word' id='word_1_214' title='bbox 1141 1712 1374 1761; x_wconf 84' lang='lat' dir='ltr'>permoveri,</span> 
     </span>
     <span class='ocr_line' id='line_1_26' title="bbox 3 1772 1377 1825; baseline 0.003 -14"><span class='ocrx_word' id='word_1_215' title='bbox 3 1789 21 1822; x_wconf 83' lang='lat'>5</span> <span class='ocrx_word' id='word_1_216' title='bbox 39 1780 200 1824; x_wconf 89' lang='lat' dir='ltr'>repente</span> <span class='ocrx_word' id='word_1_217' title='bbox 221 1772 423 1812; x_wconf 90' lang='lat' dir='ltr'>hominem</span> <span class='ocrx_word' id='word_1_218' title='bbox 445 1774 495 1812; x_wconf 91' lang='lat' dir='ltr'>de</span> <span class='ocrx_word' id='word_1_219' title='bbox 515 1773 717 1824; x_wconf 87' lang='lat' dir='ltr'>provincia</span> <span class='ocrx_word' id='word_1_220' title='bbox 737 1773 846 1812; x_wconf 91' lang='lat' dir='ltr'>iubet</span> <span class='ocrx_word' id='word_1_221' title='bbox 863 1781 954 1812; x_wconf 90' lang='lat' dir='ltr'>ante</span> <span class='ocrx_word' id='word_1_222' title='bbox 975 1782 1133 1813; x_wconf 88' lang='lat' dir='ltr'>noctem</span> <span class='ocrx_word' id='word_1_223' title='bbox 1155 1777 1348 1815; x_wconf 88' lang='lat' dir='ltr'>decedere</span> <span class='ocrx_word' id='word_1_224' title='bbox 1368 1792 1377 1825; x_wconf 78' lang='lat'><em>3</em></span> 
     </span>
     <span class='ocr_line' id='line_1_27' title="bbox 39 1838 1375 1890; baseline 0.002 -13"><span class='ocrx_word' id='word_1_225' title='bbox 39 1838 92 1877; x_wconf 90' lang='lat' dir='ltr'>ait</span> <span class='ocrx_word' id='word_1_226' title='bbox 113 1852 154 1878; x_wconf 92' lang='lat' dir='ltr'>se</span> <span class='ocrx_word' id='word_1_227' title='bbox 174 1838 413 1890; x_wconf 87' lang='lat' dir='ltr'>comperisse</span> <span class='ocrx_word' id='word_1_228' title='bbox 433 1852 480 1878; x_wconf 88' lang='lat' dir='ltr'>ex</span> <span class='ocrx_word' id='word_1_229' title='bbox 501 1838 583 1878; x_wconf 92' lang='lat' dir='ltr'>eius</span> <span class='ocrx_word' id='word_1_230' title='bbox 605 1852 725 1889; x_wconf 89' lang='lat' dir='ltr'>regno</span> <span class='ocrx_word' id='word_1_231' title='bbox 747 1838 890 1890; x_wconf 88' lang='lat' dir='ltr'>piratas</span> <span class='ocrx_word' id='word_1_232' title='bbox 911 1840 962 1878; x_wconf 91' lang='lat' dir='ltr'>ad</span> <span class='ocrx_word' id='word_1_233' title='bbox 985 1839 1157 1879; x_wconf 88' lang='lat' dir='ltr'>Siciliam</span> <span class='ocrx_word' id='word_1_234' title='bbox 1178 1854 1264 1880; x_wconf 91' lang='lat' dir='ltr'>esse</span> <span class='ocrx_word' id='word_1_235' title='bbox 1285 1855 1375 1880; x_wconf 89' lang='lat' dir='ltr'>ven-</span> 
     </span>
     <span class='ocr_line' id='line_1_28' title="bbox 39 1903 1438 1960; baseline 0.002 -18"><span class='ocrx_word' id='word_1_236' title='bbox 39 1909 156 1943; x_wconf 91' lang='lat' dir='ltr'>turos.</span> <span class='ocrx_word' id='word_1_237' title='bbox 217 1905 304 1943; x_wconf 90' lang='lat' dir='ltr'>Rex</span> <span class='ocrx_word' id='word_1_238' title='bbox 337 1903 509 1943; x_wconf 84' lang='lat' dir='ltr'>maximo</span> <span class='ocrx_word' id='word_1_239' title='bbox 540 1911 738 1943; x_wconf 87' lang='lat' dir='ltr'>conventu</span> <span class='ocrx_word' id='word_1_240' title='bbox 773 1904 973 1954; x_wconf 90' lang='lat' dir='ltr'>Syracusis</span> <span class='ocrx_word' id='word_1_241' title='bbox 1004 1904 1044 1943; x_wconf 91' lang='lat' dir='ltr'>in</span> <span class='ocrx_word' id='word_1_242' title='bbox 1076 1906 1170 1952; x_wconf 88' lang='lat' dir='ltr'>foro,</span> <span class='ocrx_word' id='word_1_243' title='bbox 1204 1919 1253 1944; x_wconf 93' lang='lat' dir='ltr'>ne</span> <span class='ocrx_word' id='word_1_244' title='bbox 1286 1906 1373 1956; x_wconf 89' lang='lat' dir='ltr'>quis</span> <span class='ocrx_word' id='word_1_245' title='bbox 1394 1918 1438 1960; x_wconf 88' lang='lat'>67</span> 
     </span>
     <span class='ocr_line' id='line_1_29' title="bbox 39 1968 1373 2020; baseline 0.002 -14"><span class='ocrx_word' id='word_1_246' title='bbox 39 1968 138 2007; x_wconf 92' lang='lat' dir='ltr'>forte</span> <span class='ocrx_word' id='word_1_247' title='bbox 158 1981 222 2007; x_wconf 92' lang='lat' dir='ltr'>me</span> <span class='ocrx_word' id='word_1_248' title='bbox 242 1968 283 2007; x_wconf 89' lang='lat' dir='ltr'>in</span> <span class='ocrx_word' id='word_1_249' title='bbox 304 1968 466 2007; x_wconf 89' lang='lat' dir='ltr'>crimine</span> <span class='ocrx_word' id='word_1_250' title='bbox 487 1968 657 2007; x_wconf 90' lang='lat' dir='ltr'>obscuro</span> <span class='ocrx_word' id='word_1_251' title='bbox 677 1969 819 2008; x_wconf 89' lang='lat' dir='ltr'>versari</span> <span class='ocrx_word' id='word_1_252' title='bbox 846 1976 966 2019; x_wconf 88' lang='lat' dir='ltr'>atque</span> <span class='ocrx_word' id='word_1_253' title='bbox 995 1970 1196 2020; x_wconf 89' lang='lat' dir='ltr'>adfingere</span> <span class='ocrx_word' id='word_1_254' title='bbox 1222 1970 1373 2020; x_wconf 87' lang='lat' dir='ltr'>aliquid</span> 
     </span>
     <span class='ocr_line' id='line_1_30' title="bbox 39 2032 1373 2084; baseline 0.001 -13"><span class='ocrx_word' id='word_1_255' title='bbox 39 2032 264 2084; x_wconf 88' lang='lat' dir='ltr'>suspicione</span> <span class='ocrx_word' id='word_1_256' title='bbox 284 2032 491 2072; x_wconf 91' lang='lat' dir='ltr'>hominum</span> <span class='ocrx_word' id='word_1_257' title='bbox 512 2032 828 2080; x_wconf 87' lang='lat' dir='ltr'>arbitretur‚—-in</span> <span class='ocrx_word' id='word_1_258' title='bbox 856 2034 952 2080; x_wconf 91' lang='lat' dir='ltr'>foro,</span> <span class='ocrx_word' id='word_1_259' title='bbox 976 2033 1148 2084; x_wconf 90' lang='lat' dir='ltr'>inquam,</span> <span class='ocrx_word' id='word_1_260' title='bbox 1173 2035 1373 2084; x_wconf 87' lang='lat' dir='ltr'>Syracusis</span> 
     </span>
     <span class='ocr_line' id='line_1_31' title="bbox 3 2097 1374 2149; baseline 0 -12"><span class='ocrx_word' id='word_1_261' title='bbox 3 2114 22 2137; x_wconf 94' lang='lat'>0</span> <span class='ocrx_word' id='word_1_262' title='bbox 41 2098 137 2137; x_wconf 89' lang='lat' dir='ltr'>flens</span> <span class='ocrx_word' id='word_1_263' title='bbox 170 2111 216 2136; x_wconf 86' lang='lat' dir='ltr'>ac</span> <span class='ocrx_word' id='word_1_264' title='bbox 247 2099 344 2137; x_wconf 89' lang='lat' dir='ltr'>deos</span> <span class='ocrx_word' id='word_1_265' title='bbox 378 2097 641 2147; x_wconf 89' lang='lat' dir='ltr'>hominesque</span> <span class='ocrx_word' id='word_1_266' title='bbox 671 2104 899 2136; x_wconf 88' lang='lat' dir='ltr'>contestans</span> <span class='ocrx_word' id='word_1_267' title='bbox 932 2099 1100 2136; x_wconf 88' lang='lat' dir='ltr'>clamare</span> <span class='ocrx_word' id='word_1_268' title='bbox 1128 2099 1260 2149; x_wconf 91' lang='lat' dir='ltr'>coepit</span> <span class='ocrx_word' id='word_1_269' title='bbox 1284 2112 1374 2137; x_wconf 88' lang='lat' dir='ltr'>can-</span> 
     </span>
     <span class='ocr_line' id='line_1_32' title="bbox 40 2161 1372 2212; baseline 0.001 -10"><span class='ocrx_word' id='word_1_270' title='bbox 40 2163 245 2202; x_wconf 89' lang='lat' dir='ltr'>delabrum</span> <span class='ocrx_word' id='word_1_271' title='bbox 279 2164 426 2202; x_wconf 84' lang='lat' dir='ltr'>factum</span> <span class='ocrx_word' id='word_1_272' title='bbox 458 2176 480 2201; x_wconf 95' lang='lat' dir='ltr'>e</span> <span class='ocrx_word' id='word_1_273' title='bbox 505 2161 681 2212; x_wconf 90' lang='lat' dir='ltr'>gemmis,</span> <span class='ocrx_word' id='word_1_274' title='bbox 710 2163 818 2212; x_wconf 93' lang='lat' dir='ltr'>quod</span> <span class='ocrx_word' id='word_1_275' title='bbox 847 2161 886 2200; x_wconf 92' lang='lat' dir='ltr'>in</span> <span class='ocrx_word' id='word_1_276' title='bbox 913 2162 1155 2212; x_wconf 90' lang='lat' dir='ltr'>Capitolium</span> <span class='ocrx_word' id='word_1_277' title='bbox 1183 2163 1372 2203; x_wconf 85' lang='lat' dir='ltr'>missurus</span> 
     </span>
     <span class='ocr_line' id='line_1_33' title="bbox 39 2226 1371 2277; baseline 0.002 -12"><span class='ocrx_word' id='word_1_278' title='bbox 39 2235 152 2275; x_wconf 88' lang='lat' dir='ltr'>esset,</span> <span class='ocrx_word' id='word_1_279' title='bbox 186 2228 295 2277; x_wconf 91' lang='lat' dir='ltr'>quod</span> <span class='ocrx_word' id='word_1_280' title='bbox 326 2226 367 2265; x_wconf 89' lang='lat' dir='ltr'>in</span> <span class='ocrx_word' id='word_1_281' title='bbox 400 2228 550 2276; x_wconf 90' lang='lat' dir='ltr'>templo</span> <span class='ocrx_word' id='word_1_282' title='bbox 582 2226 798 2265; x_wconf 88' lang='lat' dir='ltr'>clarissimo</span> <span class='ocrx_word' id='word_1_283' title='bbox 831 2228 980 2276; x_wconf 91' lang='lat' dir='ltr'>populo</span> <span class='ocrx_word' id='word_1_284' title='bbox 1009 2228 1194 2266; x_wconf 87' lang='lat' dir='ltr'>Romano</span> <span class='ocrx_word' id='word_1_285' title='bbox 1235 2241 1371 2267; x_wconf 90' lang='lat' dir='ltr'>monu-</span> 
     </span>
    </p>
   </div>
   <div class='ocr_carea' id='block_1_3' title="bbox 41 2328 1372 2459">
    <p class='ocr_par' dir='ltr' id='par_1_3' title="bbox 41 2328 1372 2459">
     <span class='ocr_line' id='line_1_34' title="bbox 85 2328 1372 2372; baseline 0.002 -11"><span class='ocrx_word' id='word_1_286' title='bbox 85 2340 102 2369; x_wconf 91' lang='lat'><strong>7</strong></span> <span class='ocrx_word' id='word_1_287' title='bbox 127 2335 355 2361; x_wconf 86' lang='lat' dir='ltr'>ornamentum</span> <span class='ocrx_word' id='word_1_288' title='bbox 381 2331 398 2359; x_wconf 85' lang='grc' dir='ltr'><strong>δ</strong></span> <span class='ocrx_word' id='word_1_289' title='bbox 532 2339 569 2368; x_wconf 84' lang='lat'>13</span> <span class='ocrx_word' id='word_1_290' title='bbox 594 2329 677 2360; x_wconf 88' lang='lat' dir='ltr'>Tum</span> <span class='ocrx_word' id='word_1_291' title='bbox 704 2329 805 2360; x_wconf 84' lang='lat' dir='ltr'>mittit</span> <span class='ocrx_word' id='word_1_292' title='bbox 830 2339 891 2360; x_wconf 87' lang='lat' dir='ltr'>rex</span> <span class='ocrx_word' id='word_1_293' title='bbox 916 2330 957 2360; x_wconf 87' lang='lat' dir='ltr'>ad</span> <span class='ocrx_word' id='word_1_294' title='bbox 985 2328 1083 2360; x_wconf 83' lang='lat' dir='ltr'>istum</span> <span class='ocrx_word' id='word_1_295' title='bbox 1109 2331 1136 2361; x_wconf 88' lang='lat' dir='ltr'>si</span> <span class='ocrx_word' id='word_1_296' title='bbox 1161 2330 1372 2372; x_wconf 82' lang='lat' dir='ltr'>videaturpq</span> 
     </span>
     <span class='ocr_line' id='line_1_35' title="bbox 41 2371 1370 2416; baseline 0.004 -14"><span class='ocrx_word' id='word_1_297' title='bbox 41 2383 81 2411; x_wconf 87' lang='lat'>24</span> <span class='ocrx_word' id='word_1_298' title='bbox 105 2375 295 2413; x_wconf 87' lang='lat' dir='ltr'>permoveri</span> <span class='ocrx_word' id='word_1_299' title='bbox 312 2373 428 2415; x_wconf 66' lang='lat' dir='ltr'>Hpka:</span> <span class='ocrx_word' id='word_1_300' title='bbox 453 2373 618 2405; x_wconf 84' lang='lat' dir='ltr'>removeri</span> <span class='ocrx_word' id='word_1_301' title='bbox 636 2371 700 2404; x_wconf 82' lang='lat' dir='ltr'>RS</span> <span class='ocrx_word' id='word_1_302' title='bbox 840 2375 881 2403; x_wconf 87' lang='lat'>26</span> <span class='ocrx_word' id='word_1_303' title='bbox 906 2383 948 2403; x_wconf 83' lang='lat' dir='ltr'>ex</span> <span class='ocrx_word' id='word_1_304' title='bbox 965 2383 1029 2404; x_wconf 81' lang='lat' dir='ltr'>om.</span> <span class='ocrx_word' id='word_1_305' title='bbox 1046 2372 1110 2405; x_wconf 78' lang='lat' dir='ltr'>RS</span> <span class='ocrx_word' id='word_1_306' title='bbox 1251 2386 1293 2416; x_wconf 89' lang='lat'>29</span> <span class='ocrx_word' id='word_1_307' title='bbox 1317 2385 1370 2407; x_wconf 87' lang='lat' dir='ltr'>su—</span> 
     </span>
     <span class='ocr_line' id='line_1_36' title="bbox 42 2417 376 2459; baseline 0.009 -13"><span class='ocrx_word' id='word_1_308' title='bbox 42 2417 179 2455; x_wconf 85' lang='lat' dir='ltr'>spitioni</span> <span class='ocrx_word' id='word_1_309' title='bbox 196 2418 246 2459; x_wconf 90' lang='lat' dir='ltr'>H,</span> <span class='ocrx_word' id='word_1_310' title='bbox 256 2417 376 2450; x_wconf 82' lang='lat' dir='ltr'>Lamb.</span> 
     </span>
    </p>
   </div>
  </div>
 </body>
</html>
