1600 2704
1385 26 1419 68 a
1432 39 1453 51 ν»
1474 36 1490 53 f

1425 53 1448 72 ‘2'
1464 63 1480 71 „v

54 124 324 163 ACTIONIS
347 124 408 161 IN
430 123 475 162 C.
498 124 742 161 VERREM
763 123 1065 163 SECVNDAE
1088 126 1190 163 LIB.
1217 127 1283 164 III
1343 136 1391 173 91

54 233 208 274 iudiciis
238 235 289 272 ad
319 234 467 272 crimen
487 234 787 273 defendendum
808 247 889 273 non
911 234 1007 285 quid
1028 235 1162 274 fecerit
1192 237 1389 287 quispiam

53 301 225 351 proferre
255 301 393 345 solent,
417 299 488 338 sed
517 298 614 349 quid
644 299 837 349 probarit:
889 300 1122 347 Antonium,
1145 298 1240 339 cum
1268 303 1392 340 multa

53 373 189 404 contra
209 364 407 403 sociorum
437 365 615 411 salutem,
638 366 762 403 multa
782 371 920 403 contra
940 364 1148 404 utilitatem
1176 366 1392 416 provincia-

53 442 138 468 rum
160 438 199 468 et
219 430 362 468 faceret
387 436 424 468 et
448 428 647 479 cogitaret,
670 428 710 466 in
735 429 876 468 mediis
897 429 980 468 eius
1001 429 1150 468 iniuriis
1175 437 1213 469 et
1242 431 1391 481 cupidi-

15 510 32 542 5
53 494 198 532 tatibus
231 507 334 532 mors
369 493 572 544 oppressit.
636 495 699 532 Tu
728 493 835 541 mihi,
867 494 979 544 quasi
1013 495 1096 533 eius
1121 494 1255 533 omnia
1289 496 1391 534 facta

51 567 170 609 atque
200 558 364 597 consilia
397 565 566 605 senatus,
600 560 782 609 populus,
814 558 964 598 iudices
999 560 1304 610 comprobarint‚
1337 560 1390 599 ita

53 625 108 662 M.
132 623 284 663 Antoni
315 625 495 674 exemplo
526 623 636 662 istius
666 623 874 663 audaciam
905 623 1119 663 defendis?

106 691 160 727 At
207 688 315 727 idem
363 688 455 727 fecit
498 689 701 727 Sacerdos.
774 688 996 728 Hominem
1045 689 1301 728 innocentem
1351 697 1389 728 et

52 765 207 791 summa
237 752 446 802 prudentia
474 752 697 803 praeditum
729 753 936 801 nominas;
981 755 1050 793 sed
1083 761 1167 792 tum
1198 754 1303 793 idem
1338 756 1389 793 fe-

0 835 33 859 ιο
52 817 152 856 cisse
186 817 257 856 erit
296 816 579 856 existimandus
615 818 646 856 si
678 819 821 857 eodem
860 818 1027 857 consilio
1063 818 1207 858 fecerit.
1282 820 1388 857 Nam

50 895 174 933 genus
195 881 480 921 aestimationis
502 882 632 932 ipsum
652 895 675 921 a
695 896 758 921 me
780 896 998 933 numquam
1017 891 1074 922 est
1092 885 1386 934 reprehensum,

52 949 122 986 sed
153 946 236 986 eius
266 947 442 997 aequitas
472 954 669 986 aratorum
691 949 907 986 commodo
933 955 971 986 et
993 949 1196 987 voluntate
1226 962 1389 999 perpen-

51 1012 165 1051 ditur.
228 1013 321 1050 Non
351 1019 481 1062 potest
510 1012 745 1063 reprehendi
773 1014 852 1051 ulla
872 1012 1093 1051 aestimatio
1114 1026 1216 1063 quae
1246 1013 1388 1052 aratori

51 1090 133 1115 non
162 1078 284 1115 modo
315 1076 571 1115 incommoda
599 1090 679 1115 non
712 1084 771 1115 est
801 1077 872 1116 sed
905 1076 1023 1115 etiam
1055 1084 1163 1127 grata
1194 1085 1262 1116 est.
1323 1078 1388 1116 Sa-

0 1158 32 1190 ¹5
51 1143 192 1181 cerdos
214 1150 256 1180 ut
276 1141 316 1179 in
337 1141 579 1192 provinciam
600 1142 717 1189 venit,
741 1143 982 1181 frumentum
1003 1141 1042 1180 in
1064 1143 1203 1181 cellam
1225 1142 1389 1192 impera-

50 1207 114 1245 vit.
196 1208 300 1247 Cum
339 1214 441 1245 esset
479 1214 570 1245 ante
618 1220 766 1245 novum
805 1206 921 1246 tritici
961 1207 1118 1246 modius
1157 1207 1327 1246 denariis
1350 1220 1384 1255 v,

50 1271 272 1322 petiverunt
311 1271 361 1309 ab
401 1284 449 1310 eo
488 1270 664 1310 civitates
699 1279 742 1310 ut
774 1271 1008 1311 aestimaret.
1068 1271 1288 1311 Remissior
1321 1272 1388 1311 ali-

50 1344 200 1387 quanto
225 1337 308 1375 eius
338 1335 410 1375 fuit
440 1337 662 1374 aestimatio
684 1349 803 1386 quam
826 1349 1012 1383 annona,
1043 1349 1135 1375 narn
1165 1336 1386 1375 aestimavit

50 1401 220 1441 denariis
260 1413 316 1439 111.
377 1400 501 1440 Vides
539 1402 709 1440 eandem
747 1401 1062 1440 aestimationem
1102 1410 1261 1452 propter
1292 1410 1387 1441 tem-

0 1482 33 1506 20
50 1466 155 1517 poris
185 1465 548 1505 dissimilitudinem
579 1465 619 1504 in
649 1467 716 1504 illo
746 1466 873 1505 laudis
903 1479 1063 1505 causam
1092 1467 1249 1513 habere,
1280 1467 1319 1505 in
1347 1475 1386 1505 te

50 1531 234 1578 criminis,
267 1531 306 1569 in
337 1531 404 1570 illo
435 1530 614 1578 benefici,
648 1530 688 1568 in
718 1537 756 1570 te
786 1530 959 1569 iniuriae.
1020 1532 1175 1570 Eodem
1208 1539 1385 1582 tempore

50 1604 205 1647 praetor
251 1595 451 1634 Antonius
493 1608 538 1633 111
580 1595 750 1634 denariis
796 1595 1017 1634 aestimavit
1064 1604 1153 1646 post
1202 1609 1382 1642 messem,

50 1674 204 1700 summa
242 1662 282 1699 in
314 1660 471 1708 vilitate,
510 1674 601 1700 cum
643 1668 814 1699 aratores
855 1661 1096 1699 frumentum
1135 1662 1228 1700 dare
1268 1661 1385 1711 gratis

51 1727 222 1773 mallent,
258 1734 297 1764 et
336 1725 465 1764 aiebat
505 1739 546 1765 se
587 1725 779 1765 tantidem
819 1724 1047 1764 aestimasse
1079 1725 1216 1775 quanti
1255 1726 1385 1764 Sacer-

0 1803 32 1836 ,25
50 1791 198 1838 dotem,
232 1804 362 1841 neque
390 1791 654 1830 mentiebatur
670 1806 680 1839 ;
726 1792 796 1830 sed
831 1792 971 1830 eadem
1004 1790 1077 1829 ista
1110 1790 1385 1830 aestimatione

49 1857 145 1895 alter
165 1856 386 1895 sublevarat
414 1864 597 1904 aratores,
631 1858 727 1896 alter
757 1864 956 1896 everterat.
1017 1857 1140 1905 Quod
1160 1855 1234 1894 nisi
1255 1855 1384 1894 omnis

49 1920 234 1959 frumenti
272 1920 370 1960 ratio
409 1934 456 1960 ex
493 1921 739 1972 temporibus
789 1930 891 1960 esset
930 1929 968 1960 et
1006 1933 1176 1966 annona,
1218 1932 1299 1958 non
1338 1932 1385 1958 ex

49 1998 215 2024 numero
235 1999 364 2036 neque
386 1999 432 2024 ex
452 1999 607 2024 summa
623 1986 922 2033 consideranda,
947 1998 1165 2035 numquam
1187 1992 1267 2022 tam
1287 1984 1384 2034 grati

94 2099 113 2118 2
136 2089 287 2128 probarit
307 2089 355 2118 V:
380 2088 591 2129 probarintp
608 2088 672 2120 rell.
827 2098 847 2127 3
872 2089 1041 2119 sociorum
1059 2093 1173 2119 contra
1191 2086 1333 2118 salutem
1352 2087 1382 2118 Ο

51 2132 228 2163 utilitatem
251 2132 367 2171 VcOp:
393 2132 602 2163 voluntatem
623 2143 702 2163 corr.
717 2132 770 2172 p‘-'‚
789 2132 853 2162 rell.
948 2142 967 2169 4
992 2131 1125 2162 iniuriis
1142 2132 1216 2162 eius
1235 2130 1265 2161 O
1363 2139 1383 2169 5

51 2175 163 2206 omnia
191 2176 264 2206 eius
283 2175 313 2205 O
490 2177 511 2205 6
535 2180 675 2206 senatus
692 2175 837 2214 populus
856 2175 985 2205 iudices
1006 2174 1067 2205 VO
1086 2186 1092 2204 :
1118 2174 1236 2204 dicitur
1253 2173 1384 2203 ‘Fabri-

51 2218 181 2249 ct'anus'
209 2219 361 2250 habuisse
388 2229 462 2249 cum
483 2223 508 2258 p
532 2222 561 2248 et
584 2218 649 2249 rell.
669 2223 810 2249 senatus
826 2218 1039 2258 populusque
1062 2218 1234 2249 Romanus
1253 2217 1383 2248 iudices

54 2270 93 2299 13
117 2261 174 2292 illa
190 2262 261 2302 Fe)
395 2272 431 2299 17
458 2262 630 2301 petierunt
652 2261 684 2291 V
792 2263 830 2292 18
854 2271 1012 2292 annonae
1028 2261 1076 2292 cO
1196 2270 1235 2291 21
1262 2260 1382 2291 eodem

52 2308 204 2344 tempore
221 2306 270 2344 βῖ.
291 2305 333 2335 rrk
349 2316 355 2334 :
381 2306 501 2335 eodem
520 2315 579 2344 -pr-
600 2305 630 2335 Ο
743 2314 784 2335 22
808 2306 884 2337 den.
902 2305 936 2335 iii
955 2304 985 2336 O
1090 2314 1131 2343 24
1156 2304 1293 2335 mallent
1311 2303 1358 2334 cO
1375 2315 1382 2334 ε

51 2348 220 2379 malebant
231 2354 256 2388 p
273 2348 339 2379 rell.
434 2358 474 2387 25
499 2348 562 2378 ista
579 2359 645 2379 om.
667 2348 697 2379 O

1414 139 1476 173 213

1410 673 1466 711 92

1411 734 1473 765 214

1406 1544 1470 1577 215

1497 29 1523 40 ,-
