<?xml version="1.0" encoding="UTF-8"?>
<!DOCTYPE html PUBLIC "-//W3C//DTD XHTML 1.0 Transitional//EN"
    "http://www.w3.org/TR/xhtml1/DTD/xhtml1-transitional.dtd">
<html xmlns="http://www.w3.org/1999/xhtml" xml:lang="en" lang="en">
 <head>
  <title>
</title>
<meta http-equiv="Content-Type" content="text/html;charset=utf-8" />
  <meta name='ocr-system' content='tesseract 3.04.00' />
  <meta name='ocr-capabilities' content='ocr_page ocr_carea ocr_par ocr_line ocrx_word'/>
</head>
<body>
  <div class='ocr_page' id='page_1' title='image "./orationesrecogno02ciceuoft/orationesrecogno02ciceuoft_0014.png"; bbox 0 0 1600 2704; ppageno 0'>
   <div class='ocr_carea' id='block_1_1' title="bbox 780 0 794 38">
    <p class='ocr_par' dir='ltr' id='par_1_1' title="bbox 780 0 794 38">
     <span class='ocr_line' id='line_1_1' title="bbox 780 0 794 38; baseline 0 0"><span class='ocrx_word' id='word_1_1' title='bbox 780 0 794 38; x_wconf 81' lang='lat'><strong><em>1</em></strong></span> 
     </span>
    </p>
   </div>
   <div class='ocr_carea' id='block_1_2' title="bbox 626 44 949 163">
    <p class='ocr_par' dir='ltr' id='par_1_2' title="bbox 626 44 949 163">
     <span class='ocr_line' id='line_1_2' title="bbox 770 44 782 72; baseline 0 -8"><span class='ocrx_word' id='word_1_2' title='bbox 770 44 782 72; x_wconf 62' lang='grc' dir='ltr'>,α</span> 
     </span>
     <span class='ocr_line' id='line_1_3' title="bbox 626 98 949 163; baseline 0 -1"><span class='ocrx_word' id='word_1_3' title='bbox 626 98 949 163; x_wconf 62' lang='lat' dir='ltr'><strong>PRAEFATIO</strong></span> 
     </span>
    </p>
   </div>
   <div class='ocr_carea' id='block_1_3' title="bbox 117 222 1457 2039">
    <p class='ocr_par' dir='ltr' id='par_1_3' title="bbox 117 222 1456 1973">
     <span class='ocr_line' id='line_1_4' title="bbox 176 222 1454 285; baseline -0.001 -13"><span class='ocrx_word' id='word_1_4' title='bbox 176 233 369 273; x_wconf 77' lang='lat' dir='ltr'>(jodicem</span> <span class='ocrx_word' id='word_1_5' title='bbox 410 234 666 272; x_wconf 86' lang='lat' dir='ltr'>Nannianum</span> <span class='ocrx_word' id='word_1_6' title='bbox 705 222 788 285; x_wconf 73' lang='lat' dir='ltr'>(N)</span> <span class='ocrx_word' id='word_1_7' title='bbox 828 235 979 272; x_wconf 90' lang='lat' dir='ltr'>nullum</span> <span class='ocrx_word' id='word_1_8' title='bbox 1018 233 1139 271; x_wconf 88' lang='lat' dir='ltr'>alium</span> <span class='ocrx_word' id='word_1_9' title='bbox 1178 234 1296 273; x_wconf 87' lang='lat' dir='ltr'>fuisse</span> <span class='ocrx_word' id='word_1_10' title='bbox 1335 247 1454 284; x_wconf 86' lang='lat' dir='ltr'>quam</span> 
     </span>
     <span class='ocr_line' id='line_1_5' title="bbox 122 298 1454 348; baseline 0 -11"><span class='ocrx_word' id='word_1_11' title='bbox 122 298 428 338; x_wconf 85' lang='lat' dir='ltr'>Cluniacensem</span> <span class='ocrx_word' id='word_1_12' title='bbox 474 307 652 337; x_wconf 87' lang='lat' dir='ltr'>nostrum</span> <span class='ocrx_word' id='word_1_13' title='bbox 692 298 817 336; x_wconf 90' lang='lat' dir='ltr'>ausim</span> <span class='ocrx_word' id='word_1_14' title='bbox 857 298 934 337; x_wconf 86' lang='lat' dir='ltr'>iam</span> <span class='ocrx_word' id='word_1_15' title='bbox 979 312 1050 348; x_wconf 92' lang='lat' dir='ltr'>pro</span> <span class='ocrx_word' id='word_1_16' title='bbox 1098 306 1204 337; x_wconf 90' lang='lat' dir='ltr'>certo</span> <span class='ocrx_word' id='word_1_17' title='bbox 1251 300 1454 337; x_wconf 72' lang='lat' dir='ltr'>affirmare⁴</span> 
     </span>
     <span class='ocr_line' id='line_1_6' title="bbox 121 363 1453 414; baseline 0 -12"><span class='ocrx_word' id='word_1_18' title='bbox 121 366 366 414; x_wconf 79' lang='lat' dir='ltr'>Argumenta</span> <span class='ocrx_word' id='word_1_19' title='bbox 396 364 540 414; x_wconf 84' lang='lat' dir='ltr'>quibus</span> <span class='ocrx_word' id='word_1_20' title='bbox 576 363 728 401; x_wconf 80' lang='lat' dir='ltr'>innisus</span> <span class='ocrx_word' id='word_1_21' title='bbox 763 376 850 401; x_wconf 90' lang='lat' dir='ltr'>sum</span> <span class='ocrx_word' id='word_1_22' title='bbox 886 370 927 400; x_wconf 92' lang='lat' dir='ltr'>ut</span> <span class='ocrx_word' id='word_1_23' title='bbox 960 363 1076 401; x_wconf 91' lang='lat' dir='ltr'>huius</span> <span class='ocrx_word' id='word_1_24' title='bbox 1110 363 1301 413; x_wconf 86' lang='lat' dir='ltr'>propositi</span> <span class='ocrx_word' id='word_1_25' title='bbox 1334 365 1453 402; x_wconf 88' lang='lat' dir='ltr'>fidem</span> 
     </span>
     <span class='ocr_line' id='line_1_7' title="bbox 120 428 1452 479; baseline -0.002 -12"><span class='ocrx_word' id='word_1_26' title='bbox 120 430 289 467; x_wconf 91' lang='lat' dir='ltr'>facerem</span> <span class='ocrx_word' id='word_1_27' title='bbox 311 429 535 479; x_wconf 79' lang='lat' dir='ltr'>singillatim</span> <span class='ocrx_word' id='word_1_28' title='bbox 557 428 721 478; x_wconf 79' lang='lat' dir='ltr'>exposui</span> <span class='ocrx_word' id='word_1_29' title='bbox 742 428 782 465; x_wconf 93' lang='lat' dir='ltr'>in</span> <span class='ocrx_word' id='word_1_30' title='bbox 803 429 994 466; x_wconf 82' lang='lat' dir='ltr'>Anecdoto</span> <span class='ocrx_word' id='word_1_31' title='bbox 1018 441 1107 466; x_wconf 89' lang='lat' dir='ltr'>meo</span> <span class='ocrx_word' id='word_1_32' title='bbox 1128 441 1193 478; x_wconf 92' lang='lat' dir='ltr'>pp.</span> <span class='ocrx_word' id='word_1_33' title='bbox 1216 428 1348 466; x_wconf 82' lang='lat' dir='ltr'>xlvi—li</span> <span class='ocrx_word' id='word_1_34' title='bbox 1367 444 1374 467; x_wconf 91' lang='lat'>:</span> <span class='ocrx_word' id='word_1_35' title='bbox 1406 430 1452 467; x_wconf 95' lang='lat' dir='ltr'>cf.</span> 
     </span>
     <span class='ocr_line' id='line_1_8' title="bbox 126 493 1453 542; baseline 0 -11"><span class='ocrx_word' id='word_1_36' title='bbox 126 494 316 532; x_wconf 77' lang='lat' dir='ltr'><em>Classical</em></span> <span class='ocrx_word' id='word_1_37' title='bbox 359 494 518 532; x_wconf 71' lang='lat' dir='ltr'>Revz&#39;ew</span> <span class='ocrx_word' id='word_1_38' title='bbox 556 493 629 540; x_wconf 84' lang='lat' dir='ltr'>xvi,</span> <span class='ocrx_word' id='word_1_39' title='bbox 670 506 735 542; x_wconf 90' lang='lat' dir='ltr'>pp.</span> <span class='ocrx_word' id='word_1_40' title='bbox 778 504 975 542; x_wconf 81' lang='lat'>403-405.</span> <span class='ocrx_word' id='word_1_41' title='bbox 1048 494 1194 530; x_wconf 85' lang='lat' dir='ltr'>Parum</span> <span class='ocrx_word' id='word_1_42' title='bbox 1236 493 1453 542; x_wconf 83' lang='lat' dir='ltr'>diligenter,</span> 
     </span>
     <span class='ocr_line' id='line_1_9' title="bbox 120 557 1454 608; baseline 0 -12"><span class='ocrx_word' id='word_1_43' title='bbox 120 566 162 596; x_wconf 92' lang='lat' dir='ltr'>ut</span> <span class='ocrx_word' id='word_1_44' title='bbox 201 566 285 596; x_wconf 88' lang='lat' dir='ltr'>tum</span> <span class='ocrx_word' id='word_1_45' title='bbox 325 558 456 605; x_wconf 87' lang='lat' dir='ltr'>fiebat,</span> <span class='ocrx_word' id='word_1_46' title='bbox 497 558 688 596; x_wconf 85' lang='lat' dir='ltr'>lectiones</span> <span class='ocrx_word' id='word_1_47' title='bbox 728 571 749 595; x_wconf 92' lang='lat' dir='ltr'>e</span> <span class='ocrx_word' id='word_1_48' title='bbox 789 558 876 596; x_wconf 89' lang='lat' dir='ltr'>cod.</span> <span class='ocrx_word' id='word_1_49' title='bbox 919 557 1173 596; x_wconf 89' lang='lat' dir='ltr'>Cluniacensi</span> <span class='ocrx_word' id='word_1_50' title='bbox 1214 558 1454 608; x_wconf 81' lang='lat' dir='ltr'>transcripsit</span> 
     </span>
     <span class='ocr_line' id='line_1_10' title="bbox 120 622 1452 673; baseline 0 -12"><span class='ocrx_word' id='word_1_51' title='bbox 120 623 313 670; x_wconf 84' lang='lat' dir='ltr'>Nannius,</span> <span class='ocrx_word' id='word_1_52' title='bbox 356 631 394 661; x_wconf 90' lang='lat' dir='ltr'>et</span> <span class='ocrx_word' id='word_1_53' title='bbox 442 623 597 673; x_wconf 86' lang='lat' dir='ltr'>saepius</span> <span class='ocrx_word' id='word_1_54' title='bbox 637 636 738 672; x_wconf 89' lang='lat' dir='ltr'>quae</span> <span class='ocrx_word' id='word_1_55' title='bbox 789 629 1015 661; x_wconf 86' lang='lat' dir='ltr'>enotaverat</span> <span class='ocrx_word' id='word_1_56' title='bbox 1055 636 1146 660; x_wconf 90' lang='lat' dir='ltr'>cum</span> <span class='ocrx_word' id='word_1_57' title='bbox 1185 622 1376 672; x_wconf 84' lang='lat' dir='ltr'>scriptura</span> <span class='ocrx_word' id='word_1_58' title='bbox 1414 623 1452 661; x_wconf 87' lang='lat' dir='ltr'>in</span> 
     </span>
     <span class='ocr_line' id='line_1_11' title="bbox 119 687 1453 737; baseline 0 -11"><span class='ocrx_word' id='word_1_59' title='bbox 119 688 361 727; x_wconf 86' lang='lat' dir='ltr'>editionibus</span> <span class='ocrx_word' id='word_1_60' title='bbox 382 690 538 737; x_wconf 88' lang='lat' dir='ltr'>vulgata</span> <span class='ocrx_word' id='word_1_61' title='bbox 558 688 598 726; x_wconf 89' lang='lat' dir='ltr'>in</span> <span class='ocrx_word' id='word_1_62' title='bbox 620 688 778 726; x_wconf 89' lang='lat' dir='ltr'>schedis</span> <span class='ocrx_word' id='word_1_63' title='bbox 799 687 878 725; x_wconf 88' lang='lat' dir='ltr'>suis</span> <span class='ocrx_word' id='word_1_64' title='bbox 900 687 1113 725; x_wconf 86' lang='lat' dir='ltr'>immiscuit</span> <span class='ocrx_word' id='word_1_65' title='bbox 1132 703 1143 735; x_wconf 78' lang='lat'>,-</span> <span class='ocrx_word' id='word_1_66' title='bbox 1171 689 1278 726; x_wconf 90' lang='lat' dir='ltr'>unde</span> <span class='ocrx_word' id='word_1_67' title='bbox 1306 689 1453 726; x_wconf 87' lang='lat' dir='ltr'>factum</span> 
     </span>
     <span class='ocr_line' id='line_1_12' title="bbox 119 752 1452 804; baseline 0 -13"><span class='ocrx_word' id='word_1_68' title='bbox 119 761 177 791; x_wconf 79' lang='lat' dir='ltr'>est</span> <span class='ocrx_word' id='word_1_69' title='bbox 198 761 239 791; x_wconf 92' lang='lat' dir='ltr'>ut</span> <span class='ocrx_word' id='word_1_70' title='bbox 254 753 365 803; x_wconf 87' lang='lat' dir='ltr'>signo</span> <span class='ocrx_word' id='word_1_71' title='bbox 382 756 391 772; x_wconf 83' lang='lat'><em>‘</em></span> <span class='ocrx_word' id='word_1_72' title='bbox 408 755 507 791; x_wconf 89' lang='lat' dir='ltr'>falso</span> <span class='ocrx_word' id='word_1_73' title='bbox 526 755 562 792; x_wconf 94' lang='lat' dir='ltr'>N</span> <span class='ocrx_word' id='word_1_74' title='bbox 577 755 584 770; x_wconf 83' lang='lat'><strong><em>⁷</em></strong></span> <span class='ocrx_word' id='word_1_75' title='bbox 601 755 641 791; x_wconf 90' lang='lat' dir='ltr'>in</span> <span class='ocrx_word' id='word_1_76' title='bbox 661 761 851 804; x_wconf 85' lang='lat' dir='ltr'>apparatu</span> <span class='ocrx_word' id='word_1_77' title='bbox 868 752 1004 791; x_wconf 88' lang='lat' dir='ltr'>critico</span> <span class='ocrx_word' id='word_1_78' title='bbox 1018 752 1078 791; x_wconf 85' lang='lat' dir='ltr'>bis</span> <span class='ocrx_word' id='word_1_79' title='bbox 1099 760 1236 803; x_wconf 82' lang='lat' dir='ltr'>terque</span> <span class='ocrx_word' id='word_1_80' title='bbox 1257 753 1330 791; x_wconf 87' lang='lat' dir='ltr'>sim</span> <span class='ocrx_word' id='word_1_81' title='bbox 1348 767 1452 800; x_wconf 84' lang='lat' dir='ltr'>usus,</span> 
     </span>
     <span class='ocr_line' id='line_1_13' title="bbox 118 817 1454 868; baseline 0 -13"><span class='ocrx_word' id='word_1_82' title='bbox 118 831 168 856; x_wconf 88' lang='lat' dir='ltr'>ne</span> <span class='ocrx_word' id='word_1_83' title='bbox 189 817 276 868; x_wconf 87' lang='lat' dir='ltr'>quis</span> <span class='ocrx_word' id='word_1_84' title='bbox 306 831 346 855; x_wconf 93' lang='lat' dir='ltr'>re</span> <span class='ocrx_word' id='word_1_85' title='bbox 366 831 456 856; x_wconf 86' lang='lat' dir='ltr'>vera</span> <span class='ocrx_word' id='word_1_86' title='bbox 476 817 583 856; x_wconf 89' lang='lat' dir='ltr'>aliud</span> <span class='ocrx_word' id='word_1_87' title='bbox 614 817 653 855; x_wconf 93' lang='lat' dir='ltr'>in</span> <span class='ocrx_word' id='word_1_88' title='bbox 674 818 814 856; x_wconf 92' lang='lat' dir='ltr'>codice</span> <span class='ocrx_word' id='word_1_89' title='bbox 836 817 1049 856; x_wconf 91' lang='lat' dir='ltr'>Nanniano</span> <span class='ocrx_word' id='word_1_90' title='bbox 1079 818 1231 856; x_wconf 86' lang='lat' dir='ltr'>stetisse</span> <span class='ocrx_word' id='word_1_91' title='bbox 1260 818 1454 857; x_wconf 88' lang='lat' dir='ltr'>existimet</span> 
     </span>
     <span class='ocr_line' id='line_1_14' title="bbox 118 882 1451 933; baseline 0.001 -13"><span class='ocrx_word' id='word_1_92' title='bbox 118 896 237 933; x_wconf 83' lang='lat' dir='ltr'>quam</span> <span class='ocrx_word' id='word_1_93' title='bbox 268 883 377 932; x_wconf 87' lang='lat' dir='ltr'>quod</span> <span class='ocrx_word' id='word_1_94' title='bbox 409 890 533 921; x_wconf 81' lang='lat' dir='ltr'>exstat</span> <span class='ocrx_word' id='word_1_95' title='bbox 575 884 636 921; x_wconf 83' lang='lat' dir='ltr'>vel</span> <span class='ocrx_word' id='word_1_96' title='bbox 676 883 852 921; x_wconf 81' lang='lat' dir='ltr'>exstabat</span> <span class='ocrx_word' id='word_1_97' title='bbox 890 882 931 919; x_wconf 90' lang='lat' dir='ltr'>in</span> <span class='ocrx_word' id='word_1_98' title='bbox 962 882 1226 922; x_wconf 88' lang='lat' dir='ltr'>Cluniacensi.</span> <span class='ocrx_word' id='word_1_99' title='bbox 1286 885 1451 921; x_wconf 88' lang='lat' dir='ltr'>Possum</span> 
     </span>
     <span class='ocr_line' id='line_1_15' title="bbox 118 948 1451 998; baseline -0.001 -11"><span class='ocrx_word' id='word_1_100' title='bbox 118 949 236 988; x_wconf 86' lang='lat' dir='ltr'>etiam</span> <span class='ocrx_word' id='word_1_101' title='bbox 268 962 370 987; x_wconf 90' lang='lat' dir='ltr'>nova</span> <span class='ocrx_word' id='word_1_102' title='bbox 400 948 517 986; x_wconf 89' lang='lat' dir='ltr'>huius</span> <span class='ocrx_word' id='word_1_103' title='bbox 547 948 816 998; x_wconf 81' lang='lat' dir='ltr'>indiligentiae</span> <span class='ocrx_word' id='word_1_104' title='bbox 837 949 1017 997; x_wconf 83' lang='lat' dir='ltr'>exempla</span> <span class='ocrx_word' id='word_1_105' title='bbox 1043 949 1121 986; x_wconf 90' lang='lat' dir='ltr'>hoc</span> <span class='ocrx_word' id='word_1_106' title='bbox 1151 949 1239 986; x_wconf 91' lang='lat' dir='ltr'>loco</span> <span class='ocrx_word' id='word_1_107' title='bbox 1269 950 1451 998; x_wconf 87' lang='lat' dir='ltr'>proferre.</span> 
     </span>
     <span class='ocr_line' id='line_1_16' title="bbox 118 1013 1453 1063; baseline 0 -11"><span class='ocrx_word' id='word_1_108' title='bbox 118 1015 182 1053; x_wconf 91' lang='lat' dir='ltr'>Ad</span> <span class='ocrx_word' id='word_1_109' title='bbox 221 1013 247 1051; x_wconf 91' lang='lat' dir='ltr'>ii</span> <span class='ocrx_word' id='word_1_110' title='bbox 277 1014 386 1063; x_wconf 80' lang='lat'>§180</span> <span class='ocrx_word' id='word_1_111' title='bbox 425 1013 542 1051; x_wconf 88' lang='lat' dir='ltr'>lectio</span> <span class='ocrx_word' id='word_1_112' title='bbox 581 1014 737 1063; x_wconf 84' lang='lat' dir='ltr'>vulgata</span> <span class='ocrx_word' id='word_1_113' title='bbox 783 1020 863 1050; x_wconf 90' lang='lat' dir='ltr'>erat</span> <span class='ocrx_word' id='word_1_114' title='bbox 912 1025 1048 1050; x_wconf 75' lang='lat' dir='ltr'>ntecnnz</span> <span class='ocrx_word' id='word_1_115' title='bbox 1075 1013 1242 1061; x_wconf 84' lang='lat' dir='ltr'>fingam.</span> <span class='ocrx_word' id='word_1_116' title='bbox 1317 1013 1453 1052; x_wconf 86' lang='lat' dir='ltr'>Habet</span> 
     </span>
     <span class='ocr_line' id='line_1_17' title="bbox 119 1076 1453 1128; baseline -0.001 -11"><span class='ocrx_word' id='word_1_117' title='bbox 119 1078 392 1118; x_wconf 88' lang='lat' dir='ltr'>Cluniacensis</span> <span class='ocrx_word' id='word_1_118' title='bbox 424 1079 465 1116; x_wconf 83' lang='lat' dir='ltr'>in</span> <span class='ocrx_word' id='word_1_119' title='bbox 505 1084 538 1115; x_wconf 79' lang='lat' dir='ltr'>le</span> <span class='ocrx_word' id='word_1_120' title='bbox 570 1079 780 1127; x_wconf 76' lang='lat' dir='ltr'>confingam</span> <span class='ocrx_word' id='word_1_121' title='bbox 813 1076 1005 1128; x_wconf 81' lang='lat' dir='ltr'>(itemque</span> <span class='ocrx_word' id='word_1_122' title='bbox 1037 1079 1106 1126; x_wconf 83' lang='lat' dir='ltr'>Lg.</span> <span class='ocrx_word' id='word_1_123' title='bbox 1145 1091 1206 1125; x_wconf 84' lang='lat'>42,</span> <span class='ocrx_word' id='word_1_124' title='bbox 1234 1079 1317 1115; x_wconf 88' lang='lat' dir='ltr'>Par.</span> <span class='ocrx_word' id='word_1_125' title='bbox 1353 1081 1453 1126; x_wconf 87' lang='lat'>7776</span> 
     </span>
     <span class='ocr_line' id='line_1_18' title="bbox 117 1142 1455 1195; baseline -0.001 -13"><span class='ocrx_word' id='word_1_126' title='bbox 117 1151 155 1182; x_wconf 93' lang='lat' dir='ltr'>et</span> <span class='ocrx_word' id='word_1_127' title='bbox 175 1145 254 1195; x_wconf 80' lang='lat' dir='ltr'>aL).</span> <span class='ocrx_word' id='word_1_128' title='bbox 315 1144 418 1183; x_wconf 90' lang='lat' dir='ltr'>Cum</span> <span class='ocrx_word' id='word_1_129' title='bbox 439 1144 555 1181; x_wconf 88' lang='lat' dir='ltr'>vellet</span> <span class='ocrx_word' id='word_1_130' title='bbox 582 1156 720 1180; x_wconf 80' lang='lat' dir='ltr'>mecum</span> <span class='ocrx_word' id='word_1_131' title='bbox 745 1142 936 1192; x_wconf 84' lang='lat' dir='ltr'>corrigere</span> <span class='ocrx_word' id='word_1_132' title='bbox 963 1142 1157 1189; x_wconf 85' lang='lat' dir='ltr'>Nannius,</span> <span class='ocrx_word' id='word_1_133' title='bbox 1181 1144 1222 1180; x_wconf 80' lang='lat' dir='ltr'>z&#39;n</span> <span class='ocrx_word' id='word_1_134' title='bbox 1249 1148 1281 1180; x_wconf 75' lang='lat' dir='ltr'>te</span> <span class='ocrx_word' id='word_1_135' title='bbox 1298 1143 1455 1192; x_wconf 86' lang='lat' dir='ltr'>fingam</span> 
     </span>
     <span class='ocr_line' id='line_1_19' title="bbox 118 1206 1451 1257; baseline -0.001 -11"><span class='ocrx_word' id='word_1_136' title='bbox 118 1210 243 1256; x_wconf 87' lang='lat' dir='ltr'>refert,</span> <span class='ocrx_word' id='word_1_137' title='bbox 283 1208 522 1246; x_wconf 86' lang='lat' dir='ltr'>vocabulum</span> <span class='ocrx_word' id='word_1_138' title='bbox 554 1208 763 1257; x_wconf 63' lang='lat' dir='ltr'>corfinganz</span> <span class='ocrx_word' id='word_1_139' title='bbox 803 1207 842 1244; x_wconf 91' lang='lat' dir='ltr'>in</span> <span class='ocrx_word' id='word_1_140' title='bbox 877 1206 1016 1245; x_wconf 90' lang='lat' dir='ltr'>codice</span> <span class='ocrx_word' id='word_1_141' title='bbox 1055 1220 1127 1245; x_wconf 87' lang='lat' dir='ltr'>suo</span> <span class='ocrx_word' id='word_1_142' title='bbox 1162 1220 1231 1257; x_wconf 88' lang='lat' dir='ltr'>per</span> <span class='ocrx_word' id='word_1_143' title='bbox 1261 1207 1451 1245; x_wconf 89' lang='lat' dir='ltr'>incuriam</span> 
     </span>
     <span class='ocr_line' id='line_1_20' title="bbox 117 1272 1456 1323; baseline -0.001 -12"><span class='ocrx_word' id='word_1_144' title='bbox 117 1281 358 1323; x_wconf 90' lang='lat' dir='ltr'>aspernatus.</span> <span class='ocrx_word' id='word_1_145' title='bbox 418 1273 458 1311; x_wconf 89' lang='lat' dir='ltr'>iii</span> <span class='ocrx_word' id='word_1_146' title='bbox 488 1273 506 1322; x_wconf 66' lang='grc' dir='ltr'><strong>ξ</strong></span> <span class='ocrx_word' id='word_1_147' title='bbox 535 1287 586 1320; x_wconf 92' lang='grc'>44</span> <span class='ocrx_word' id='word_1_148' title='bbox 619 1274 671 1310; x_wconf 86' lang='lat' dir='ltr'>In</span> <span class='ocrx_word' id='word_1_149' title='bbox 701 1273 869 1321; x_wconf 69' lang='lat' dir='ltr'>beneficio</span> <span class='ocrx_word' id='word_1_150' title='bbox 895 1272 1038 1321; x_wconf 76' lang='lat' dir='ltr'>papuli</span> <span class='ocrx_word' id='word_1_151' title='bbox 1064 1273 1240 1309; x_wconf 80' lang='lat' dir='ltr'>Romani</span> <span class='ocrx_word' id='word_1_152' title='bbox 1271 1273 1336 1310; x_wconf 79' lang='lat' dir='ltr'>lcac</span> <span class='ocrx_word' id='word_1_153' title='bbox 1354 1274 1456 1321; x_wconf 78' lang='lat' dir='ltr'>petil</span> 
     </span>
     <span class='ocr_line' id='line_1_21' title="bbox 118 1337 1450 1389; baseline -0.002 -12"><span class='ocrx_word' id='word_1_154' title='bbox 118 1341 219 1389; x_wconf 83' lang='lat' dir='ltr'>vulg.</span> <span class='ocrx_word' id='word_1_155' title='bbox 239 1354 246 1377; x_wconf 89' lang='lat'><strong>:</strong></span> <span class='ocrx_word' id='word_1_156' title='bbox 276 1339 317 1376; x_wconf 80' lang='lat' dir='ltr'>in</span> <span class='ocrx_word' id='word_1_157' title='bbox 344 1338 513 1387; x_wconf 64' lang='lat' dir='ltr'>beneficio</span> <span class='ocrx_word' id='word_1_158' title='bbox 523 1339 666 1387; x_wconf 72' lang='lat' dir='ltr'>populi</span> <span class='ocrx_word' id='word_1_159' title='bbox 682 1339 858 1376; x_wconf 78' lang='lat' dir='ltr'>Romani</span> <span class='ocrx_word' id='word_1_160' title='bbox 871 1343 1036 1387; x_wconf 73' lang='lat' dir='ltr'>propter</span> <span class='ocrx_word' id='word_1_161' title='bbox 1061 1338 1238 1387; x_wconf 75' lang='lat' dir='ltr'>lzocpetz&#39;t</span> <span class='ocrx_word' id='word_1_162' title='bbox 1258 1337 1450 1376; x_wconf 87' lang='lat' dir='ltr'>Nannius.</span> 
     </span>
     <span class='ocr_line' id='line_1_22' title="bbox 118 1401 1453 1452; baseline 0 -12"><span class='ocrx_word' id='word_1_163' title='bbox 118 1405 236 1442; x_wconf 73' lang='lat' dir='ltr'>Vnde</span> <span class='ocrx_word' id='word_1_164' title='bbox 280 1403 376 1441; x_wconf 90' lang='lat' dir='ltr'>illud</span> <span class='ocrx_word' id='word_1_165' title='bbox 422 1403 659 1441; x_wconf 86' lang='lat' dir='ltr'>vocabulum</span> <span class='ocrx_word' id='word_1_166' title='bbox 690 1404 880 1452; x_wconf 73' lang='lat' dir='ltr'>propter?</span> <span class='ocrx_word' id='word_1_167' title='bbox 957 1403 1099 1440; x_wconf 89' lang='lat' dir='ltr'>Veram</span> <span class='ocrx_word' id='word_1_168' title='bbox 1139 1401 1350 1440; x_wconf 88' lang='lat' dir='ltr'>lectionem</span> <span class='ocrx_word' id='word_1_169' title='bbox 1389 1402 1453 1440; x_wconf 91' lang='lat' dir='ltr'>hic</span> 
     </span>
     <span class='ocr_line' id='line_1_23' title="bbox 118 1467 1454 1519; baseline -0.001 -12"><span class='ocrx_word' id='word_1_170' title='bbox 118 1469 308 1519; x_wconf 87' lang='lat' dir='ltr'>praebent</span> <span class='ocrx_word' id='word_1_171' title='bbox 346 1469 414 1517; x_wconf 83' lang='lat' dir='ltr'>Lg.</span> <span class='ocrx_word' id='word_1_172' title='bbox 451 1481 498 1515; x_wconf 85' lang='lat'>42</span> <span class='ocrx_word' id='word_1_173' title='bbox 540 1467 624 1519; x_wconf 83' lang='lat' dir='ltr'>(O),</span> <span class='ocrx_word' id='word_1_174' title='bbox 659 1482 681 1506; x_wconf 94' lang='lat' dir='ltr'>e</span> <span class='ocrx_word' id='word_1_175' title='bbox 714 1467 969 1507; x_wconf 89' lang='lat' dir='ltr'>Cluniacensi</span> <span class='ocrx_word' id='word_1_176' title='bbox 1007 1467 1239 1516; x_wconf 89' lang='lat' dir='ltr'>descriptus,</span> <span class='ocrx_word' id='word_1_177' title='bbox 1276 1475 1314 1505; x_wconf 90' lang='lat' dir='ltr'>et</span> <span class='ocrx_word' id='word_1_178' title='bbox 1348 1467 1454 1505; x_wconf 87' lang='lat' dir='ltr'>Vati-</span> 
     </span>
     <span class='ocr_line' id='line_1_24' title="bbox 118 1532 1454 1584; baseline -0.001 -13"><span class='ocrx_word' id='word_1_179' title='bbox 118 1546 240 1571; x_wconf 88' lang='lat' dir='ltr'>canus</span> <span class='ocrx_word' id='word_1_180' title='bbox 270 1533 335 1584; x_wconf 85' lang='lat' dir='ltr'>(V</span> <span class='ocrx_word' id='word_1_181' title='bbox 337 1534 459 1581; x_wconf 83' lang='lat' dir='ltr'>),—2&#39;n</span> <span class='ocrx_word' id='word_1_182' title='bbox 486 1533 654 1582; x_wconf 71' lang='lat' dir='ltr'>beneficio</span> <span class='ocrx_word' id='word_1_183' title='bbox 674 1538 839 1582; x_wconf 72' lang='lat' dir='ltr'>praetor</span> <span class='ocrx_word' id='word_1_184' title='bbox 867 1533 932 1569; x_wconf 81' lang='lat' dir='ltr'><em>lzoc</em></span> <span class='ocrx_word' id='word_1_185' title='bbox 950 1534 1060 1581; x_wconf 73' lang='lat' dir='ltr'>petit.</span> <span class='ocrx_word' id='word_1_186' title='bbox 1120 1534 1339 1582; x_wconf 83' lang='lat' dir='ltr'>Vtramque</span> <span class='ocrx_word' id='word_1_187' title='bbox 1366 1532 1454 1570; x_wconf 88' lang='lat' dir='ltr'>scri-</span> 
     </span>
     <span class='ocr_line' id='line_1_25' title="bbox 118 1597 1453 1648; baseline -0.001 -11"><span class='ocrx_word' id='word_1_188' title='bbox 118 1606 272 1648; x_wconf 87' lang='lat' dir='ltr'>pturam</span> <span class='ocrx_word' id='word_1_189' title='bbox 300 1599 415 1637; x_wconf 87' lang='lat' dir='ltr'>refert</span> <span class='ocrx_word' id='word_1_190' title='bbox 454 1597 647 1644; x_wconf 85' lang='lat' dir='ltr'>Nannius,</span> <span class='ocrx_word' id='word_1_191' title='bbox 680 1599 879 1647; x_wconf 84' lang='lat' dir='ltr'>vulgatam</span> <span class='ocrx_word' id='word_1_192' title='bbox 911 1597 950 1647; x_wconf 81' lang='lat' dir='ltr'>(i.</span> <span class='ocrx_word' id='word_1_193' title='bbox 967 1611 999 1635; x_wconf 92' lang='lat' dir='ltr'>e.</span> <span class='ocrx_word' id='word_1_194' title='bbox 1023 1599 1165 1646; x_wconf 75' lang='lat' dir='ltr'>populi</span> <span class='ocrx_word' id='word_1_195' title='bbox 1193 1599 1383 1648; x_wconf 78' lang='lat' dir='ltr'>Romani)</span> <span class='ocrx_word' id='word_1_196' title='bbox 1416 1606 1453 1636; x_wconf 83' lang='lat' dir='ltr'>et</span> 
     </span>
     <span class='ocr_line' id='line_1_26' title="bbox 117 1662 1452 1714; baseline -0.001 -14"><span class='ocrx_word' id='word_1_197' title='bbox 117 1677 188 1714; x_wconf 90' lang='lat' dir='ltr'>pro</span> <span class='ocrx_word' id='word_1_198' title='bbox 200 1669 365 1713; x_wconf 76' lang='lat' dir='ltr'>praetor</span> <span class='ocrx_word' id='word_1_199' title='bbox 382 1664 480 1701; x_wconf 84' lang='lat' dir='ltr'>falso</span> <span class='ocrx_word' id='word_1_200' title='bbox 498 1668 669 1712; x_wconf 74' lang='lat' dir='ltr'>propter.</span> <span class='ocrx_word' id='word_1_201' title='bbox 720 1662 759 1700; x_wconf 87' lang='lat' dir='ltr'>iii</span> <span class='ocrx_word' id='word_1_202' title='bbox 790 1663 844 1712; x_wconf 76' lang='lat'>§7</span> <span class='ocrx_word' id='word_1_203' title='bbox 853 1675 871 1712; x_wconf 86' lang='lat'>5</span> <span class='ocrx_word' id='word_1_204' title='bbox 904 1675 975 1712; x_wconf 93' lang='lat' dir='ltr'>pro</span> <span class='ocrx_word' id='word_1_205' title='bbox 1003 1667 1156 1699; x_wconf 70' lang='lat' dir='ltr'>tantane</span> <span class='ocrx_word' id='word_1_206' title='bbox 1181 1663 1282 1700; x_wconf 77' lang='lat' dir='ltr'><em>lucri</em></span> <span class='ocrx_word' id='word_1_207' title='bbox 1304 1662 1452 1700; x_wconf 86' lang='lat' dir='ltr'>habent</span> 
     </span>
     <span class='ocr_line' id='line_1_27' title="bbox 119 1727 1452 1777; baseline -0.002 -10"><span class='ocrx_word' id='word_1_208' title='bbox 119 1729 234 1767; x_wconf 90' lang='lat' dir='ltr'>codd.</span> <span class='ocrx_word' id='word_1_209' title='bbox 253 1727 466 1766; x_wconf 89' lang='lat' dir='ltr'>deteriores</span> <span class='ocrx_word' id='word_1_210' title='bbox 480 1729 648 1766; x_wconf 76' lang='lat' dir='ltr'>triticum</span> <span class='ocrx_word' id='word_1_211' title='bbox 660 1729 774 1765; x_wconf 76' lang='lat' dir='ltr'><em>lucri:</em></span> <span class='ocrx_word' id='word_1_212' title='bbox 796 1729 993 1777; x_wconf 86' lang='lat' dir='ltr'>vulgatam</span> <span class='ocrx_word' id='word_1_213' title='bbox 1007 1727 1218 1766; x_wconf 87' lang='lat' dir='ltr'>lectionem</span> <span class='ocrx_word' id='word_1_214' title='bbox 1233 1727 1284 1765; x_wconf 88' lang='lat' dir='ltr'>ita</span> <span class='ocrx_word' id='word_1_215' title='bbox 1299 1727 1452 1776; x_wconf 86' lang='lat' dir='ltr'>corrigit</span> 
     </span>
     <span class='ocr_line' id='line_1_28' title="bbox 119 1791 1454 1843; baseline -0.001 -13"><span class='ocrx_word' id='word_1_216' title='bbox 119 1792 301 1831; x_wconf 89' lang='lat' dir='ltr'>Nannius</span> <span class='ocrx_word' id='word_1_217' title='bbox 322 1800 364 1830; x_wconf 88' lang='lat' dir='ltr'>ut</span> <span class='ocrx_word' id='word_1_218' title='bbox 386 1798 537 1830; x_wconf 76' lang='lat' dir='ltr'>tantum</span> <span class='ocrx_word' id='word_1_219' title='bbox 559 1806 580 1830; x_wconf 94' lang='lat' dir='ltr'>e</span> <span class='ocrx_word' id='word_1_220' title='bbox 601 1793 689 1831; x_wconf 90' lang='lat' dir='ltr'>cod.</span> <span class='ocrx_word' id='word_1_221' title='bbox 707 1791 961 1831; x_wconf 88' lang='lat' dir='ltr'>Cluniacensi</span> <span class='ocrx_word' id='word_1_222' title='bbox 981 1793 1164 1830; x_wconf 89' lang='lat' dir='ltr'>adsumat</span> <span class='ocrx_word' id='word_1_223' title='bbox 1187 1792 1242 1843; x_wconf 89' lang='lat' dir='ltr'>(et</span> <span class='ocrx_word' id='word_1_224' title='bbox 1273 1792 1327 1829; x_wconf 89' lang='lat' dir='ltr'>sic</span> <span class='ocrx_word' id='word_1_225' title='bbox 1351 1791 1454 1829; x_wconf 87' lang='lat' dir='ltr'>Vati-</span> 
     </span>
     <span class='ocr_line' id='line_1_29' title="bbox 118 1857 1451 1909; baseline -0.001 -13"><span class='ocrx_word' id='word_1_226' title='bbox 118 1871 250 1905; x_wconf 88' lang='lat' dir='ltr'>canus,</span> <span class='ocrx_word' id='word_1_227' title='bbox 273 1861 343 1908; x_wconf 83' lang='lat' dir='ltr'>Lg.</span> <span class='ocrx_word' id='word_1_228' title='bbox 366 1861 445 1909; x_wconf 84' lang='lat'>42),</span> <span class='ocrx_word' id='word_1_229' title='bbox 477 1859 645 1896; x_wconf 74' lang='lat' dir='ltr'>triticum</span> <span class='ocrx_word' id='word_1_230' title='bbox 680 1858 898 1908; x_wconf 85' lang='lat' dir='ltr'>relinquat:</span> <span class='ocrx_word' id='word_1_231' title='bbox 928 1859 1036 1896; x_wconf 90' lang='lat' dir='ltr'>unde</span> <span class='ocrx_word' id='word_1_232' title='bbox 1074 1861 1250 1896; x_wconf 83' lang='lat' dir='ltr'>‘tantum</span> <span class='ocrx_word' id='word_1_233' title='bbox 1280 1857 1451 1895; x_wconf 88' lang='lat' dir='ltr'>triticum</span> 
     </span>
     <span class='ocr_line' id='line_1_30' title="bbox 118 1922 1330 1973; baseline -0.002 -12"><span class='ocrx_word' id='word_1_234' title='bbox 118 1923 213 1961; x_wconf 89' lang='lat' dir='ltr'>lucri</span> <span class='ocrx_word' id='word_1_235' title='bbox 231 1925 238 1941; x_wconf 89' lang='lat'>’</span> <span class='ocrx_word' id='word_1_236' title='bbox 259 1923 390 1973; x_wconf 92' lang='lat' dir='ltr'>posuit</span> <span class='ocrx_word' id='word_1_237' title='bbox 408 1923 588 1969; x_wconf 89' lang='lat' dir='ltr'>Orellius,</span> <span class='ocrx_word' id='word_1_238' title='bbox 616 1924 822 1962; x_wconf 88' lang='lat' dir='ltr'>‘codicem</span> <span class='ocrx_word' id='word_1_239' title='bbox 844 1922 1100 1961; x_wconf 88' lang='lat' dir='ltr'>Nannianum</span> <span class='ocrx_word' id='word_1_240' title='bbox 1118 1924 1124 1939; x_wconf 84' lang='lat'><em>⁷</em></span> <span class='ocrx_word' id='word_1_241' title='bbox 1146 1929 1303 1960; x_wconf 86' lang='lat' dir='ltr'>secutus</span> <span class='ocrx_word' id='word_1_242' title='bbox 1325 1926 1330 1959; x_wconf 69' lang='grc' dir='ltr'><strong>Ξ</strong></span> 
     </span>
    </p>

    <p class='ocr_par' dir='ltr' id='par_1_4' title="bbox 174 1987 1457 2039">
     <span class='ocr_line' id='line_1_31' title="bbox 174 1987 1457 2039; baseline -0.001 -13"><span class='ocrx_word' id='word_1_243' title='bbox 174 1991 221 2027; x_wconf 90' lang='lat' dir='ltr'>In</span> <span class='ocrx_word' id='word_1_244' title='bbox 257 2002 401 2039; x_wconf 86' lang='lat' dir='ltr'>magno</span> <span class='ocrx_word' id='word_1_245' title='bbox 440 1990 592 2027; x_wconf 90' lang='lat' dir='ltr'>honore</span> <span class='ocrx_word' id='word_1_246' title='bbox 631 1997 723 2036; x_wconf 89' lang='lat' dir='ltr'>erat,</span> <span class='ocrx_word' id='word_1_247' title='bbox 758 1996 800 2026; x_wconf 88' lang='lat' dir='ltr'>ut</span> <span class='ocrx_word' id='word_1_248' title='bbox 839 1988 916 2026; x_wconf 85' lang='lat' dir='ltr'>iam</span> <span class='ocrx_word' id='word_1_249' title='bbox 955 1987 1047 2035; x_wconf 77' lang='lat' dir='ltr'>dixi,</span> <span class='ocrx_word' id='word_1_250' title='bbox 1084 1989 1190 2038; x_wconf 88' lang='lat' dir='ltr'>apud</span> <span class='ocrx_word' id='word_1_251' title='bbox 1222 1995 1372 2026; x_wconf 85' lang='lat' dir='ltr'>ceteros</span> <span class='ocrx_word' id='word_1_252' title='bbox 1407 1987 1457 2025; x_wconf 87' lang='lat' dir='ltr'>iis</span> 
     </span>
    </p>
   </div>
   <div class='ocr_carea' id='block_1_4' title="bbox 117 2112 1454 2412">
    <p class='ocr_par' dir='ltr' id='par_1_5' title="bbox 117 2112 1454 2412">
     <span class='ocr_line' id='line_1_32' title="bbox 124 2112 1449 2153; baseline 0 -11"><span class='ocrx_word' id='word_1_253' title='bbox 124 2112 416 2151; x_wconf 82' lang='lat' dir='ltr'>Yexemplaribus</span> <span class='ocrx_word' id='word_1_254' title='bbox 434 2113 488 2143; x_wconf 90' lang='lat' dir='ltr'>vel</span> <span class='ocrx_word' id='word_1_255' title='bbox 505 2113 607 2144; x_wconf 91' lang='lat' dir='ltr'>hodie</span> <span class='ocrx_word' id='word_1_256' title='bbox 623 2113 832 2153; x_wconf 82' lang='lat' dir='ltr'>agnoscitur.</span> <span class='ocrx_word' id='word_1_257' title='bbox 880 2113 1014 2144; x_wconf 84' lang='lat' dir='ltr'>Primus</span> <span class='ocrx_word' id='word_1_258' title='bbox 1038 2114 1229 2152; x_wconf 86' lang='lat' dir='ltr'>Naugerius</span> <span class='ocrx_word' id='word_1_259' title='bbox 1249 2114 1282 2143; x_wconf 89' lang='lat' dir='ltr'>in</span> <span class='ocrx_word' id='word_1_260' title='bbox 1300 2113 1449 2143; x_wconf 87' lang='lat' dir='ltr'>editione</span> 
     </span>
     <span class='ocr_line' id='line_1_33' title="bbox 118 2156 1449 2197; baseline -0.001 -11"><span class='ocrx_word' id='word_1_261' title='bbox 118 2156 244 2186; x_wconf 90' lang='lat' dir='ltr'>Aldina</span> <span class='ocrx_word' id='word_1_262' title='bbox 260 2156 392 2186; x_wconf 87' lang='lat' dir='ltr'>Veneta</span> <span class='ocrx_word' id='word_1_263' title='bbox 411 2158 524 2197; x_wconf 69' lang='lat'>(1519)</span> <span class='ocrx_word' id='word_1_264' title='bbox 542 2158 728 2197; x_wconf 83' lang='lat' dir='ltr'>scripturas</span> <span class='ocrx_word' id='word_1_265' title='bbox 745 2157 899 2196; x_wconf 86' lang='lat' dir='ltr'>vulgatas</span> <span class='ocrx_word' id='word_1_266' title='bbox 924 2158 1109 2188; x_wconf 87' lang='lat' dir='ltr'>secundum</span> <span class='ocrx_word' id='word_1_267' title='bbox 1132 2157 1281 2187; x_wconf 90' lang='lat' dir='ltr'>codicem</span> <span class='ocrx_word' id='word_1_268' title='bbox 1304 2157 1449 2195; x_wconf 84' lang='lat' dir='ltr'>aliquem</span> 
     </span>
     <span class='ocr_line' id='line_1_34' title="bbox 117 2198 1451 2240; baseline -0.001 -11"><span class='ocrx_word' id='word_1_269' title='bbox 117 2200 241 2230; x_wconf 85' lang='lat' dir='ltr'>diversi</span> <span class='ocrx_word' id='word_1_270' title='bbox 267 2200 402 2238; x_wconf 90' lang='lat' dir='ltr'>generis</span> <span class='ocrx_word' id='word_1_271' title='bbox 427 2201 587 2230; x_wconf 82' lang='lat' dir='ltr'>correxit.</span> <span class='ocrx_word' id='word_1_272' title='bbox 637 2200 746 2231; x_wconf 88' lang='lat' dir='ltr'>Simili</span> <span class='ocrx_word' id='word_1_273' title='bbox 775 2201 876 2231; x_wconf 90' lang='lat' dir='ltr'>modo</span> <span class='ocrx_word' id='word_1_274' title='bbox 903 2201 977 2232; x_wconf 86' lang='lat' dir='ltr'>edd.</span> <span class='ocrx_word' id='word_1_275' title='bbox 1002 2200 1259 2240; x_wconf 81' lang='lat' dir='ltr'>Hervagianam</span> <span class='ocrx_word' id='word_1_276' title='bbox 1287 2204 1322 2230; x_wconf 90' lang='lat' dir='ltr'>et</span> <span class='ocrx_word' id='word_1_277' title='bbox 1350 2198 1451 2229; x_wconf 75' lang='lat' dir='ltr'>Victo-</span> 
     </span>
     <span class='ocr_line' id='line_1_35' title="bbox 119 2242 1454 2282; baseline -0.001 -9"><span class='ocrx_word' id='word_1_278' title='bbox 119 2244 251 2273; x_wconf 72' lang='lat' dir='ltr'>rianam</span> <span class='ocrx_word' id='word_1_279' title='bbox 275 2246 390 2281; x_wconf 63' lang='lat'><strong>(1534)</strong></span> <span class='ocrx_word' id='word_1_280' title='bbox 414 2243 447 2272; x_wconf 88' lang='lat' dir='ltr'>in</span> <span class='ocrx_word' id='word_1_281' title='bbox 472 2243 590 2282; x_wconf 80' lang='lat' dir='ltr'>primis</span> <span class='ocrx_word' id='word_1_282' title='bbox 614 2249 647 2274; x_wconf 87' lang='lat' dir='ltr'>et</span> <span class='ocrx_word' id='word_1_283' title='bbox 670 2244 834 2274; x_wconf 83' lang='lat' dir='ltr'>extremis</span> <span class='ocrx_word' id='word_1_284' title='bbox 857 2243 1077 2274; x_wconf 84' lang='lat' dir='ltr'>verrinarum</span> <span class='ocrx_word' id='word_1_285' title='bbox 1103 2243 1199 2273; x_wconf 88' lang='lat' dir='ltr'>libris</span> <span class='ocrx_word' id='word_1_286' title='bbox 1223 2254 1241 2273; x_wconf 91' lang='lat' dir='ltr'>e</span> <span class='ocrx_word' id='word_1_287' title='bbox 1266 2243 1389 2273; x_wconf 81' lang='lat' dir='ltr'>familia</span> <span class='ocrx_word' id='word_1_288' title='bbox 1416 2242 1454 2272; x_wconf 90' lang='lat' dir='ltr'><em>X</em></span> 
     </span>
     <span class='ocr_line' id='line_1_36' title="bbox 117 2286 1448 2326; baseline -0.001 -9"><span class='ocrx_word' id='word_1_289' title='bbox 117 2291 290 2317; x_wconf 85' lang='lat' dir='ltr'>correctas</span> <span class='ocrx_word' id='word_1_290' title='bbox 321 2296 397 2316; x_wconf 88' lang='lat' dir='ltr'>esse</span> <span class='ocrx_word' id='word_1_291' title='bbox 435 2286 561 2325; x_wconf 88' lang='lat' dir='ltr'>liquido</span> <span class='ocrx_word' id='word_1_292' title='bbox 578 2292 731 2326; x_wconf 84' lang='lat' dir='ltr'>apparet.</span> <span class='ocrx_word' id='word_1_293' title='bbox 787 2287 902 2326; x_wconf 88' lang='lat' dir='ltr'>Atque</span> <span class='ocrx_word' id='word_1_294' title='bbox 939 2287 1058 2317; x_wconf 87' lang='lat' dir='ltr'>eadem</span> <span class='ocrx_word' id='word_1_295' title='bbox 1093 2287 1224 2317; x_wconf 87' lang='lat' dir='ltr'>ratione</span> <span class='ocrx_word' id='word_1_296' title='bbox 1259 2296 1338 2317; x_wconf 90' lang='lat' dir='ltr'>usus</span> <span class='ocrx_word' id='word_1_297' title='bbox 1371 2286 1448 2316; x_wconf 84' lang='lat' dir='ltr'>Car.</span> 
     </span>
     <span class='ocr_line' id='line_1_37' title="bbox 118 2329 1450 2369; baseline -0.002 -9"><span class='ocrx_word' id='word_1_298' title='bbox 118 2329 313 2369; x_wconf 83' lang='lat' dir='ltr'>Stephanus</span> <span class='ocrx_word' id='word_1_299' title='bbox 334 2329 437 2360; x_wconf 88' lang='lat' dir='ltr'>libros</span> <span class='ocrx_word' id='word_1_300' title='bbox 460 2334 639 2369; x_wconf 81' lang='lat' dir='ltr'>praeterea</span> <span class='ocrx_word' id='word_1_301' title='bbox 661 2331 682 2360; x_wconf 92' lang='lat' dir='ltr'>ii</span> <span class='ocrx_word' id='word_1_302' title='bbox 707 2335 740 2361; x_wconf 88' lang='lat' dir='ltr'>et</span> <span class='ocrx_word' id='word_1_303' title='bbox 766 2331 801 2360; x_wconf 88' lang='lat' dir='ltr'>iii</span> <span class='ocrx_word' id='word_1_304' title='bbox 826 2331 867 2361; x_wconf 88' lang='lat' dir='ltr'>ad</span> <span class='ocrx_word' id='word_1_305' title='bbox 890 2330 1041 2361; x_wconf 87' lang='lat' dir='ltr'>codicem</span> <span class='ocrx_word' id='word_1_306' title='bbox 1064 2340 1082 2360; x_wconf 88' lang='lat' dir='ltr'>a</span> <span class='ocrx_word' id='word_1_307' title='bbox 1101 2329 1234 2360; x_wconf 87' lang='lat' dir='ltr'>Nannio</span> <span class='ocrx_word' id='word_1_308' title='bbox 1252 2334 1450 2368; x_wconf 85' lang='lat' dir='ltr'>usurpatum</span> 
     </span>
     <span class='ocr_line' id='line_1_38' title="bbox 118 2374 240 2412; baseline 0 -9"><span class='ocrx_word' id='word_1_309' title='bbox 118 2374 240 2412; x_wconf 84' lang='lat' dir='ltr'>exegit.</span> 
     </span>
    </p>
   </div>
   <div class='ocr_carea' id='block_1_5' title="bbox 763 2428 800 2466">
    <p class='ocr_par' dir='ltr' id='par_1_6' title="bbox 763 2428 800 2466">
     <span class='ocr_line' id='line_1_39' title="bbox 763 2428 800 2466; baseline 0 0"><span class='ocrx_word' id='word_1_310' title='bbox 763 2428 800 2466; x_wconf 88' lang='lat' dir='ltr'>vi</span> 
     </span>
    </p>
   </div>
  </div>
 </body>
</html>
