1600 2704
64 126 330 166 ACTIONIS
353 125 413 163 IN
435 125 480 165 C.
498 125 742 163 VERREM
763 125 1063 164 SECVNDAE
1086 127 1192 164 LIB.
1216 127 1281 164 ΙΙΙ
1339 129 1394 175 65

62 237 284 288 Apronium
322 237 548 276 absolutum
587 235 631 274 iri
674 243 839 286 putaret,
871 236 968 274 nihil
1007 245 1088 275 erat
1122 239 1231 287 quod
1270 241 1393 277 ullum

61 301 345 353 praeiudicium
384 309 604 348 vereretur,
646 301 792 340 deinde
830 301 863 340 si
903 302 1171 340 condemnato
1215 303 1394 352 Apronio

61 366 314 405 coniunctam
352 379 443 404 cum
482 379 530 404 eo
568 365 699 404 Verris
737 379 897 404 causam
942 380 1082 405 omnes
1120 374 1230 405 erant
1268 367 1392 406 existi-

61 431 214 479 maturi,
247 432 434 470 Metellus
467 431 630 481 quidem
662 438 766 469 certe
797 431 875 469 iarn
907 432 984 469 hoc
1016 431 1228 478 iudicabat,
1257 445 1393 470 eorum

23 511 41 542 5
60 509 142 535 rem
162 508 401 545 causamque
421 508 507 534 esse
527 495 791 542 coniunctam,
814 495 882 545 qui
903 503 1088 534 statueret
1105 495 1282 545 Apronio
1303 511 1394 534 con-

59 561 248 599 demnato
268 561 319 599 de
346 559 421 598 isto
452 559 736 610 praeiudicium
758 561 943 598 futurum.
1004 561 1056 598 Et
1078 560 1195 599 simul
1226 575 1304 599 una
1333 576 1392 599 res

60 624 213 675 utrique
247 624 301 663 rei
331 632 390 664 est
423 632 667 674 argumento,
697 632 747 669 et,
765 632 936 664 aratores
961 625 997 663 vi
1027 633 1066 664 et
1096 633 1203 664 metu
1233 634 1392 665 coactos

59 689 237 740 Apronio
264 691 390 728 multo
416 691 504 739 plus
533 703 652 740 quam
683 689 892 728 debuerint
919 690 1087 736 dedisse,
1111 698 1149 729 et
1169 690 1390 740 Apronium

59 754 168 793 istius
188 768 271 793 rem
292 768 364 792 suo
385 754 547 793 nomine
567 754 702 805 egisse,
721 767 812 792 cum
835 756 878 792 L.
905 756 1092 794 Metellus
1113 755 1289 793 statuerit
1311 769 1391 794 non

1 834 42 858 ιο
59 833 175 870 posse
209 819 430 870 Apronium
469 818 726 858 condemnari
755 818 851 869 quin
881 819 997 857 simul
1026 821 1077 858 de
1107 819 1216 858 istius
1247 821 1392 859 scelere

57 891 176 934 atque
205 883 457 935 improbitate
487 883 735 923 iudicaretur.

110 948 241 988 Venio
279 962 385 987 nunc
423 950 475 987 ad
509 947 717 998 epistulam
747 947 1004 995 Timarchidi,
1037 948 1165 987 liberti
1204 948 1314 987 istius
1353 958 1391 987 et

56 1014 212 1053 accensi
227 1029 237 1062 3
266 1015 317 1053 de
338 1026 415 1063 qua
436 1026 526 1051 cum
547 1012 692 1059 dixero,
709 1020 835 1051 totum
857 1014 933 1051 hoc
954 1012 1101 1051 crimen
1123 1014 1390 1051 decumanum

56 1092 249 1129 peroraro.
310 1080 425 1116 Haec
457 1077 624 1127 epistula
654 1085 724 1123 est,
750 1076 912 1124 iudices,
943 1090 1061 1126 quarn
1087 1090 1159 1116 nos
1191 1078 1390 1127 Syracusis

0 1159 37 1193 15
56 1143 96 1181 in
125 1143 291 1182 aedibus
318 1142 468 1192 Aproni
502 1155 593 1180 cum
623 1141 769 1180 litteras
800 1142 1123 1192 conquireremus
1153 1142 1386 1182 invenimus.

57 1207 181 1246 Missa
201 1215 270 1254 est,
294 1215 335 1245 ut
356 1207 441 1257 ipsa
466 1206 670 1256 significat,
703 1220 749 1245 ex
779 1206 929 1253 itinere,
956 1220 1047 1245 cum
1069 1209 1210 1246 Verres
1238 1207 1314 1246 iam
1340 1210 1390 1246 de

56 1272 256 1323 provincia
294 1272 538 1320 decessisset,
578 1271 824 1311 Timarchidi
864 1285 984 1310 manu
1024 1271 1178 1322 scripta.
1236 1274 1386 1312 Recita.

57 1340 264 1377 EPJSTVLA
298 1339 579 1376 TIMARCHIDI.
645 1348 946 1374 TIMARCHIDEs
975 1339 1138 1375 VERR1s
1182 1350 1389 1377 ACCENSVS

56 1414 245 1441 SALVTEM
282 1414 406 1441 D1C1T.
468 1403 554 1440 Iam
584 1404 661 1440 hoc
690 1401 853 1451 quidem
884 1415 964 1440 non
995 1404 1243 1452 reprehendo
1281 1406 1389 1453 quod

0 1483 41 1507 zo
57 1468 264 1507 adscribit‘
281 1481 472 1507 accensus
489 1470 496 1485 ⁷
515 1483 524 1516 3
554 1481 623 1507 cur
643 1467 749 1506 enim
766 1467 841 1506 sibi
857 1468 933 1506 hoc
955 1467 1105 1506 scribae
1127 1468 1199 1507 soli
1220 1478 1388 1515 sumant,

60 1534 126 1571 ‘L.
150 1535 348 1571 PAP1R1vs
378 1534 575 1571 scmssa'?
629 1533 735 1571 Volo
764 1545 838 1582 ego
868 1533 945 1571 hoc
974 1546 1059 1571 esse
1091 1546 1305 1572 commune
1331 1548 1390 1572 ac-

57 1610 276 1644 censorum,
292 1597 485 1644 lictorum,
501 1597 707 1636 viatorum.
758 1599 843 1635 FAC
864 1609 1145 1635 DILIGENTIAM
1167 1610 1387 1645 ADHIBEAS,

56 1674 169 1707 QVOD
184 1674 240 1700 AD
256 1674 487 1701 PRAETORIS
501 1673 869 1700 ExlstATloNEM
886 1674 1078 1701 ATTINET.
1122 1664 1390 1703 Commendat

58 1727 236 1778 Apronio
256 1729 431 1774 Verrem,
454 1735 492 1766 et
514 1729 690 1766 hortatur
710 1734 753 1765 ut
774 1727 942 1766 inimicis
964 1727 1047 1766 eius
1062 1728 1224 1767 resistat.
1276 1730 1391 1767 Bono

0 1807 39 1840 ²5
58 1791 253 1842 praesidio
273 1791 448 1830 munitur
472 1791 707 1830 existimatio
736 1799 813 1839 tua,
837 1791 1034 1842 siquidem
1064 1792 1104 1830 in
1124 1793 1276 1843 Aproni
1300 1807 1391 1832 con-

58 1856 229 1896 stituitur
266 1856 468 1908 diligentia
506 1864 625 1907 atque
663 1856 905 1896 auctoritate.
976 1859 1122 1896 HABES
1161 1870 1387 1904 VIRTVTEM,

0 1965 1 1976 ἶ
56 1933 369 1967 ELOQVENTIAM.
429 1923 561 1971 Quam
592 1921 753 1972 copiose
773 1923 954 1961 laudatur
973 1923 1173 1973 Apronius
1193 1936 1217 1960 a
1243 1923 1391 1960 Timar-

57 1986 185 2033 chide,
214 2000 334 2036 quarn
354 1986 586 2036 magnifice!
644 1986 721 2026 Cui
741 2000 814 2037 ego
836 1986 945 2025 illum
967 2000 1047 2025 non
1076 1995 1211 2037 putem
1236 1989 1390 2037 placere

104 2100 117 2120 1
145 2090 308 2130 putabant
325 2089 356 2118 V
370 2089 405 2129 (l.
425 2099 463 2127 14
476 2088 581 2128 infra)
711 2097 731 2128 5
756 2094 919 2121 statueret
938 2090 969 2121 O
987 2102 994 2121 :
1019 2091 1059 2121 -it
1070 2096 1096 2131 p
1112 2090 1175 2121 rell.
1199 2091 1209 2128 (
1216 2093 1347 2129 praeter
1365 2090 1396 2119 V

57 2133 236 2171 statuerat)
372 2142 422 2169 12,
440 2142 476 2170 17
501 2131 706 2162 Timarchidi
727 2132 774 2163 cO
793 2144 799 2163 :
825 2133 867 2164 -is
888 2134 935 2173 Vp
953 2134 1018 2165 rell.
1165 2143 1203 2171 14
1228 2143 1390 2172 peroraro

59 2176 129 2207 cO:
151 2177 232 2207 ·abo
254 2176 303 2215 Vp
320 2175 385 2206 rell.
546 2185 582 2213 17
609 2174 739 2206 Recita.
784 2175 941 2215 Epistula
958 2177 1162 2208 Timarchidi
1184 2177 1234 2207 V:
1268 2177 1390 2207 Recita

58 2219 249 2259 epistolam.
273 2219 506 2249 Timarchides
544 2217 678 2258 Zumpt,
709 2218 805 2250 edd.:
843 2230 909 2250 om.
940 2219 971 2250 O
995 2225 1023 2251 et
1042 2221 1076 2250 in
1103 2221 1161 2251 lac.
1190 2232 1212 2250 π
1352 2230 1391 2259 19

58 2262 210 2301 Apronio
245 2266 320 2293 ante
359 2262 499 2293 salutem
529 2261 604 2292 add.
649 2261 717 2293 edd.
877 2264 966 2302 quod
1003 2264 1164 2294 adscribit
1192 2263 1240 2294 cO
1257 2276 1262 2294 :
1298 2263 1389 2302 quod

0 2303 1 2306 ’
58 2306 236 2346 adscripsit
246 2311 271 2345 p
288 2305 352 2336 rell.
370 2316 377 2336 ε
402 2315 475 2336 cum
493 2305 617 2336 scribat
639 2305 671 2334 V
808 2316 851 2337 20
875 2307 938 2338 hoc
955 2307 1018 2338 sibi
1040 2307 1072 2337 V
1167 2311 1339 2337 assumant
1358 2305 1389 2336 Ο

58 2358 97 2379 21
122 2349 185 2380 hoc
203 2359 281 2380 esse
301 2348 351 2379 V:
377 2358 453 2379 esse
471 2349 535 2380 hoc
552 2348 617 2379 nk:
643 2348 707 2380 hoc
723 2359 789 2379 om.
811 2349 843 2381 O
998 2361 1038 2389 27
1064 2350 1151 2390 eloq.
1176 2349 1237 2380 VO
1256 2361 1262 2380 :
1288 2355 1389 2389 atque

57 2391 143 2431 eloq.
158 2397 183 2432 p
200 2392 265 2422 rell.

1418 143 1475 175 153

1413 921 1473 959 66

1415 989 1473 1019 154

1413 1936 1473 1969 155
