1600 2704
87 89 355 128 ACTIONIS
385 89 446 127 IN
477 89 521 128 C.
544 90 786 127 VERREM
816 91 1114 129 SECVNDAE
1145 92 1249 129 LIB.
1272 93 1309 128 V
1384 103 1412 140 9
1436 108 1477 140 ²3

84 202 145 239 vel
165 200 243 238 vita
270 199 408 239 redimi
435 208 539 238 recte
568 208 746 249 possunt,
767 200 971 239 aestimare
995 201 1163 252 pecunia
1186 215 1267 241 non
1297 216 1413 253 queo.

85 267 199 304 Haec
216 265 349 303 onmia
362 277 448 304 sero
468 265 634 304 redemit
650 264 886 315 Apollonius
903 266 979 303 iarn
996 278 1171 305 maerore
1188 279 1233 305 ac
1249 268 1413 306 miseriis
1435 283 1477 314 ²4

83 330 269 380 perditus,
311 332 380 369 sed
419 338 550 368 tamen
590 337 740 369 ceteros
779 330 915 369 docuit
954 338 1044 370 ante
1083 330 1192 369 istius
1231 332 1415 372 avaritiae

83 395 300 446 scelerique
330 408 532 434 occurrere
548 410 558 443 3
586 395 661 433 nisi
689 407 781 434 vero
809 395 1037 434 existimatis
1065 396 1268 435 hominem
1300 409 1416 446 pecu-

45 476 62 507 5
82 460 349 498 niosissimum
371 460 455 499 sine
476 473 594 498 causa
614 467 800 510 quaestus
821 462 990 499 electum
1011 462 1062 499 ad
1083 469 1162 499 tarn
1185 460 1417 501 incredibile

81 525 230 563 crimen
259 532 326 563 aut
355 526 440 564 sine
468 526 608 564 eadem
636 538 755 563 causa
783 533 945 576 repente
973 539 995 564 e
1024 539 1178 565 carcere
1213 527 1416 576 emissum,

78 597 147 628 aut
177 591 253 629 hoc
282 590 498 641 praedandi
529 604 652 641 genus
681 591 731 629 ab
762 590 837 629 isto
865 590 905 628 in
935 590 1002 628 illo
1023 604 1104 630 uno
1124 592 1347 631 adhibitum
1368 606 1415 633 ac

81 662 328 705 temptatum,
378 662 416 694 et
460 668 541 694 non
584 669 653 706 per
691 656 801 694 illum
847 655 1033 695 omnibus
1077 657 1414 707 pecuniosissimis

79 720 220 759 Siculis
242 728 391 760 metum
412 723 659 772 propositum
681 728 719 760 et
739 720 937 759 iniectum.
1433 762 1479 790 10

22 800 61 822 ιο
135 786 266 836 Cupio
295 786 391 824 mihi
419 787 471 825 ab
501 788 578 834 illo,
609 786 769 834 iudices,
801 786 938 834 subici,
962 788 1149 837 quoniam
1177 789 1227 827 de
1257 787 1412 826 militari
1436 822 1473 845 κ

77 852 161 890 eius
182 851 303 901 gloria
324 851 425 898 dico,
450 853 480 890 si
502 852 597 902 quid
626 853 724 890 forte
754 859 967 902 praetereo.
1026 853 1128 890 Nam
1159 852 1256 890 mihi
1276 854 1412 891 videor
1457 845 1470 854 ⁹

77 915 155 955 iarn
185 918 235 956 de
266 917 451 956 omnibus
481 918 597 957 rebus
626 917 710 956 eius
734 918 851 968 gestis
878 917 1033 965 dixisse,
1056 931 1156 968 quae
1177 918 1339 968 quidem
1360 919 1412 956 ad

78 982 169 1020 belli
190 982 442 1032 fugitivorum
464 982 728 1033 suspicionem
750 984 989 1031 pertinerent
1004 998 1014 1030 3
1043 991 1147 1022 certe
1169 983 1266 1021 nihil
1282 983 1411 1021 sciens

77 1046 328 1096 praetermisi.
391 1048 560 1086 Habetis
599 1046 771 1085 hominis
811 1047 985 1094 consilia,
1025 1047 1280 1098 diligentiam,
1321 1047 1411 1097 vigi-

20 1126 54 1157 ¹5
77 1112 250 1160 lantiam,
292 1112 512 1151 custodiam
549 1113 902 1161 defensionemque
941 1112 1176 1162 provinciae.
1249 1112 1411 1151 Summa

76 1177 168 1216 illuc
188 1177 367 1227 pertinet,
389 1185 432 1216 ut
457 1177 602 1224 sciatis,
621 1178 810 1226 quoniam
836 1179 946 1227 plura
973 1190 1115 1227 genera
1136 1185 1227 1216 sunt
1248 1177 1410 1228 impera—

75 1251 214 1290 torum,
232 1256 279 1282 ex
299 1256 379 1293 quo
398 1256 540 1294 genere
562 1244 634 1281 iste
655 1241 713 1289 sit,
737 1255 787 1281 ne
808 1242 875 1292 qui
891 1242 1038 1281 diutius
1060 1243 1099 1280 in
1121 1250 1229 1281 tanta
1246 1242 1410 1292 penuria

74 1309 243 1347 virorum
274 1308 432 1347 fortium
462 1309 581 1346 talem
611 1307 887 1358 imperatorem
918 1307 1094 1357 ignorare
1120 1307 1253 1358 possit.
1314 1309 1407 1346 Non

72 1375 124 1412 ad
147 1373 196 1420 Q.
221 1373 386 1412 Maximi
407 1373 640 1424 sapientiam
661 1385 792 1423 neque
812 1374 862 1412 ad
883 1372 986 1411 illius
1007 1372 1215 1423 superioris
1232 1372 1406 1410 Africani

15 1453 56 1476 20
74 1438 115 1476 in
142 1451 184 1477 re
213 1439 389 1489 gerunda
417 1438 669 1485 celeritatem,
695 1450 825 1487 neque
853 1439 904 1476 ad
934 1437 1050 1476 huius
1080 1437 1147 1488 qui
1177 1445 1314 1487 postea
1334 1437 1406 1475 fuit

71 1503 266 1553 singulare
282 1502 502 1550 consilium,
518 1516 647 1553 neque
668 1504 718 1541 ad
741 1502 851 1541 Pauli
873 1502 1065 1542 rationem
1082 1516 1127 1542 ac
1144 1502 1405 1553 disciplinam,

71 1581 201 1618 neque
221 1569 272 1607 ad
294 1569 338 1608 C.
363 1568 465 1606 Mari
486 1568 564 1606 vim
592 1576 710 1618 atque
731 1568 911 1607 virtutem
931 1583 940 1616 3
970 1570 1039 1607 sed
1059 1569 1167 1607 aliud
1187 1581 1310 1618 genus
1339 1567 1407 1606 im-

71 1634 259 1684 peratoris
307 1647 401 1672 sane
450 1633 657 1683 diligenter
699 1634 948 1672 retinendum
990 1642 1027 1671 et
1075 1633 1403 1679 conservandum,

69 1712 230 1749 quaeso,
251 1698 488 1749 cognoscite.

11 1776 50 1807 25
127 1764 319 1803 Itinerum
358 1764 528 1814 primum
560 1764 747 1810 laborem,
781 1763 847 1813 qui
877 1765 937 1802 vel
973 1763 1165 1802 maximus
1200 1770 1257 1801 est
1290 1761 1328 1799 in
1364 1776 1403 1800 re
1428 1765 1468 1799 26

72 1829 239 1877 militari,
270 1829 431 1876 iudices,
462 1836 499 1867 et
529 1828 569 1866 in
599 1828 729 1868 Sicilia
758 1829 927 1868 maxime
957 1828 1210 1874 necessarius,
1237 1827 1403 1877 accipite

70 1908 190 1945 quam
229 1894 384 1933 facilem
423 1894 497 1932 sibi
536 1893 609 1932 iste
648 1901 686 1932 et
726 1893 944 1932 iucundum
975 1893 1126 1932 ratione
1158 1890 1404 1940 consilioque

69 1958 294 1998 reddiderit.
355 1958 530 1997 Primum
551 1957 795 2008 temporibus
816 1958 990 1997 hibernis
1016 1958 1067 1996 ad
1088 1955 1402 2007 magnitudinem

70 2026 255 2075 frigorum
286 2032 324 2063 et
353 2032 632 2074 tempestatum
652 2023 731 2061 vim
761 2037 807 2063 ac
837 2024 1044 2062 fluminum
1062 2023 1304 2072 praeclarum
1325 2022 1402 2059 hoc

11 2103 51 2135 30
71 2090 144 2129 sibi
184 2090 402 2128 remedium
447 2095 702 2138 compararat.
779 2089 928 2127 Vrbem
974 2089 1182 2138 Syracusas
1222 2087 1401 2136 elegerat,

114 2204 133 2234 5
163 2195 237 2225 sine
255 2194 368 2234 aliqua
386 2203 486 2225 causa
499 2194 543 2233 pb
676 2202 693 2231 7
721 2197 755 2223 et
772 2196 889 2232 tempt.
906 2190 981 2230 SG,
1114 2191 1135 2221 8
1161 2190 1400 2231 pecuniosissi-

70 2239 133 2269 mis
149 2236 299 2269 RSDw:
327 2237 520 2277 pecuniosis
538 2237 554 2267 δ
665 2247 686 2276 9
710 2240 834 2267 metum
850 2245 914 2266 om.
932 2234 1027 2266 st
1151 2244 1190 2265 10
1214 2234 1271 2265 illo
1289 2233 1376 2264 codd.
1394 2245 1401 2264 :

70 2282 144 2320 ipso
178 2281 285 2312 Halm
428 2291 470 2320 29
494 2285 528 2311 et
557 2280 599 2310 ad
631 2284 734 2320 temp.
765 2281 808 2320 ρδ
950 2289 992 2318 30
1016 2283 1225 2318 compararat
1255 2276 1401 2308 Lamb.:

67 2331 241 2364 comparat
258 2323 358 2356 RSD
375 2336 381 2354 :
409 2329 582 2364 comparet
592 2325 636 2363 pb
