1600 2704
67 158 125 196 40
145 163 188 196 99
517 138 572 174 M.
604 131 771 171 TVLLI
803 121 1109 166 CICERONIS

91 891 138 927 41

84 949 140 970 [00

99 1632 153 1654 101

149 257 307 296 Etenim
329 253 358 291 si
381 257 514 302 posset
541 258 629 284 reus
649 244 811 281 absente
835 242 1061 275 accusatore
1083 225 1272 272 damnari,
1295 237 1376 262 non
1401 233 1475 270 ego

146 337 170 361 a
189 321 348 359 Vibone
367 314 521 353 Veliam
544 309 705 361 parvulo
732 302 886 352 navigio
907 300 1006 337 inter
1033 293 1283 344 fugitivorum
1304 302 1350 326 ac
1370 299 1477 337 prae-

149 389 299 426 donum
325 394 370 420 ac
398 389 465 418 tua
495 378 571 414 tela
599 372 806 415 venissem,
830 378 909 415 quo
939 371 1115 411 tempore
1143 354 1272 394 omnis
1299 353 1365 390 illa
1390 362 1479 388 mea

150 447 349 490 festinatio
370 444 443 482 fuit
464 454 554 479 cum
576 437 751 489 periculo
768 430 915 481 capitis,
939 427 991 465 ob
1012 437 1099 463 eam
1120 432 1277 459 causam
1300 430 1351 455 ne
1370 423 1413 452 tu
1433 427 1479 451 ex

154 516 227 554 reis
248 512 459 552 eximerere
480 507 511 544 si
532 517 605 554 ego
625 503 675 540 ad
704 499 807 538 diem
830 508 911 534 non
932 489 1155 530 adfuissem.
1220 482 1341 532 Quod
1366 478 1481 529 igitur

154 579 224 619 tibi
247 585 327 617 erat
347 575 387 613 in
408 582 477 611 tuo
498 568 644 608 iudicio
669 560 968 615 optatissimum,
992 569 1056 593 me
1076 565 1166 591 cum
1193 550 1334 587 citatus
1355 556 1481 582 essem

157 657 236 683 non
271 642 422 684 adesse,
458 648 525 673 cur
565 628 728 670 Sthenio
762 639 840 664 non
881 619 1023 673 putasti
1063 617 1251 668 prodesse
1290 617 1480 661 oportere,

158 721 248 747 cum
279 706 362 744 eius
391 706 595 740 accusator
621 707 701 733 non
731 688 950 730 adfuisset?
1007 685 1147 732 Itaque
1175 678 1265 717 fecit
1295 684 1337 713 ut
1361 672 1487 712 exitus

158 769 352 825 principio
399 763 620 804 simillimus
667 757 919 808 reperiretur:
967 761 1084 800 quem
1129 746 1333 783 absentem
1377 750 1487 776 reum

158 840 315 882 fecerat,
339 844 429 872 eum
451 831 615 868 absente
636 828 863 862 accusatore
883 817 1134 855 condemnat.
1510 815 1550 836 10

217 898 482 940 Nuntiabatur
514 892 568 930 illi
602 888 736 940 primis
770 884 844 923 illis
877 878 1130 930 teniporibuS‚
1168 875 1208 912 id
1239 871 1348 921 quod
1383 875 1492 918 pater

164 978 325 1018 quoque
354 963 405 1000 ad
440 971 529 998 eum
565 954 741 1005 pluribus
779 947 906 987 verbis
941 943 1156 993 scripserat,
1193 937 1377 987 agitatam
1411 944 1493 970 rem

165 1044 251 1070 esse
289 1029 329 1066 in
369 1032 533 1071 senatug
580 1019 696 1058 etiam
736 1016 775 1053 in
815 1011 1001 1051 contione
1039 1006 1240 1044 tribunum
1280 998 1406 1051 plebis
1445 999 1496 1034 de

167 1108 287 1135 causa
326 1089 475 1135 Stheni,
522 1087 578 1124 M.
626 1082 866 1123 Palicanum,
912 1087 996 1113 esse
1040 1077 1249 1121 questum,
1296 1072 1497 1114 postremo

170 1174 235 1199 me
274 1159 404 1208 ipsum
443 1153 549 1203 apud
589 1151 665 1187 hoc
702 1143 907 1193 collegium
948 1138 1193 1176 tribunorum
1229 1129 1369 1182 plebis,
1407 1138 1558 1170 cum15

171 1236 307 1265 eorum
335 1218 514 1259 omnium
542 1215 673 1253 edicto
703 1223 782 1248 non
810 1208 942 1245 liceret
971 1205 1124 1240 Romae
1149 1206 1392 1247 quemquam
1416 1204 1501 1230 esse

173 1288 240 1339 qui
260 1286 314 1326 rei
342 1281 519 1334 capitalis
547 1278 834 1316 condemnatus
866 1276 977 1313 esset,
1009 1265 1132 1315 egisse
1161 1273 1319 1299 causam
1352 1255 1501 1302 Stheni,

174 1362 223 1401 et,
253 1364 343 1390 cum
370 1349 423 1387 ita
447 1358 528 1384 rem
558 1340 825 1393 exposuissem
854 1347 972 1384 quem
1000 1333 1050 1369 ad
1079 1329 1244 1367 modum
1270 1336 1377 1362 nunc
1397 1321 1504 1370 apud

175 1431 255 1464 VOS,
279 1413 584 1459 docuissemque
604 1408 706 1444 hanc
731 1399 1026 1442 damnationem
1049 1392 1139 1432 duci
1162 1404 1241 1429 non
1263 1395 1454 1438 oportere,
1477 1396 1505 1422 x

176 1483 356 1522 tribunos
389 1476 515 1527 plebis
550 1475 627 1510 hoc
655 1468 849 1511 statuisse,
873 1464 993 1511 idque
1024 1461 1074 1497 de
1104 1454 1282 1495 omnium
1313 1449 1507 1489 sententia
1528 1459 1567 1482 20

177 1543 475 1598 pronuntiatum
493 1551 589 1584 esse,
607 1536 705 1574 NON
727 1540 872 1569 VIDERI
896 1528 1119 1565 STHENIVM
1143 1524 1509 1558 131PED1R1ED1CTO

180 1622 262 1656 Qvo
292 1618 423 1647 MINVS
451 1617 489 1643 EI
515 1605 670 1641 ROMAE
695 1606 871 1636 LICERET
900 1603 1004 1630 ESSE.
1067 1588 1170 1626 Cum
1191 1585 1290 1621 haec
1316 1581 1367 1619 ad
1392 1579 1511 1617 istum

180 1677 433 1718 adferrentur,
466 1665 667 1720 pertimuit
696 1659 911 1711 aliquando
947 1663 984 1694 et
1021 1658 1245 1691 commotus
1278 1654 1362 1693 est,
1399 1642 1513 1682 vertit

183 1740 313 1778 stilum
353 1738 392 1774 in
432 1732 574 1772 tabulis
614 1729 706 1775 suis,
738 1737 817 1776 quo
849 1724 954 1760 facto
988 1728 1146 1756 causam
1182 1723 1343 1751 omnem
1376 1707 1513 1747 evertit

184 1817 294 1843 suam
313 1818 321 1849 ;
359 1800 456 1839 nihil
488 1797 592 1836 enim
633 1792 705 1831 sibi
741 1787 878 1838 reliqui
911 1784 1003 1824 fecit
1042 1781 1150 1831 quod
1189 1774 1348 1815 defendi
1383 1772 1513 1821 aliqua
1534 1782 1573 1814 25

186 1869 334 1907 ratione
373 1871 516 1915 posset.
578 1861 682 1898 Nam
721 1855 752 1893 si
787 1854 840 1891 ita
878 1849 1117 1890 defenderet,
1163 1838 1328 1890 ‘Recipi
1367 1848 1514 1875 nomen

187 1930 360 1971 absentis
389 1928 505 1973 licet;
534 1927 611 1962 hoc
643 1920 722 1960 fieri
751 1919 790 1956 in
822 1912 1022 1966 provincia
1047 1910 1153 1948 nulla
1183 1908 1245 1944 lex
1264 1903 1393 1949 vetat‚’
1415 1900 1518 1938 mala

190 2007 227 2036 et
257 1994 437 2045 improba
466 1988 707 2031 defensione,
741 1994 873 2020 verum
900 1978 1030 2027 aliqua
1055 1982 1187 2011 tamen
1218 1968 1274 2006 uti
1299 1966 1519 2010 videretur3

193 2068 390 2110 postremo
416 2057 482 2094 illo
510 2048 827 2102 desperatissimo
854 2040 1031 2094 perfugio
1057 2037 1112 2075 uti
1139 2040 1282 2085 posset,
1310 2043 1351 2068 se
1378 2028 1520 2078 impru-

1499 489 1516 520 <D

242 2173 251 2191 r
281 2157 497 2191 condemnari
518 2153 557 2185 Ο1
697 2150 717 2180 8
742 2149 791 2179 lta
812 2146 851 2177 0¹
1005 2150 1040 2171 11
1069 2138 1123 2169 isti
1139 2136 1268 2175 Kayser
1412 2129 1454 2159 18
1476 2127 1522 2158 ita

196 2215 265 2236 rem
287 2204 369 2243 Vqr:
400 2210 470 2231 rem
488 2200 532 2229 ita
551 2196 622 2237 Opb
639 2196 671 2234 (ξ
695 2195 725 2231 1)
852 2198 894 2218 20
917 2186 958 2216 de
980 2182 1064 2214 VcO¹
1084 2193 1090 2212 :
1115 2191 1180 2209 om.
1203 2183 1227 2217 p
1250 2175 1312 2206 rell.
1480 2180 1523 2200 22

200 2250 329 2279 Romae
346 2246 463 2275 liceret
485 2241 545 2272 VO
563 2252 569 2270 :
593 2239 713 2268 liceret
732 2235 863 2266 Romae
877 2236 900 2270 p
920 2228 986 2259 rell.
1164 2231 1206 2260 23
1231 2216 1403 2259 pertimuit
1423 2213 1498 2244 VcO
1516 2224 1523 2242 :

199 2290 344 2328 timuitp
362 2287 422 2317 rell.
572 2283 615 2313 26
640 2278 768 2318 Recepi
787 2284 910 2306 nomen
927 2269 1076 2302 absentis
1094 2278 1101 2305 ;
1125 2265 1205 2295 licet
1220 2263 1285 2293 hoc
1303 2260 1376 2290 fieri
1393 2259 1427 2288 in
1446 2265 1523 2296 pro—

201 2333 319 2371 vincia,
340 2329 431 2360 nulla
456 2328 511 2358 lex
536 2330 628 2355 vetat
650 2323 718 2362 qu
867 2326 911 2355 29
934 2313 990 2344 illo
1012 2311 1059 2351 Vp
1075 2308 1140 2340 rell.
1163 2319 1169 2338 :
1201 2305 1257 2336 illo
1274 2310 1387 2334 tamen
1406 2301 1476 2340 (t'r'r)
1496 2297 1526 2328 O

198 2382 251 2417 pr.
268 2387 275 2406 t
299 2379 411 2405 tamen
431 2370 489 2401 illo
506 2379 583 2399 corr.
603 2377 647 2395 m.
672 2376 684 2393 1
777 2361 823 2391 uti
841 2356 997 2398 profugio
1013 2353 1031 2383 b
