1600 2704
33 494 50 526 5

12 817 49 840 10

7 1465 46 1488 20

29 1779 265 1828 -quendum
296 1778 540 1817 vehementis
576 1779 667 1824 fore,
706 1785 744 1817 et
779 1791 848 1816 vos
880 1790 1018 1816 eorum
1058 1778 1216 1817 iniurias
1259 1779 1394 1818 leviter

75 111 344 152 ACT10N1s
363 112 424 150 IN
445 112 491 151 c.
512 111 754 149 VERREM
777 112 1078 151 SECVNDAE
1100 115 1204 152 LIB.
1229 115 1294 151 111
1320 151 1324 154 ,
1352 123 1402 161 23
1425 118 1465 160 56
1520 103 1526 106 ·
1551 86 1575 112 ·³'
1590 84 1600 103 ⁴

73 222 172 261 lidas
192 229 250 260 est
271 223 447 272 Grospus
468 220 763 271 Centuripinus,
786 221 908 260 homo
929 234 1020 259 cum
1041 221 1182 261 virtute
1203 231 1241 261 et
1263 223 1399 261 nobili-

72 294 151 325 tate
171 286 280 325 domi
300 299 404 333 suae,
427 293 511 325 tum
532 285 650 325 etiam
671 285 838 336 pecunia
859 285 1052 337 princeps.
1106 286 1214 324 Huic
1236 287 1398 334 homini,

72 350 232 403 iudices,
255 350 556 391 honestissimae
582 350 748 389 civitatis
776 349 1056 390 honestissimo
1080 363 1161 389 non
1185 352 1307 390 modo
1329 353 1402 389 fru-

72 415 194 454 menti
223 415 363 455 scitote
386 416 456 454 sed
483 414 601 454 etiam
621 414 723 454 vitae
748 422 787 453 et
814 414 1014 465 sanguinis
1044 422 1196 454 tantum
1222 415 1400 455 relictum

70 491 157 520 esse
198 487 390 531 quantum
430 479 581 529 Aproni
620 479 745 518 libido
786 479 873 518 tulit
890 494 900 527 3
945 492 1037 518 nam
1070 479 1106 518 vi
1140 481 1244 519 malo
1278 481 1402 531 plagis

71 546 266 585 adductus
287 552 345 584 est
373 552 416 583 ut
445 543 630 584 frumenti
657 545 778 592 daret,
802 557 882 583 non
919 552 1111 594 quantum
1135 546 1308 593 deberet,
1332 548 1401 585 sed

70 617 262 660 quantum
296 617 509 660 cogeretur.
571 611 766 650 Sostratus
802 617 841 648 et
875 609 1097 648 Numenius
1129 618 1167 649 et
1198 612 1402 662 Nympho·
1427 620 1466 655 57

69 675 188 713 dorus
209 674 386 714 eiusdem
417 674 583 713 civitatis
614 688 705 713 cum
731 688 777 713 ex
803 674 903 724 agris
935 682 1010 713 tres
1044 676 1177 714 fratres
1199 684 1401 716 consortes

68 738 340 789 profugissent,
381 739 490 789 quod
530 738 575 777 iis
614 740 701 789 plus
741 738 925 778 frumenti
968 739 1232 790 imperabatur
1281 754 1399 791 quam

67 811 260 854 quantum
290 811 501 850 exararant,
534 803 763 842 hominibus
794 803 939 842 coactis
973 803 1013 841 in
1044 817 1179 843 eorum
1207 805 1401 845 arationes

67 868 266 919 Apronius
305 868 421 916 venit,
464 881 583 907 omne
632 868 938 907 instrumentum
988 868 1158 919 diripuit,
1212 870 1399 908 familiam

66 933 241 981 abduxit,
264 947 384 984 pecus
411 934 552 983 abegit.
614 935 756 972 Postea
781 946 871 971 curn
892 934 943 972 ad
969 947 1060 972 eum
1087 936 1399 984 Nymphodorus

66 997 236 1037 venisset
255 1001 428 1038 Aetnam
448 1006 487 1038 et
514 1005 641 1037 oraret
670 1007 712 1037 ut
739 998 813 1037 sibi
843 1012 913 1037 sua
945 999 1249 1046 restituerentur,
1275 1000 1399 1039 horni-

65 1077 158 1102 nem
189 1063 330 1115 corripi
364 1077 410 1102 ac
445 1063 633 1114 suspendi
669 1063 779 1102 iussit
811 1063 849 1101 in
878 1065 1046 1103 oleastro
1076 1065 1263 1114 quodam,
1295 1078 1396 1115 quae

65 1136 124 1167 est
152 1129 277 1177 arbor,
305 1128 466 1175 iudices,
497 1131 650 1168 Aetnae
680 1128 719 1167 in
749 1130 844 1168 foro.
905 1130 1004 1166 Tam
1036 1129 1104 1168 diu
1136 1130 1325 1180 pependit
1357 1130 1395 1167 in

64 1194 203 1233 arbore
232 1193 361 1233 socius
390 1193 621 1244 amicusque
650 1193 786 1244 populi
819 1193 990 1232 Romani
1021 1194 1060 1232 in
1082 1195 1279 1234 sociorum
1301 1195 1397 1234 urbe

64 1270 110 1297 ac
130 1259 226 1307 foro,
249 1259 414 1298 colonus
434 1266 641 1309 aratorque
663 1266 799 1305 vester,
824 1271 944 1308 quam
965 1258 1032 1297 diu
1048 1260 1228 1298 voluntas
1243 1260 1395 1311 Aproni

65 1323 161 1362 tulit.

119 1390 274 1428 Genera
303 1388 380 1427 iam
410 1390 563 1428 dudum
594 1388 943 1428 innumerabilium
966 1389 1205 1436 iniuriarum,
1231 1390 1392 1437 iudices,
1422 1398 1461 1438 58

64 1453 225 1504 singulis
245 1453 473 1493 nominibus
494 1454 660 1504 profero,
693 1453 887 1492 infinitam
918 1454 1211 1493 multitudinem
1243 1455 1397 1494 iniuria-

63 1532 149 1558 rum
196 1519 474 1570 praetermitto.
534 1520 617 1558 Vos
666 1526 757 1557 ante
797 1520 934 1557 oculos
972 1518 1207 1570 animosque
1247 1528 1395 1559 vestros

62 1590 145 1622 tota
165 1583 295 1622 Sicilia
308 1585 621 1623 decumanorum
635 1585 708 1621 hos
726 1583 907 1633 impetus,
924 1592 1120 1623 aratorum
1139 1584 1390 1635 direptiones,

61 1648 177 1687 huius
216 1648 565 1699 importunitatem,
607 1647 760 1698 Aproni
800 1661 964 1699 regnum
1004 1649 1224 1700 proponite.
1290 1651 1393 1690 Con-

61 1713 219 1764 tempsit
251 1712 428 1760 Siculos;
459 1726 539 1752 non
573 1713 685 1752 duxit
717 1713 899 1752 homines
935 1726 1008 1752 nec
1045 1713 1151 1763 ipsos
1183 1715 1233 1753 ad
1269 1728 1394 1765 perse-

59 1844 205 1882 laturos
221 1842 464 1881 existimavit.
528 1844 624 1882 Esto
642 1858 651 1891 ;
681 1844 818 1882 falsam
834 1844 885 1883 de
901 1842 975 1882 illis
992 1844 1129 1882 habuit
1148 1844 1390 1894 opinionem,
1415 1827 1468 1894 34

59 1908 203 1946 malam
224 1908 274 1946 de
294 1908 405 1946 vobis
424 1923 433 1955 3
463 1921 597 1947 verum
619 1916 763 1956 tamen,
786 1922 877 1947 cum
903 1910 954 1948 de
982 1908 1122 1947 Siculis
1151 1911 1252 1947 male
1274 1922 1392 1947 mere·
1417 1888 1457 1918 ³⁹

58 1979 172 2019 retur,
195 1971 290 2010 civis
321 1973 526 2011 Romanos
552 1972 684 2020 coluit,
706 1973 753 2011 iis
780 1972 955 2021 indulsit,
979 1986 1116 2012 eorum
1139 1972 1331 2011 voluntati
1355 1981 1394 2012 et

57 2036 202 2086 gratiae
231 2036 388 2076 deditus
421 2037 502 2075 fuit.
564 2038 644 2076 Iste
674 2036 769 2076 civis
800 2038 1036 2076 Romanos?
1093 2039 1147 2076 At
1178 2037 1293 2076 nullis
1326 2037 1395 2076 ini-

105 2151 118 2171 1
145 2141 302 2181 Grospus
324 2141 375 2173 V:
401 2152 541 2182 graspus
561 2141 611 2173 O:
635 2141 804 2182 grosphus
815 2147 841 2182 p
974 2151 994 2181 3
1018 2141 1150 2174 honest.
1169 2142 1229 2174 civ.
1251 2151 1316 2173 om.
1341 2142 1374 2172 V
1385 2155 1393 2181 ;

57 2192 88 2224 v,
108 2187 123 2222 ξ
144 2193 204 2223 117
225 2184 324 2226 (Am.
340 2185 377 2224 J.
398 2184 461 2216 Plz.
482 2186 572 2216 xxvi.
590 2187 668 2224 4311]
803 2196 822 2224 4
847 2185 947 2217 etiam
965 2184 1033 2216 cO:
1057 2196 1124 2217 om.
1149 2185 1258 2216 Vrell.
1283 2186 1338 2226 (ἐξ
1362 2196 1388 2225 1,

58 2236 99 2266 23
113 2228 231 2269 supra)
377 2230 399 2260 6
422 2228 561 2259 deberet
580 2228 652 2259 Onk
670 2240 676 2259 :
700 2228 803 2259 vellet
823 2228 873 2260 V:
896 2230 1034 2260 haberet
1051 2231 1068 2259 δ
1210 2239 1231 2268 9
1255 2228 1308 2260 his
1332 2228 1393 2260 VO

61 2279 98 2300 12
122 2281 197 2302 cum
221 2270 302 2305 VO:
327 2281 426 2312 quam
445 2271 510 2302 rell.
621 2281 657 2311 17
682 2277 800 2303 noster
818 2271 849 2303 O
867 2272 898 2312 (ξ
917 2274 958 2311 64
975 2272 1080 2312 infra)
1196 2282 1235 2311 19
1260 2283 1391 2313 genera

55 2314 159 2346 codd:
184 2320 280 2346 suma
293 2315 487 2355 (summam)
504 2315 534 2346 O
546 2315 598 2357 (cf.
613 2315 635 2354 i,
651 2318 666 2353 ξ
681 2325 742 2346 110
758 2315 832 2355 gfiis
850 2316 1017 2356 (generis)
1035 2314 1083 2347 S:
1109 2315 1191 2347 iuris
1213 2315 1256 2358 V)
1348 2326 1391 2355 25

56 2357 192 2389 iniurias
209 2369 326 2390 eorum
348 2358 380 2387 V

101 2410 162 2433 cre.
179 2411 258 2433 van.
1260 2403 1299 2434 15
