<?xml version="1.0" encoding="UTF-8"?>
<!DOCTYPE html PUBLIC "-//W3C//DTD XHTML 1.0 Transitional//EN"
    "http://www.w3.org/TR/xhtml1/DTD/xhtml1-transitional.dtd">
<html xmlns="http://www.w3.org/1999/xhtml" xml:lang="en" lang="en">
 <head>
  <title>
</title>
<meta http-equiv="Content-Type" content="text/html;charset=utf-8" />
  <meta name='ocr-system' content='tesseract 3.04.00' />
  <meta name='ocr-capabilities' content='ocr_page ocr_carea ocr_par ocr_line ocrx_word'/>
</head>
<body>
  <div class='ocr_page' id='page_1' title='image "./orationesrecogno02ciceuoft/orationesrecogno02ciceuoft_0256.png"; bbox 0 0 1600 2704; ppageno 0'>
   <div class='ocr_carea' id='block_1_1' title="bbox 139 101 167 138">
    <p class='ocr_par' dir='ltr' id='par_1_1' title="bbox 139 101 167 138">
     <span class='ocr_line' id='line_1_1' title="bbox 139 101 167 138; baseline 0 -10"><span class='ocrx_word' id='word_1_1' title='bbox 139 101 167 138; x_wconf 91' lang='lat'><strong>4</strong></span> 
     </span>
    </p>
   </div>
   <div class='ocr_carea' id='block_1_2' title="bbox 146 413 164 443">
    <p class='ocr_par' dir='ltr' id='par_1_2' title="bbox 146 413 164 443">
     <span class='ocr_line' id='line_1_2' title="bbox 146 413 164 443; baseline 0 0"><span class='ocrx_word' id='word_1_2' title='bbox 146 413 164 443; x_wconf 90' lang='lat'>9</span> 
     </span>
    </p>
   </div>
   <div class='ocr_carea' id='block_1_3' title="bbox 143 1287 167 1323">
    <p class='ocr_par' dir='ltr' id='par_1_3' title="bbox 143 1287 167 1323">
     <span class='ocr_line' id='line_1_3' title="bbox 143 1287 167 1323; baseline 0 0"><span class='ocrx_word' id='word_1_3' title='bbox 143 1287 167 1323; x_wconf 91' lang='lat'>5</span> 
     </span>
    </p>
   </div>
   <div class='ocr_carea' id='block_1_4' title="bbox 129 1346 166 1368">
    <p class='ocr_par' dir='ltr' id='par_1_4' title="bbox 129 1346 166 1368">
     <span class='ocr_line' id='line_1_4' title="bbox 129 1346 166 1368; baseline 0 0"><span class='ocrx_word' id='word_1_4' title='bbox 129 1346 166 1368; x_wconf 87' lang='lat'>10</span> 
     </span>
    </p>
   </div>
   <div class='ocr_carea' id='block_1_5' title="bbox 185 93 1144 133">
    <p class='ocr_par' dir='ltr' id='par_1_5' title="bbox 185 93 1144 133">
     <span class='ocr_line' id='line_1_5' title="bbox 185 93 1144 133; baseline 0.001 -4"><span class='ocrx_word' id='word_1_5' title='bbox 185 100 202 129; x_wconf 86' lang='lat' dir='ltr'>S</span> <span class='ocrx_word' id='word_1_6' title='bbox 549 95 603 131; x_wconf 91' lang='lat' dir='ltr'>M.</span> <span class='ocrx_word' id='word_1_7' title='bbox 637 94 805 131; x_wconf 92' lang='lat' dir='ltr'>TVLLI</span> <span class='ocrx_word' id='word_1_8' title='bbox 838 93 1144 133; x_wconf 87' lang='lat' dir='ltr'>CICERONIS</span> 
     </span>
    </p>
   </div>
   <div class='ocr_carea' id='block_1_6' title="bbox 184 204 1514 450">
    <p class='ocr_par' dir='ltr' id='par_1_6' title="bbox 184 204 1514 450">
     <span class='ocr_line' id='line_1_6' title="bbox 185 204 1514 257; baseline 0.001 -14"><span class='ocrx_word' id='word_1_9' title='bbox 185 207 291 244; x_wconf 88' lang='lat' dir='ltr'>solus</span> <span class='ocrx_word' id='word_1_10' title='bbox 316 204 576 245; x_wconf 83' lang='lat' dir='ltr'>introducitur</span> <span class='ocrx_word' id='word_1_11' title='bbox 589 221 600 255; x_wconf 81' lang='lat'>3</span> <span class='ocrx_word' id='word_1_12' title='bbox 629 206 747 245; x_wconf 88' lang='lat' dir='ltr'>ceteri</span> <span class='ocrx_word' id='word_1_13' title='bbox 771 219 889 257; x_wconf 82' lang='lat' dir='ltr'>saepe</span> <span class='ocrx_word' id='word_1_14' title='bbox 912 204 1161 255; x_wconf 81' lang='lat' dir='ltr'>frugalissimi</span> <span class='ocrx_word' id='word_1_15' title='bbox 1184 205 1367 245; x_wconf 90' lang='lat' dir='ltr'>homines</span> <span class='ocrx_word' id='word_1_16' title='bbox 1388 208 1514 244; x_wconf 86' lang='lat' dir='ltr'>exclu-</span> 
     </span>
     <span class='ocr_line' id='line_1_7' title="bbox 184 269 1513 321; baseline 0 -13"><span class='ocrx_word' id='word_1_17' title='bbox 184 271 340 308; x_wconf 90' lang='lat' dir='ltr'>duntur.</span> <span class='ocrx_word' id='word_1_18' title='bbox 402 272 460 308; x_wconf 85' lang='lat' dir='ltr'>Ex</span> <span class='ocrx_word' id='word_1_19' title='bbox 488 284 568 321; x_wconf 92' lang='lat' dir='ltr'>quo</span> <span class='ocrx_word' id='word_1_20' title='bbox 598 270 769 320; x_wconf 75' lang='lat' dir='ltr'>intellegi</span> <span class='ocrx_word' id='word_1_21' title='bbox 794 277 923 320; x_wconf 90' lang='lat' dir='ltr'>potest</span> <span class='ocrx_word' id='word_1_22' title='bbox 949 283 1017 308; x_wconf 88' lang='lat' dir='ltr'>eos</span> <span class='ocrx_word' id='word_1_23' title='bbox 1041 270 1154 308; x_wconf 93' lang='lat' dir='ltr'>vobis</span> <span class='ocrx_word' id='word_1_24' title='bbox 1181 283 1267 309; x_wconf 85' lang='lat' dir='ltr'>esse</span> <span class='ocrx_word' id='word_1_25' title='bbox 1292 269 1513 309; x_wconf 87' lang='lat' dir='ltr'>carissimos</span> 
     </span>
     <span class='ocr_line' id='line_1_8' title="bbox 186 334 1513 384; baseline 0.001 -12"><span class='ocrx_word' id='word_1_26' title='bbox 186 334 252 383; x_wconf 90' lang='lat' dir='ltr'>qui</span> <span class='ocrx_word' id='word_1_27' title='bbox 291 335 344 372; x_wconf 87' lang='lat' dir='ltr'>ita</span> <span class='ocrx_word' id='word_1_28' title='bbox 382 334 545 374; x_wconf 80' lang='lat' dir='ltr'>vixerint</span> <span class='ocrx_word' id='word_1_29' title='bbox 585 343 626 373; x_wconf 87' lang='lat' dir='ltr'>ut</span> <span class='ocrx_word' id='word_1_30' title='bbox 666 335 749 373; x_wconf 82' lang='lat' dir='ltr'>sine</span> <span class='ocrx_word' id='word_1_31' title='bbox 788 342 917 373; x_wconf 90' lang='lat' dir='ltr'>vestro</span> <span class='ocrx_word' id='word_1_32' title='bbox 955 334 1152 384; x_wconf 89' lang='lat' dir='ltr'>praesidio</span> <span class='ocrx_word' id='word_1_33' title='bbox 1186 334 1281 373; x_wconf 87' lang='lat' dir='ltr'>salvi</span> <span class='ocrx_word' id='word_1_34' title='bbox 1312 348 1398 373; x_wconf 90' lang='lat' dir='ltr'>esse</span> <span class='ocrx_word' id='word_1_35' title='bbox 1432 348 1513 373; x_wconf 90' lang='lat' dir='ltr'>non</span> 
     </span>
     <span class='ocr_line' id='line_1_9' title="bbox 185 399 1512 450; baseline 0 -13"><span class='ocrx_word' id='word_1_36' title='bbox 185 399 347 448; x_wconf 80' lang='lat' dir='ltr'><strong>possint.</strong></span> <span class='ocrx_word' id='word_1_37' title='bbox 408 400 547 448; x_wconf 86' lang='lat' dir='ltr'>Quid?</span> <span class='ocrx_word' id='word_1_38' title='bbox 575 401 651 438; x_wconf 95' lang='lat' dir='ltr'>hoc</span> <span class='ocrx_word' id='word_1_39' title='bbox 672 400 857 450; x_wconf 80' lang='lat' dir='ltr'>cuiquam</span> <span class='ocrx_word' id='word_1_40' title='bbox 882 400 1088 438; x_wconf 87' lang='lat' dir='ltr'>ferendum</span> <span class='ocrx_word' id='word_1_41' title='bbox 1107 406 1223 450; x_wconf 89' lang='lat' dir='ltr'>putas</span> <span class='ocrx_word' id='word_1_42' title='bbox 1247 412 1343 446; x_wconf 84' lang='lat' dir='ltr'>esse,</span> <span class='ocrx_word' id='word_1_43' title='bbox 1365 412 1439 437; x_wconf 93' lang='lat' dir='ltr'>nos</span> <span class='ocrx_word' id='word_1_44' title='bbox 1459 399 1512 437; x_wconf 84' lang='lat' dir='ltr'>ita</span> 
     </span>
    </p>
   </div>
   <div class='ocr_carea' id='block_1_7' title="bbox 184 463 1550 515">
    <p class='ocr_par' dir='ltr' id='par_1_7' title="bbox 184 463 1550 515">
     <span class='ocr_line' id='line_1_10' title="bbox 184 463 1550 515; baseline 0.001 -15"><span class='ocrx_word' id='word_1_45' title='bbox 184 463 313 502; x_wconf 79' lang='lat' dir='ltr'>vivere</span> <span class='ocrx_word' id='word_1_46' title='bbox 340 464 379 502; x_wconf 90' lang='lat' dir='ltr'>in</span> <span class='ocrx_word' id='word_1_47' title='bbox 407 464 574 515; x_wconf 88' lang='lat' dir='ltr'>pecunia</span> <span class='ocrx_word' id='word_1_48' title='bbox 595 464 703 503; x_wconf 89' lang='lat' dir='ltr'>tenui</span> <span class='ocrx_word' id='word_1_49' title='bbox 730 473 772 503; x_wconf 90' lang='lat' dir='ltr'>ut</span> <span class='ocrx_word' id='word_1_50' title='bbox 799 478 955 515; x_wconf 87' lang='lat' dir='ltr'>prorsus</span> <span class='ocrx_word' id='word_1_51' title='bbox 982 464 1079 503; x_wconf 91' lang='lat' dir='ltr'>nihil</span> <span class='ocrx_word' id='word_1_52' title='bbox 1108 463 1314 514; x_wconf 83' lang='lat' dir='ltr'>adquirere</span> <span class='ocrx_word' id='word_1_53' title='bbox 1333 464 1510 511; x_wconf 88' lang='lat' dir='ltr'>velimus,</span> <span class='ocrx_word' id='word_1_54' title='bbox 1533 474 1550 506; x_wconf 87' lang='lat'>5</span> 
     </span>
    </p>
   </div>
   <div class='ocr_carea' id='block_1_8' title="bbox 182 528 1516 2064">
    <p class='ocr_par' dir='ltr' id='par_1_8' title="bbox 184 528 1516 1287">
     <span class='ocr_line' id='line_1_11' title="bbox 185 528 1513 579; baseline 0.001 -13"><span class='ocrx_word' id='word_1_55' title='bbox 185 536 227 566; x_wconf 92' lang='lat' dir='ltr'>ut</span> <span class='ocrx_word' id='word_1_56' title='bbox 257 528 488 578; x_wconf 82' lang='lat' dir='ltr'>dignitatem</span> <span class='ocrx_word' id='word_1_57' title='bbox 524 538 698 567; x_wconf 81' lang='lat' dir='ltr'>nostram</span> <span class='ocrx_word' id='word_1_58' title='bbox 732 529 950 579; x_wconf 83' lang='lat' dir='ltr'>populique</span> <span class='ocrx_word' id='word_1_59' title='bbox 989 528 1162 568; x_wconf 90' lang='lat' dir='ltr'>Romani</span> <span class='ocrx_word' id='word_1_60' title='bbox 1200 528 1393 567; x_wconf 88' lang='lat' dir='ltr'>beneficia</span> <span class='ocrx_word' id='word_1_61' title='bbox 1432 541 1513 567; x_wconf 90' lang='lat' dir='ltr'>non</span> 
     </span>
     <span class='ocr_line' id='line_1_12' title="bbox 187 592 1515 642; baseline 0.002 -12"><span class='ocrx_word' id='word_1_62' title='bbox 187 593 308 642; x_wconf 85' lang='lat' dir='ltr'>copiis</span> <span class='ocrx_word' id='word_1_63' title='bbox 340 594 409 631; x_wconf 87' lang='lat' dir='ltr'>sed</span> <span class='ocrx_word' id='word_1_64' title='bbox 438 593 578 631; x_wconf 75' lang='lat' dir='ltr'>virtute</span> <span class='ocrx_word' id='word_1_65' title='bbox 605 601 796 641; x_wconf 88' lang='lat' dir='ltr'>tueamur,</span> <span class='ocrx_word' id='word_1_66' title='bbox 828 593 946 631; x_wconf 91' lang='lat' dir='ltr'>istum</span> <span class='ocrx_word' id='word_1_67' title='bbox 976 593 1092 632; x_wconf 89' lang='lat' dir='ltr'>rebus</span> <span class='ocrx_word' id='word_1_68' title='bbox 1122 592 1308 632; x_wconf 87' lang='lat' dir='ltr'>omnibus</span> <span class='ocrx_word' id='word_1_69' title='bbox 1337 593 1515 642; x_wconf 87' lang='lat' dir='ltr'>undique</span> 
     </span>
     <span class='ocr_line' id='line_1_13' title="bbox 186 657 1516 707; baseline 0.002 -13"><span class='ocrx_word' id='word_1_70' title='bbox 186 657 327 706; x_wconf 89' lang='lat' dir='ltr'>ereptis</span> <span class='ocrx_word' id='word_1_71' title='bbox 360 657 521 706; x_wconf 89' lang='lat' dir='ltr'>impune</span> <span class='ocrx_word' id='word_1_72' title='bbox 555 659 782 696; x_wconf 87' lang='lat' dir='ltr'>eludentem</span> <span class='ocrx_word' id='word_1_73' title='bbox 820 657 1090 696; x_wconf 89' lang='lat' dir='ltr'>circumfluere</span> <span class='ocrx_word' id='word_1_74' title='bbox 1128 665 1247 707; x_wconf 89' lang='lat' dir='ltr'>atque</span> <span class='ocrx_word' id='word_1_75' title='bbox 1284 658 1516 696; x_wconf 83' lang='lat' dir='ltr'>abundare?</span> 
     </span>
     <span class='ocr_line' id='line_1_14' title="bbox 186 721 1516 772; baseline 0.001 -13"><span class='ocrx_word' id='word_1_76' title='bbox 186 722 301 760; x_wconf 84' lang='lat' dir='ltr'>huius</span> <span class='ocrx_word' id='word_1_77' title='bbox 321 730 483 771; x_wconf 85' lang='lat' dir='ltr'>argento</span> <span class='ocrx_word' id='word_1_78' title='bbox 512 721 689 761; x_wconf 89' lang='lat' dir='ltr'>dominia</span> <span class='ocrx_word' id='word_1_79' title='bbox 709 729 849 769; x_wconf 86' lang='lat' dir='ltr'>vestra,</span> <span class='ocrx_word' id='word_1_80' title='bbox 869 721 985 761; x_wconf 89' lang='lat' dir='ltr'>huius</span> <span class='ocrx_word' id='word_1_81' title='bbox 1013 721 1132 772; x_wconf 90' lang='lat' dir='ltr'>signis</span> <span class='ocrx_word' id='word_1_82' title='bbox 1152 729 1189 760; x_wconf 92' lang='lat' dir='ltr'>et</span> <span class='ocrx_word' id='word_1_83' title='bbox 1217 721 1360 760; x_wconf 90' lang='lat' dir='ltr'>tabulis</span> <span class='ocrx_word' id='word_1_84' title='bbox 1388 723 1516 760; x_wconf 88' lang='lat' dir='ltr'>forum</span> 
     </span>
     <span class='ocr_line' id='line_1_15' title="bbox 185 786 1515 836; baseline 0.002 -13"><span class='ocrx_word' id='word_1_85' title='bbox 185 786 472 836; x_wconf 79' lang='lat' dir='ltr'>comitiumque</span> <span class='ocrx_word' id='word_1_86' title='bbox 501 786 639 834; x_wconf 82' lang='lat' dir='ltr'>ornari,</span> <span class='ocrx_word' id='word_1_87' title='bbox 671 786 898 836; x_wconf 88' lang='lat' dir='ltr'>praesertim</span> <span class='ocrx_word' id='word_1_88' title='bbox 927 799 1018 825; x_wconf 91' lang='lat' dir='ltr'>cum</span> <span class='ocrx_word' id='word_1_89' title='bbox 1042 799 1111 825; x_wconf 90' lang='lat' dir='ltr'>vos</span> <span class='ocrx_word' id='word_1_90' title='bbox 1138 794 1267 825; x_wconf 88' lang='lat' dir='ltr'>vestro</span> <span class='ocrx_word' id='word_1_91' title='bbox 1298 787 1427 825; x_wconf 86' lang='lat' dir='ltr'>Marte</span> <span class='ocrx_word' id='word_1_92' title='bbox 1455 787 1515 825; x_wconf 88' lang='lat' dir='ltr'>his</span> 
     </span>
     <span class='ocr_line' id='line_1_16' title="bbox 186 850 1516 900; baseline 0.001 -12"><span class='ocrx_word' id='word_1_93' title='bbox 186 852 301 889; x_wconf 89' lang='lat' dir='ltr'>rebus</span> <span class='ocrx_word' id='word_1_94' title='bbox 331 851 517 890; x_wconf 90' lang='lat' dir='ltr'>omnibus</span> <span class='ocrx_word' id='word_1_95' title='bbox 539 851 781 890; x_wconf 85' lang='lat' dir='ltr'>abundetis?</span> <span class='ocrx_word' id='word_1_96' title='bbox 836 853 1000 890; x_wconf 89' lang='lat' dir='ltr'>Verrem</span> <span class='ocrx_word' id='word_1_97' title='bbox 1028 864 1113 890; x_wconf 89' lang='lat' dir='ltr'>esse</span> <span class='ocrx_word' id='word_1_98' title='bbox 1142 850 1209 900; x_wconf 93' lang='lat' dir='ltr'>qui</span> <span class='ocrx_word' id='word_1_99' title='bbox 1236 857 1382 890; x_wconf 90' lang='lat' dir='ltr'>vestras</span> <span class='ocrx_word' id='word_1_100' title='bbox 1406 851 1516 889; x_wconf 83' lang='lat' dir='ltr'>villas</span> 
     </span>
     <span class='ocr_line' id='line_1_17' title="bbox 186 914 1516 965; baseline 0.002 -13"><span class='ocrx_word' id='word_1_101' title='bbox 186 915 264 953; x_wconf 78' lang='lat' dir='ltr'>suis</span> <span class='ocrx_word' id='word_1_102' title='bbox 294 914 491 953; x_wconf 86' lang='lat' dir='ltr'>manubiis</span> <span class='ocrx_word' id='word_1_103' title='bbox 520 917 661 954; x_wconf 89' lang='lat' dir='ltr'>ornet?</span> <span class='ocrx_word' id='word_1_104' title='bbox 716 917 879 954; x_wconf 84' lang='lat' dir='ltr'>Verrem</span> <span class='ocrx_word' id='word_1_105' title='bbox 908 928 994 954; x_wconf 90' lang='lat' dir='ltr'>esse</span> <span class='ocrx_word' id='word_1_106' title='bbox 1023 914 1090 965; x_wconf 89' lang='lat' dir='ltr'>qui</span> <span class='ocrx_word' id='word_1_107' title='bbox 1119 928 1211 952; x_wconf 90' lang='lat' dir='ltr'>cum</span> <span class='ocrx_word' id='word_1_108' title='bbox 1241 916 1283 952; x_wconf 93' lang='lat' dir='ltr'>L.</span> <span class='ocrx_word' id='word_1_109' title='bbox 1318 916 1516 954; x_wconf 89' lang='lat' dir='ltr'>Mummio</span> 
     </span>
     <span class='ocr_line' id='line_1_18' title="bbox 186 978 1514 1029; baseline 0 -12"><span class='ocrx_word' id='word_1_110' title='bbox 186 987 316 1026; x_wconf 87' lang='lat' dir='ltr'>certet,</span> <span class='ocrx_word' id='word_1_111' title='bbox 354 987 395 1017; x_wconf 91' lang='lat' dir='ltr'>ut</span> <span class='ocrx_word' id='word_1_112' title='bbox 435 979 555 1029; x_wconf 87' lang='lat' dir='ltr'>pluris</span> <span class='ocrx_word' id='word_1_113' title='bbox 595 978 658 1018; x_wconf 86' lang='lat' dir='ltr'>hic</span> <span class='ocrx_word' id='word_1_114' title='bbox 699 979 895 1018; x_wconf 81' lang='lat' dir='ltr'>sociorum</span> <span class='ocrx_word' id='word_1_115' title='bbox 934 979 1041 1017; x_wconf 88' lang='lat' dir='ltr'>urbis</span> <span class='ocrx_word' id='word_1_116' title='bbox 1080 992 1200 1028; x_wconf 88' lang='lat' dir='ltr'>quam</span> <span class='ocrx_word' id='word_1_117' title='bbox 1239 978 1304 1017; x_wconf 93' lang='lat' dir='ltr'>ille</span> <span class='ocrx_word' id='word_1_118' title='bbox 1342 979 1514 1017; x_wconf 90' lang='lat' dir='ltr'>hostium</span> 
     </span>
     <span class='ocr_line' id='line_1_19' title="bbox 186 1043 1514 1094; baseline 0.001 -14"><span class='ocrx_word' id='word_1_119' title='bbox 186 1043 374 1093; x_wconf 80' lang='lat' dir='ltr'>spoliasse</span> <span class='ocrx_word' id='word_1_120' title='bbox 412 1043 599 1090; x_wconf 79' lang='lat' dir='ltr'>videatur,</span> <span class='ocrx_word' id='word_1_121' title='bbox 642 1043 760 1094; x_wconf 90' lang='lat' dir='ltr'>pluris</span> <span class='ocrx_word' id='word_1_122' title='bbox 808 1043 871 1082; x_wconf 92' lang='lat' dir='ltr'>hic</span> <span class='ocrx_word' id='word_1_123' title='bbox 909 1043 1018 1081; x_wconf 89' lang='lat' dir='ltr'>villas</span> <span class='ocrx_word' id='word_1_124' title='bbox 1061 1043 1302 1082; x_wconf 76' lang='lat' dir='ltr'>ornamentis</span> <span class='ocrx_word' id='word_1_125' title='bbox 1334 1045 1514 1082; x_wconf 88' lang='lat' dir='ltr'>fanorum</span> 
     </span>
     <span class='ocr_line' id='line_1_20' title="bbox 186 1106 1515 1159; baseline 0 -13"><span class='ocrx_word' id='word_1_126' title='bbox 186 1121 304 1158; x_wconf 87' lang='lat' dir='ltr'>quam</span> <span class='ocrx_word' id='word_1_127' title='bbox 332 1108 397 1147; x_wconf 92' lang='lat' dir='ltr'>ille</span> <span class='ocrx_word' id='word_1_128' title='bbox 421 1109 510 1146; x_wconf 87' lang='lat' dir='ltr'>fana</span> <span class='ocrx_word' id='word_1_129' title='bbox 534 1108 667 1159; x_wconf 88' lang='lat' dir='ltr'>spoliis</span> <span class='ocrx_word' id='word_1_130' title='bbox 689 1107 862 1147; x_wconf 89' lang='lat' dir='ltr'>hostium</span> <span class='ocrx_word' id='word_1_131' title='bbox 886 1109 1075 1146; x_wconf 87' lang='lat' dir='ltr'>ornasse?</span> <span class='ocrx_word' id='word_1_132' title='bbox 1132 1106 1234 1146; x_wconf 85' lang='lat' dir='ltr'>Etis</span> <span class='ocrx_word' id='word_1_133' title='bbox 1255 1107 1326 1146; x_wconf 89' lang='lat' dir='ltr'>erit</span> <span class='ocrx_word' id='word_1_134' title='bbox 1352 1109 1404 1146; x_wconf 95' lang='lat' dir='ltr'>ob</span> <span class='ocrx_word' id='word_1_135' title='bbox 1430 1121 1515 1146; x_wconf 88' lang='lat' dir='ltr'>eam</span> 
     </span>
     <span class='ocr_line' id='line_1_21' title="bbox 185 1171 1515 1222; baseline -0.002 -11"><span class='ocrx_word' id='word_1_136' title='bbox 185 1187 266 1212; x_wconf 90' lang='lat' dir='ltr'>rem</span> <span class='ocrx_word' id='word_1_137' title='bbox 306 1173 418 1212; x_wconf 81' lang='lat' dir='ltr'>vobis</span> <span class='ocrx_word' id='word_1_138' title='bbox 454 1173 577 1212; x_wconf 89' lang='lat' dir='ltr'>carior</span> <span class='ocrx_word' id='word_1_139' title='bbox 615 1182 657 1211; x_wconf 88' lang='lat' dir='ltr'>ut</span> <span class='ocrx_word' id='word_1_140' title='bbox 695 1173 813 1212; x_wconf 90' lang='lat' dir='ltr'>ceteri</span> <span class='ocrx_word' id='word_1_141' title='bbox 847 1172 1033 1211; x_wconf 89' lang='lat' dir='ltr'>libentius</span> <span class='ocrx_word' id='word_1_142' title='bbox 1065 1185 1137 1211; x_wconf 92' lang='lat' dir='ltr'>suo</span> <span class='ocrx_word' id='word_1_143' title='bbox 1171 1171 1346 1222; x_wconf 89' lang='lat' dir='ltr'>periculo</span> <span class='ocrx_word' id='word_1_144' title='bbox 1380 1172 1515 1210; x_wconf 87' lang='lat' dir='ltr'>vestris</span> 
     </span>
     <span class='ocr_line' id='line_1_22' title="bbox 184 1238 693 1287; baseline 0.002 -11"><span class='ocrx_word' id='word_1_145' title='bbox 184 1238 467 1287; x_wconf 82' lang='lat' dir='ltr'>cupiditatibus</span> <span class='ocrx_word' id='word_1_146' title='bbox 497 1238 693 1277; x_wconf 78' lang='lat' dir='ltr'>serviant?</span> 
     </span>
    </p>

    <p class='ocr_par' dir='ltr' id='par_1_9' title="bbox 182 1302 1516 2064">
     <span class='ocr_line' id='line_1_23' title="bbox 239 1302 1516 1341; baseline 0 -2"><span class='ocrx_word' id='word_1_147' title='bbox 239 1304 387 1340; x_wconf 74' lang='lat' dir='ltr'>Verum</span> <span class='ocrx_word' id='word_1_148' title='bbox 423 1304 519 1341; x_wconf 84' lang='lat' dir='ltr'>haec</span> <span class='ocrx_word' id='word_1_149' title='bbox 554 1310 591 1340; x_wconf 88' lang='lat' dir='ltr'>et</span> <span class='ocrx_word' id='word_1_150' title='bbox 623 1302 803 1341; x_wconf 89' lang='lat' dir='ltr'>dicentur</span> <span class='ocrx_word' id='word_1_151' title='bbox 834 1302 913 1341; x_wconf 84' lang='lat' dir='ltr'>alio</span> <span class='ocrx_word' id='word_1_152' title='bbox 941 1304 1031 1341; x_wconf 88' lang='lat' dir='ltr'>loco</span> <span class='ocrx_word' id='word_1_153' title='bbox 1060 1309 1098 1341; x_wconf 93' lang='lat' dir='ltr'>et</span> <span class='ocrx_word' id='word_1_154' title='bbox 1127 1302 1233 1341; x_wconf 89' lang='lat' dir='ltr'>dicta</span> <span class='ocrx_word' id='word_1_155' title='bbox 1262 1310 1374 1340; x_wconf 90' lang='lat' dir='ltr'>sunt:</span> <span class='ocrx_word' id='word_1_156' title='bbox 1409 1315 1516 1340; x_wconf 88' lang='lat' dir='ltr'>nunc</span> 
     </span>
     <span class='ocr_line' id='line_1_24' title="bbox 185 1367 1516 1418; baseline 0.001 -14"><span class='ocrx_word' id='word_1_157' title='bbox 185 1367 478 1416; x_wconf 82' lang='lat' dir='ltr'>proficiscemur</span> <span class='ocrx_word' id='word_1_158' title='bbox 511 1368 562 1405; x_wconf 88' lang='lat' dir='ltr'>ad</span> <span class='ocrx_word' id='word_1_159' title='bbox 588 1368 751 1417; x_wconf 86' lang='lat' dir='ltr'>reliqua,</span> <span class='ocrx_word' id='word_1_160' title='bbox 779 1367 810 1405; x_wconf 82' lang='lat' dir='ltr'>si</span> <span class='ocrx_word' id='word_1_161' title='bbox 844 1380 970 1418; x_wconf 87' lang='lat' dir='ltr'>pauca</span> <span class='ocrx_word' id='word_1_162' title='bbox 1002 1374 1093 1406; x_wconf 88' lang='lat' dir='ltr'>ante</span> <span class='ocrx_word' id='word_1_163' title='bbox 1122 1367 1309 1405; x_wconf 85' lang='lat' dir='ltr'>fuerimus</span> <span class='ocrx_word' id='word_1_164' title='bbox 1338 1380 1361 1404; x_wconf 89' lang='lat' dir='ltr'>a</span> <span class='ocrx_word' id='word_1_165' title='bbox 1389 1367 1516 1415; x_wconf 81' lang='lat' dir='ltr'>vobis,</span> 
     </span>
     <span class='ocr_line' id='line_1_25' title="bbox 184 1431 1513 1482; baseline 0.002 -14"><span class='ocrx_word' id='word_1_166' title='bbox 184 1431 344 1478; x_wconf 85' lang='lat' dir='ltr'>iudices,</span> <span class='ocrx_word' id='word_1_167' title='bbox 387 1431 596 1482; x_wconf 83' lang='lat' dir='ltr'>deprecati.</span> <span class='ocrx_word' id='word_1_168' title='bbox 667 1431 873 1482; x_wconf 85' lang='lat' dir='ltr'>Superiore</span> <span class='ocrx_word' id='word_1_169' title='bbox 911 1432 1021 1470; x_wconf 91' lang='lat' dir='ltr'>omni</span> <span class='ocrx_word' id='word_1_170' title='bbox 1059 1431 1235 1471; x_wconf 90' lang='lat' dir='ltr'>oratione</span> <span class='ocrx_word' id='word_1_171' title='bbox 1274 1440 1513 1482; x_wconf 87' lang='lat' dir='ltr'>perattentos</span> 
     </span>
     <span class='ocr_line' id='line_1_26' title="bbox 183 1496 1510 1547; baseline 0 -13"><span class='ocrx_word' id='word_1_172' title='bbox 183 1505 331 1535; x_wconf 78' lang='lat' dir='ltr'>vestros</span> <span class='ocrx_word' id='word_1_173' title='bbox 351 1497 505 1536; x_wconf 81' lang='lat' dir='ltr'>animos</span> <span class='ocrx_word' id='word_1_174' title='bbox 532 1496 767 1535; x_wconf 85' lang='lat' dir='ltr'>habuimus:</span> <span class='ocrx_word' id='word_1_175' title='bbox 798 1496 838 1535; x_wconf 91' lang='lat' dir='ltr'>id</span> <span class='ocrx_word' id='word_1_176' title='bbox 859 1496 931 1535; x_wconf 90' lang='lat' dir='ltr'>fuit</span> <span class='ocrx_word' id='word_1_177' title='bbox 960 1496 1075 1535; x_wconf 83' lang='lat' dir='ltr'>nobis</span> <span class='ocrx_word' id='word_1_178' title='bbox 1102 1504 1254 1547; x_wconf 92' lang='lat' dir='ltr'>gratum</span> <span class='ocrx_word' id='word_1_179' title='bbox 1280 1498 1510 1535; x_wconf 88' lang='lat' dir='ltr'>admodum.</span> 
     </span>
     <span class='ocr_line' id='line_1_27' title="bbox 185 1560 1515 1611; baseline 0 -12"><span class='ocrx_word' id='word_1_180' title='bbox 185 1562 261 1600; x_wconf 84' lang='lat' dir='ltr'>Sed</span> <span class='ocrx_word' id='word_1_181' title='bbox 283 1563 409 1600; x_wconf 82' lang='lat' dir='ltr'>multo</span> <span class='ocrx_word' id='word_1_182' title='bbox 430 1560 499 1599; x_wconf 89' lang='lat' dir='ltr'>erit</span> <span class='ocrx_word' id='word_1_183' title='bbox 520 1560 663 1611; x_wconf 85' lang='lat' dir='ltr'>gratius</span> <span class='ocrx_word' id='word_1_184' title='bbox 686 1560 717 1599; x_wconf 91' lang='lat' dir='ltr'>si</span> <span class='ocrx_word' id='word_1_185' title='bbox 737 1560 886 1611; x_wconf 90' lang='lat' dir='ltr'>reliqua</span> <span class='ocrx_word' id='word_1_186' title='bbox 906 1561 1044 1600; x_wconf 90' lang='lat' dir='ltr'>voletis</span> <span class='ocrx_word' id='word_1_187' title='bbox 1072 1562 1284 1608; x_wconf 87' lang='lat' dir='ltr'>attendere,</span> <span class='ocrx_word' id='word_1_188' title='bbox 1309 1568 1515 1610; x_wconf 87' lang='lat' dir='ltr'>propterea</span> 
     </span>
     <span class='ocr_line' id='line_1_28' title="bbox 184 1624 1513 1675; baseline 0.002 -13"><span class='ocrx_word' id='word_1_189' title='bbox 184 1626 292 1675; x_wconf 89' lang='lat' dir='ltr'>quod</span> <span class='ocrx_word' id='word_1_190' title='bbox 322 1625 361 1663; x_wconf 86' lang='lat' dir='ltr'>in</span> <span class='ocrx_word' id='word_1_191' title='bbox 391 1625 450 1663; x_wconf 87' lang='lat' dir='ltr'>his</span> <span class='ocrx_word' id='word_1_192' title='bbox 481 1625 666 1664; x_wconf 84' lang='lat' dir='ltr'>omnibus</span> <span class='ocrx_word' id='word_1_193' title='bbox 697 1638 798 1674; x_wconf 90' lang='lat' dir='ltr'>quae</span> <span class='ocrx_word' id='word_1_194' title='bbox 825 1632 941 1663; x_wconf 89' lang='lat' dir='ltr'>antea</span> <span class='ocrx_word' id='word_1_195' title='bbox 968 1624 1074 1664; x_wconf 89' lang='lat' dir='ltr'>dicta</span> <span class='ocrx_word' id='word_1_196' title='bbox 1098 1633 1188 1663; x_wconf 90' lang='lat' dir='ltr'>sunt</span> <span class='ocrx_word' id='word_1_197' title='bbox 1213 1632 1293 1663; x_wconf 90' lang='lat' dir='ltr'>erat</span> <span class='ocrx_word' id='word_1_198' title='bbox 1318 1627 1513 1674; x_wconf 90' lang='lat' dir='ltr'>quaedam</span> 
     </span>
     <span class='ocr_line' id='line_1_29' title="bbox 185 1689 1515 1739; baseline 0.002 -12"><span class='ocrx_word' id='word_1_199' title='bbox 185 1702 231 1727; x_wconf 84' lang='lat' dir='ltr'>ex</span> <span class='ocrx_word' id='word_1_200' title='bbox 260 1690 344 1739; x_wconf 89' lang='lat' dir='ltr'>ipsa</span> <span class='ocrx_word' id='word_1_201' title='bbox 364 1689 548 1728; x_wconf 86' lang='lat' dir='ltr'>varietate</span> <span class='ocrx_word' id='word_1_202' title='bbox 579 1703 624 1728; x_wconf 92' lang='lat' dir='ltr'>ac</span> <span class='ocrx_word' id='word_1_203' title='bbox 651 1689 824 1728; x_wconf 88' lang='lat' dir='ltr'>novitate</span> <span class='ocrx_word' id='word_1_204' title='bbox 846 1703 974 1728; x_wconf 90' lang='lat' dir='ltr'>rerum</span> <span class='ocrx_word' id='word_1_205' title='bbox 995 1697 1033 1728; x_wconf 93' lang='lat' dir='ltr'>et</span> <span class='ocrx_word' id='word_1_206' title='bbox 1054 1689 1262 1727; x_wconf 87' lang='lat' dir='ltr'>criminum</span> <span class='ocrx_word' id='word_1_207' title='bbox 1291 1690 1515 1738; x_wconf 81' lang='lat' dir='ltr'>delectatio,</span> 
     </span>
     <span class='ocr_line' id='line_1_30' title="bbox 184 1753 1514 1805; baseline 0.002 -14"><span class='ocrx_word' id='word_1_208' title='bbox 184 1767 289 1791; x_wconf 86' lang='lat' dir='ltr'>nunc</span> <span class='ocrx_word' id='word_1_209' title='bbox 305 1761 468 1792; x_wconf 87' lang='lat' dir='ltr'>tractare</span> <span class='ocrx_word' id='word_1_210' title='bbox 489 1767 647 1792; x_wconf 87' lang='lat' dir='ltr'>causam</span> <span class='ocrx_word' id='word_1_211' title='bbox 665 1753 903 1792; x_wconf 87' lang='lat' dir='ltr'>instituimus</span> <span class='ocrx_word' id='word_1_212' title='bbox 925 1754 1230 1802; x_wconf 80' lang='lat' dir='ltr'>frumentariam,</span> <span class='ocrx_word' id='word_1_213' title='bbox 1247 1768 1347 1804; x_wconf 91' lang='lat' dir='ltr'>quae</span> <span class='ocrx_word' id='word_1_214' title='bbox 1369 1755 1514 1805; x_wconf 86' lang='lat' dir='ltr'>magni-</span> 
     </span>
     <span class='ocr_line' id='line_1_31' title="bbox 183 1818 1515 1866; baseline 0.002 -11"><span class='ocrx_word' id='word_1_215' title='bbox 183 1818 321 1856; x_wconf 88' lang='lat' dir='ltr'>tudine</span> <span class='ocrx_word' id='word_1_216' title='bbox 350 1818 512 1857; x_wconf 87' lang='lat' dir='ltr'>iniuriae</span> <span class='ocrx_word' id='word_1_217' title='bbox 537 1826 574 1857; x_wconf 84' lang='lat' dir='ltr'>et</span> <span class='ocrx_word' id='word_1_218' title='bbox 601 1832 641 1856; x_wconf 91' lang='lat' dir='ltr'>re</span> <span class='ocrx_word' id='word_1_219' title='bbox 670 1818 899 1857; x_wconf 87' lang='lat' dir='ltr'>criminibus</span> <span class='ocrx_word' id='word_1_220' title='bbox 925 1819 1062 1857; x_wconf 88' lang='lat' dir='ltr'>ceteris</span> <span class='ocrx_word' id='word_1_221' title='bbox 1087 1821 1305 1866; x_wconf 87' lang='lat' dir='ltr'>antecellet,</span> <span class='ocrx_word' id='word_1_222' title='bbox 1336 1819 1515 1858; x_wconf 90' lang='lat' dir='ltr'>iucundi-</span> 
     </span>
     <span class='ocr_line' id='line_1_32' title="bbox 182 1882 1512 1933; baseline 0.002 -13"><span class='ocrx_word' id='word_1_223' title='bbox 182 1882 271 1920; x_wconf 83' lang='lat' dir='ltr'>tatis</span> <span class='ocrx_word' id='word_1_224' title='bbox 301 1882 340 1920; x_wconf 91' lang='lat' dir='ltr'>in</span> <span class='ocrx_word' id='word_1_225' title='bbox 370 1884 525 1933; x_wconf 87' lang='lat' dir='ltr'>agendo</span> <span class='ocrx_word' id='word_1_226' title='bbox 555 1890 592 1921; x_wconf 83' lang='lat' dir='ltr'>et</span> <span class='ocrx_word' id='word_1_227' title='bbox 612 1883 807 1922; x_wconf 82' lang='lat' dir='ltr'>varietatis</span> <span class='ocrx_word' id='word_1_228' title='bbox 828 1883 958 1922; x_wconf 91' lang='lat' dir='ltr'>minus</span> <span class='ocrx_word' id='word_1_229' title='bbox 989 1884 1160 1923; x_wconf 89' lang='lat' dir='ltr'>habebit.</span> <span class='ocrx_word' id='word_1_230' title='bbox 1221 1886 1360 1922; x_wconf 89' lang='lat' dir='ltr'>Vestra</span> <span class='ocrx_word' id='word_1_231' title='bbox 1380 1892 1512 1923; x_wconf 88' lang='lat' dir='ltr'>autem</span> 
     </span>
     <span class='ocr_line' id='line_1_33' title="bbox 183 1946 1512 1999; baseline 0.002 -15"><span class='ocrx_word' id='word_1_232' title='bbox 183 1946 413 1985; x_wconf 86' lang='lat' dir='ltr'>auctoritate</span> <span class='ocrx_word' id='word_1_233' title='bbox 470 1955 507 1985; x_wconf 88' lang='lat' dir='ltr'>et</span> <span class='ocrx_word' id='word_1_234' title='bbox 564 1948 772 1998; x_wconf 89' lang='lat' dir='ltr'>prudentia</span> <span class='ocrx_word' id='word_1_235' title='bbox 820 1948 1094 1999; x_wconf 85' lang='lat' dir='ltr'>dignissimum</span> <span class='ocrx_word' id='word_1_236' title='bbox 1142 1956 1210 1997; x_wconf 86' lang='lat' dir='ltr'>est,</span> <span class='ocrx_word' id='word_1_237' title='bbox 1261 1949 1421 1996; x_wconf 86' lang='lat' dir='ltr'>iudices,</span> <span class='ocrx_word' id='word_1_238' title='bbox 1472 1949 1512 1986; x_wconf 84' lang='lat' dir='ltr'>iu</span> 
     </span>
     <span class='ocr_line' id='line_1_34' title="bbox 183 2012 1512 2064; baseline 0.002 -15"><span class='ocrx_word' id='word_1_239' title='bbox 183 2012 371 2050; x_wconf 84' lang='lat' dir='ltr'>audiendi</span> <span class='ocrx_word' id='word_1_240' title='bbox 419 2012 620 2062; x_wconf 82' lang='lat' dir='ltr'>diligentia</span> <span class='ocrx_word' id='word_1_241' title='bbox 659 2026 740 2051; x_wconf 93' lang='lat' dir='ltr'>non</span> <span class='ocrx_word' id='word_1_242' title='bbox 789 2013 918 2052; x_wconf 89' lang='lat' dir='ltr'>minus</span> <span class='ocrx_word' id='word_1_243' title='bbox 963 2012 1139 2063; x_wconf 84' lang='lat' dir='ltr'>religioni</span> <span class='ocrx_word' id='word_1_244' title='bbox 1179 2013 1348 2052; x_wconf 89' lang='lat' dir='ltr'>tribuere</span> <span class='ocrx_word' id='word_1_245' title='bbox 1393 2026 1512 2064; x_wconf 87' lang='lat' dir='ltr'>quam</span> 
     </span>
    </p>
   </div>
   <div class='ocr_carea' id='block_1_9' title="bbox 182 2117 1512 2416">
    <p class='ocr_par' dir='ltr' id='par_1_10' title="bbox 182 2117 1512 2416">
     <span class='ocr_line' id='line_1_35' title="bbox 228 2117 1512 2159; baseline 0.006 -15"><span class='ocrx_word' id='word_1_246' title='bbox 228 2124 246 2152; x_wconf 80' lang='lat'><strong>3</strong></span> <span class='ocrx_word' id='word_1_247' title='bbox 270 2117 415 2147; x_wconf 71' lang='lat' dir='ltr'>vixerint</span> <span class='ocrx_word' id='word_1_248' title='bbox 437 2117 477 2147; x_wconf 83' lang='grc' dir='ltr'>Οι</span> <span class='ocrx_word' id='word_1_249' title='bbox 496 2117 566 2150; x_wconf 81' lang='lat' dir='ltr'><em>edd.</em></span> <span class='ocrx_word' id='word_1_250' title='bbox 587 2131 592 2149; x_wconf 90' lang='lat'>:</span> <span class='ocrx_word' id='word_1_251' title='bbox 617 2119 774 2149; x_wconf 86' lang='lat' dir='ltr'>vixerunt</span> <span class='ocrx_word' id='word_1_252' title='bbox 790 2118 849 2159; x_wconf 83' lang='lat' dir='ltr'>Hp</span> <span class='ocrx_word' id='word_1_253' title='bbox 867 2119 931 2150; x_wconf 85' lang='lat' dir='ltr'>rell.</span> <span class='ocrx_word' id='word_1_254' title='bbox 1083 2130 1101 2158; x_wconf 91' lang='lat'><strong>4</strong></span> <span class='ocrx_word' id='word_1_255' title='bbox 1126 2123 1224 2159; x_wconf 85' lang='lat' dir='ltr'>putas</span> <span class='ocrx_word' id='word_1_256' title='bbox 1237 2118 1287 2151; x_wconf 69' lang='grc' dir='ltr'>ελ.</span> <span class='ocrx_word' id='word_1_257' title='bbox 1303 2118 1338 2158; x_wconf 63' lang='lat'>7¹²²</span> <span class='ocrx_word' id='word_1_258' title='bbox 1491 2128 1512 2157; x_wconf 92' lang='lat'>9</span> 
     </span>
     <span class='ocr_line' id='line_1_36' title="bbox 184 2158 1509 2203; baseline 0.005 -17"><span class='ocrx_word' id='word_1_259' title='bbox 184 2158 329 2188; x_wconf 83' lang='lat' dir='ltr'>dominia</span> <span class='ocrx_word' id='word_1_260' title='bbox 347 2166 460 2191; x_wconf 84' lang='lat' dir='ltr'>vestra</span> <span class='ocrx_word' id='word_1_261' title='bbox 479 2161 553 2192; x_wconf 87' lang='lat' dir='ltr'>Hc:</span> <span class='ocrx_word' id='word_1_262' title='bbox 579 2163 715 2192; x_wconf 87' lang='lat' dir='ltr'>domum</span> <span class='ocrx_word' id='word_1_263' title='bbox 731 2167 881 2192; x_wconf 82' lang='lat' dir='ltr'>nostram</span> <span class='ocrx_word' id='word_1_264' title='bbox 900 2162 953 2202; x_wconf 85' lang='lat'>0¹,</span> <span class='ocrx_word' id='word_1_265' title='bbox 974 2163 1007 2193; x_wconf 75' lang='lat' dir='ltr'>in</span> <span class='ocrx_word' id='word_1_266' title='bbox 1021 2172 1088 2203; x_wconf 81' lang='lat' dir='ltr'>mg.</span> <span class='ocrx_word' id='word_1_267' title='bbox 1107 2173 1151 2193; x_wconf 80' lang='lat' dir='ltr'>m.</span> <span class='ocrx_word' id='word_1_268' title='bbox 1173 2173 1185 2192; x_wconf 91' lang='lat'>1</span> <span class='ocrx_word' id='word_1_269' title='bbox 1202 2163 1334 2199; x_wconf 75' lang='lat' dir='ltr'>damna,</span> <span class='ocrx_word' id='word_1_270' title='bbox 1348 2166 1509 2200; x_wconf 76' lang='lat' dir='ltr'>suprascr.</span> 
     </span>
     <span class='ocr_line' id='line_1_37' title="bbox 184 2201 1512 2245; baseline 0.005 -17"><span class='ocrx_word' id='word_1_271' title='bbox 184 2201 318 2232; x_wconf 84' lang='lat' dir='ltr'>domina</span> <span class='ocrx_word' id='word_1_272' title='bbox 335 2214 340 2233; x_wconf 90' lang='lat'>:</span> <span class='ocrx_word' id='word_1_273' title='bbox 366 2204 483 2235; x_wconf 87' lang='lat' dir='ltr'>domos</span> <span class='ocrx_word' id='word_1_274' title='bbox 501 2210 631 2236; x_wconf 84' lang='lat' dir='ltr'>vestras</span> <span class='ocrx_word' id='word_1_275' title='bbox 650 2217 695 2236; x_wconf 81' lang='lat' dir='ltr'>m.</span> <span class='ocrx_word' id='word_1_276' title='bbox 717 2215 746 2245; x_wconf 85' lang='lat'>2,</span> <span class='ocrx_word' id='word_1_277' title='bbox 769 2208 805 2235; x_wconf 85' lang='lat' dir='ltr'>ut</span> <span class='ocrx_word' id='word_1_278' title='bbox 820 2205 883 2237; x_wconf 76' lang='lat' dir='ltr'>rell.</span> <span class='ocrx_word' id='word_1_279' title='bbox 909 2207 1042 2236; x_wconf 83' lang='lat' dir='ltr'>(domus</span> <span class='ocrx_word' id='word_1_280' title='bbox 1058 2216 1089 2236; x_wconf 86' lang='lat' dir='ltr'>v.</span> <span class='ocrx_word' id='word_1_281' title='bbox 1102 2205 1144 2245; x_wconf 61' lang='lat' dir='ltr'>p)</span> <span class='ocrx_word' id='word_1_282' title='bbox 1282 2214 1318 2243; x_wconf 83' lang='lat'>14</span> <span class='ocrx_word' id='word_1_283' title='bbox 1344 2204 1397 2235; x_wconf 88' lang='lat' dir='ltr'>hic</span> <span class='ocrx_word' id='word_1_284' title='bbox 1414 2204 1512 2235; x_wconf 85' lang='lat' dir='ltr'>villas</span> 
     </span>
     <span class='ocr_line' id='line_1_38' title="bbox 183 2242 1507 2288; baseline 0.005 -16"><span class='ocrx_word' id='word_1_285' title='bbox 183 2242 262 2272; x_wconf 90' lang='lat' dir='ltr'>HO¹</span> <span class='ocrx_word' id='word_1_286' title='bbox 281 2255 287 2273; x_wconf 75' lang='grc' dir='ltr'><strong>ε</strong></span> <span class='ocrx_word' id='word_1_287' title='bbox 311 2245 364 2276; x_wconf 89' lang='lat' dir='ltr'>hic</span> <span class='ocrx_word' id='word_1_288' title='bbox 384 2248 475 2278; x_wconf 88' lang='lat' dir='ltr'>solus</span> <span class='ocrx_word' id='word_1_289' title='bbox 493 2248 588 2278; x_wconf 81' lang='lat' dir='ltr'>villas</span> <span class='ocrx_word' id='word_1_290' title='bbox 600 2254 624 2288; x_wconf 82' lang='lat' dir='ltr'>p</span> <span class='ocrx_word' id='word_1_291' title='bbox 642 2248 708 2279; x_wconf 78' lang='lat' dir='ltr'>rell.</span> <span class='ocrx_word' id='word_1_292' title='bbox 818 2249 857 2278; x_wconf 87' lang='lat'>18</span> <span class='ocrx_word' id='word_1_293' title='bbox 882 2254 915 2279; x_wconf 88' lang='lat' dir='ltr'>et</span> <span class='ocrx_word' id='word_1_294' title='bbox 933 2249 1086 2279; x_wconf 87' lang='lat' dir='ltr'>dicentur</span> <span class='ocrx_word' id='word_1_295' title='bbox 1102 2247 1209 2278; x_wconf 86' lang='lat' dir='ltr'>HcO:</span> <span class='ocrx_word' id='word_1_296' title='bbox 1234 2248 1388 2279; x_wconf 87' lang='lat' dir='ltr'>dicentur</span> <span class='ocrx_word' id='word_1_297' title='bbox 1400 2253 1425 2287; x_wconf 83' lang='lat' dir='ltr'>p</span> <span class='ocrx_word' id='word_1_298' title='bbox 1442 2247 1507 2279; x_wconf 74' lang='lat' dir='ltr'>rell.</span> 
     </span>
     <span class='ocr_line' id='line_1_39' title="bbox 188 2287 1509 2331; baseline 0.004 -15"><span class='ocrx_word' id='word_1_299' title='bbox 188 2296 225 2324; x_wconf 88' lang='lat'>19</span> <span class='ocrx_word' id='word_1_300' title='bbox 248 2287 372 2319; x_wconf 73' lang='lat' dir='ltr'>erimus</span> <span class='ocrx_word' id='word_1_301' title='bbox 390 2291 405 2319; x_wconf 86' lang='grc' dir='ltr'><em>δ</em></span> <span class='ocrx_word' id='word_1_302' title='bbox 559 2302 599 2329; x_wconf 79' lang='lat'>24</span> <span class='ocrx_word' id='word_1_303' title='bbox 626 2302 667 2322; x_wconf 81' lang='lat' dir='ltr'>ex</span> <span class='ocrx_word' id='word_1_304' title='bbox 685 2292 758 2330; x_wconf 85' lang='lat' dir='ltr'>ipsa</span> <span class='ocrx_word' id='word_1_305' title='bbox 777 2290 807 2321; x_wconf 90' lang='lat' dir='ltr'><strong><em>O</em></strong></span> <span class='ocrx_word' id='word_1_306' title='bbox 822 2303 827 2322; x_wconf 92' lang='lat'>:</span> <span class='ocrx_word' id='word_1_307' title='bbox 854 2302 897 2322; x_wconf 86' lang='lat' dir='ltr'>ex</span> <span class='ocrx_word' id='word_1_308' title='bbox 915 2292 964 2329; x_wconf 91' lang='lat' dir='ltr'>iis,</span> <span class='ocrx_word' id='word_1_309' title='bbox 984 2302 1027 2322; x_wconf 86' lang='lat' dir='ltr'>ex</span> <span class='ocrx_word' id='word_1_310' title='bbox 1044 2292 1097 2322; x_wconf 86' lang='lat' dir='ltr'>his</span> <span class='ocrx_word' id='word_1_311' title='bbox 1113 2296 1137 2331; x_wconf 84' lang='lat' dir='ltr'>p</span> <span class='ocrx_word' id='word_1_312' title='bbox 1155 2291 1219 2321; x_wconf 79' lang='lat' dir='ltr'>rell.</span> <span class='ocrx_word' id='word_1_313' title='bbox 1334 2291 1509 2322; x_wconf 87' lang='lat' dir='ltr'>nobilitate</span> 
     </span>
     <span class='ocr_line' id='line_1_40' title="bbox 183 2328 1510 2376; baseline 0.002 -15"><span class='ocrx_word' id='word_1_314' title='bbox 183 2328 230 2358; x_wconf 78' lang='lat' dir='ltr'>cO</span> <span class='ocrx_word' id='word_1_315' title='bbox 329 2334 371 2362; x_wconf 81' lang='lat'>26</span> <span class='ocrx_word' id='word_1_316' title='bbox 396 2339 428 2363; x_wconf 85' lang='lat' dir='ltr'>et</span> <span class='ocrx_word' id='word_1_317' title='bbox 447 2343 481 2363; x_wconf 83' lang='lat' dir='ltr'>re</span> <span class='ocrx_word' id='word_1_318' title='bbox 499 2332 546 2363; x_wconf 82' lang='lat' dir='ltr'>cO</span> <span class='ocrx_word' id='word_1_319' title='bbox 565 2346 571 2363; x_wconf 78' lang='lat' dir='ltr'>z</span> <span class='ocrx_word' id='word_1_320' title='bbox 597 2335 667 2364; x_wconf 80' lang='lat' dir='ltr'>fere</span> <span class='ocrx_word' id='word_1_321' title='bbox 681 2333 753 2374; x_wconf 74' lang='lat' dir='ltr'>pO2</span> <span class='ocrx_word' id='word_1_322' title='bbox 772 2346 778 2364; x_wconf 88' lang='lat'>:</span> <span class='ocrx_word' id='word_1_323' title='bbox 802 2340 836 2366; x_wconf 87' lang='lat' dir='ltr'>et</span> <span class='ocrx_word' id='word_1_324' title='bbox 853 2345 889 2365; x_wconf 88' lang='lat' dir='ltr'>re</span> <span class='ocrx_word' id='word_1_325' title='bbox 908 2335 978 2365; x_wconf 86' lang='lat' dir='ltr'>fere</span> <span class='ocrx_word' id='word_1_326' title='bbox 996 2334 1083 2376; x_wconf 81' lang='lat' dir='ltr'>vulg.</span> <span class='ocrx_word' id='word_1_327' title='bbox 1164 2334 1343 2364; x_wconf 82' lang='lat' dir='ltr'>antecellet</span> <span class='ocrx_word' id='word_1_328' title='bbox 1363 2332 1392 2363; x_wconf 92' lang='lat' dir='ltr'><strong>O</strong></span> <span class='ocrx_word' id='word_1_329' title='bbox 1409 2345 1415 2364; x_wconf 76' lang='grc' dir='ltr'>ε</span> <span class='ocrx_word' id='word_1_330' title='bbox 1434 2335 1473 2364; x_wconf 88' lang='lat' dir='ltr'>—it</span> <span class='ocrx_word' id='word_1_331' title='bbox 1486 2339 1510 2373; x_wconf 79' lang='lat' dir='ltr'>p</span> 
     </span>
     <span class='ocr_line' id='line_1_41' title="bbox 182 2372 1506 2416; baseline 0.002 -13"><span class='ocrx_word' id='word_1_332' title='bbox 182 2372 249 2404; x_wconf 78' lang='lat' dir='ltr'>rell.</span> <span class='ocrx_word' id='word_1_333' title='bbox 327 2376 367 2405; x_wconf 87' lang='lat'>28</span> <span class='ocrx_word' id='word_1_334' title='bbox 393 2376 425 2405; x_wconf 88' lang='lat' dir='ltr'>in</span> <span class='ocrx_word' id='word_1_335' title='bbox 444 2377 602 2407; x_wconf 82' lang='lat' dir='ltr'>audiendi</span> <span class='ocrx_word' id='word_1_336' title='bbox 621 2377 794 2416; x_wconf 84' lang='lat' dir='ltr'>diligentia</span> <span class='ocrx_word' id='word_1_337' title='bbox 812 2377 868 2408; x_wconf 87' lang='lat' dir='ltr'>cO¹</span> <span class='ocrx_word' id='word_1_338' title='bbox 888 2389 894 2408; x_wconf 76' lang='lat' dir='ltr'>x</span> <span class='ocrx_word' id='word_1_339' title='bbox 918 2378 950 2408; x_wconf 89' lang='lat' dir='ltr'>in</span> <span class='ocrx_word' id='word_1_340' title='bbox 968 2378 1133 2408; x_wconf 84' lang='lat' dir='ltr'>audiendo</span> <span class='ocrx_word' id='word_1_341' title='bbox 1151 2378 1358 2416; x_wconf 78' lang='lat' dir='ltr'>diligentiam</span> <span class='ocrx_word' id='word_1_342' title='bbox 1380 2375 1423 2407; x_wconf 76' lang='grc' dir='ltr'>Ο2</span> <span class='ocrx_word' id='word_1_343' title='bbox 1441 2377 1506 2407; x_wconf 71' lang='lat' dir='ltr'>rell.</span> 
     </span>
    </p>
   </div>
   <div class='ocr_carea' id='block_1_10' title="bbox 1538 800 1576 824">
    <p class='ocr_par' dir='ltr' id='par_1_11' title="bbox 1538 800 1576 824">
     <span class='ocr_line' id='line_1_42' title="bbox 1538 800 1576 824; baseline 0.026 -1"><span class='ocrx_word' id='word_1_344' title='bbox 1538 800 1576 824; x_wconf 87' lang='lat'>10</span> 
     </span>
    </p>
   </div>
   <div class='ocr_carea' id='block_1_11' title="bbox 1538 1119 1573 1152">
    <p class='ocr_par' dir='ltr' id='par_1_12' title="bbox 1538 1119 1573 1152">
     <span class='ocr_line' id='line_1_43' title="bbox 1538 1119 1573 1152; baseline 0 0"><span class='ocrx_word' id='word_1_345' title='bbox 1538 1119 1573 1152; x_wconf 87' lang='lat'>15</span> 
     </span>
    </p>
   </div>
   <div class='ocr_carea' id='block_1_12' title="bbox 1536 1442 1575 1466">
    <p class='ocr_par' dir='ltr' id='par_1_13' title="bbox 1536 1442 1575 1466">
     <span class='ocr_line' id='line_1_44' title="bbox 1536 1442 1575 1466; baseline 0.026 -1"><span class='ocrx_word' id='word_1_346' title='bbox 1536 1442 1575 1466; x_wconf 88' lang='lat'>20</span> 
     </span>
    </p>
   </div>
   <div class='ocr_carea' id='block_1_13' title="bbox 1535 1769 1572 1802">
    <p class='ocr_par' dir='ltr' id='par_1_14' title="bbox 1535 1769 1572 1802">
     <span class='ocr_line' id='line_1_45' title="bbox 1535 1769 1572 1802; baseline 0 0"><span class='ocrx_word' id='word_1_347' title='bbox 1535 1769 1572 1802; x_wconf 86' lang='lat'>25</span> 
     </span>
    </p>
   </div>
  </div>
 </body>
</html>
