1600 2704
114 91 385 133 ACTIONIS
417 96 478 133 IN
509 97 553 136 c.
577 99 819 140 VERREM
849 104 1149 149 SECVNDAE
1180 114 1283 153 Lm,
1309 117 1328 154 I
1369 125 1424 166 29
1447 134 1517 169 :4

86 200 271 250 iussisset,
286 216 357 253 per
371 204 550 245 eiusdem
568 207 678 248 istius
693 210 847 251 lictores
863 226 885 251 a
899 218 1048 266 populo
1066 221 1274 268 pecuniam
1291 237 1423 275 posset

83 265 245 316 exigere.
306 269 409 308 Cum
437 271 534 310 haec
559 274 693 313 omnia
720 283 827 315 tanta
855 281 1122 330 contentione,
1152 287 1268 326 tantis
1298 292 1420 340 copiis

80 339 288 380 agerentur
302 348 313 381 ,·
341 346 432 373 cum
480 335 590 375 illum
638 339 825 380 miserum
874 345 986 383 multi
1025 359 1266 400 accusarent,
1301 367 1419 395 nemo

80 396 313 436 defenderet
329 413 339 446 ς
368 412 541 451 cumque
576 403 786 445 Dolabella
820 420 911 447 cum
946 410 1025 449 suis
1047 416 1253 462 praefectis
1274 430 1418 469 pugna-

39 472 57 503 5
79 467 136 498 ret
155 460 195 499 in
222 463 400 510 consilio,
419 467 559 505 Verres
587 469 762 509 fortunas
794 472 854 523 agi
880 487 969 513 suas
996 476 1158 527 diceret,
1178 479 1283 519 idern
1314 485 1415 522 testi-

77 525 257 565 monium
289 527 449 577 diceret,
474 530 580 571 idern
611 542 713 573 esset
739 535 778 574 in
807 539 984 587 consilio,
1017 541 1122 581 idern
1143 554 1413 588 accusatorem

73 593 414 638 parasset‚——haec
435 607 526 633 cum
553 598 687 637 omnia
712 601 859 650 fierent,
889 612 927 642 et
959 618 1050 644 cum
1084 609 1287 649 hominem
1322 626 1412 652 con-

71 661 190 694 staret
223 657 410 706 occisum,
439 668 571 701 tamen
613 671 721 704 tanta
750 667 806 705 vis
858 668 968 708 istius
1008 671 1181 721 iniuriae,
1222 683 1330 716 tanta
1368 679 1407 717 in

69 718 145 758 isto
175 720 406 772 improbitas
436 727 649 776 putabatur
678 738 719 768 ut
750 733 801 771 de
837 734 1073 775 Philodamo
1112 751 1291 780 AMPLIVS
1320 756 1405 793 pro-

10 784 321 826 renuntiaretur.
380 790 490 838 Quid
518 805 591 842 ego
626 807 730 833 nunc
765 796 804 834 in
834 799 955 837 altera
991 801 1148 842 actione
1179 805 1252 843 Cn.
1287 807 1404 846 Dola·
1423 787 1479 857 {3⁰

67 847 192 888 bellae
212 851 381 901 spiritus,
408 855 505 904 quid
539 857 655 897 huius
687 861 865 902 lacrimas
893 872 931 903 et
965 868 1289 909 concursationes
1319 885 1403 922 pro·
1426 858 1465 881 ’ὃ

63 913 196 962 feram,
215 917 311 966 quid
330 919 375 958 C.
393 921 572 967 Neronis,
590 923 658 960 viri
680 925 818 975 optimi
839 935 958 978 atque
980 930 1307 983 innocentissimi,
1321 950 1401 976 non

60 978 178 1018 nullis
201 980 239 1019 in
272 982 389 1022 rebus
409 984 587 1024 animum
609 986 775 1027 nimium
807 990 989 1031 timidum
1011 1002 1131 1046 atque
1152 998 1368 1040 demissum
1386 1005 1402 1041 ?

60 1043 127 1092 qui
148 1043 187 1082 in
209 1045 273 1084 illa
294 1060 334 1085 re
354 1048 450 1098 quid
481 1051 607 1089 facere
636 1059 824 1102 oporteret
855 1069 937 1095 non
970 1059 1153 1107 habebat,
1178 1062 1252 1101 nisi
1286 1066 1395 1113 forte,

0 1119 37 1151 15
58 1106 99 1146 id
131 1112 240 1159 quod
272 1125 410 1152 omnes
444 1122 525 1153 tum
557 1117 847 1168 desiderabant,
867 1130 908 1161 ut
928 1132 1059 1174 ageret
1079 1139 1166 1165 eam
1201 1142 1282 1168 rem
1313 1131 1396 1171 sine

55 1172 179 1212 Verre
217 1183 255 1214 et
291 1177 375 1216 sine
412 1180 630 1220 Dolabella.
694 1184 899 1236 Quicquid
924 1197 1027 1227 esset
1051 1190 1136 1230 sine
1168 1192 1229 1231 his
1249 1202 1392 1243 actum,

54 1250 193 1278 omnes
214 1241 426 1290 probarent
443 1258 453 1291 ,·
484 1253 567 1283 tum
583 1260 674 1286 vero
691 1251 799 1298 quod
821 1253 1120 1300 pronuntiatum
1135 1264 1194 1295 est
1223 1271 1304 1298 non
1325 1273 1395 1310 per

54 1302 257 1343 Neronem
289 1305 523 1357 iudicatum,
553 1313 624 1350 sed
658 1325 727 1362 per
762 1316 1013 1356 Dolabellam
1046 1329 1224 1370 ereptum
1266 1325 1392 1364 existi-

51 1367 243 1408 mabatur.
314 1372 616 1414 Condemnatur
649 1378 754 1416 enim
787 1383 992 1431 perpaucis
1025 1386 1228 1426 sententiis
1261 1390 1391 1429 Philo-

0 1448 32 1470 ιο
50 1432 191 1473 damus
212 1442 250 1474 et
270 1435 353 1476 eius
375 1438 486 1478 filius.
546 1442 685 1490 Adest,
700 1443 827 1492 instat,
847 1454 956 1496 urget
979 1449 1187 1489 Dolabella
1208 1460 1250 1491 ut
1268 1466 1387 1503 quam

48 1497 220 1547 primum
241 1502 367 1540 securi
388 1503 585 1553 feriantur,
609 1519 689 1556 quo
711 1521 829 1558 quam
853 1511 1016 1551 minime
1038 1515 1150 1553 multi
1171 1529 1218 1554 ex
1241 1517 1315 1556 illis
1336 1520 1386 1558 de

46 1560 158 1602 istius
187 1566 336 1607 nefario
366 1570 512 1609 scelere
541 1571 677 1611 audire
707 1582 878 1623 possent.
939 1577 1202 1619 Constituitur
1230 1582 1270 1621 in
1300 1585 1384 1624 foro
1406 1594 1448 1637 76

46 1627 270 1669 Laodiceae
289 1636 559 1682 spectaculum
589 1637 776 1676 acerbum
807 1646 844 1678 et
875 1640 1060 1681 miserum
1096 1652 1134 1683 et
1167 1659 1283 1696 grave
1311 1650 1383 1688 toti

43 1692 164 1732 Asiae
202 1696 436 1745 provinciae,
469 1701 627 1750 grandis
667 1710 761 1741 natu
795 1717 936 1754 parens
974 1708 1171 1748 adductus
1205 1713 1256 1751 ad
1295 1726 1383 1765 sup-

4 1770 22 1803 5
42 1756 217 1807 plicium,
236 1774 282 1799 ex
295 1763 415 1801 altera
428 1772 537 1814 parte
558 1766 670 1813 filius,
688 1767 751 1806 ille
772 1771 880 1819 quod
902 1771 1133 1821 pudicitiam
1154 1775 1378 1825 liberorum,

41 1821 106 1861 hic
127 1825 236 1873 quod
256 1825 375 1865 vitam
396 1828 516 1878 patris
537 1831 763 1882 famamque
784 1835 926 1873 sororis
947 1837 1189 1879 defenderat.
1241 1843 1379 1882 Flebat

40 1894 205 1938 uterque
244 1904 324 1930 non
345 1893 396 1931 de
425 1906 498 1932 suo
527 1896 732 1947 supplicio,
765 1901 835 1938 sed
862 1908 972 1950 pater
997 1903 1048 1941 de
1074 1904 1129 1942 fili
1159 1914 1294 1953 morte,
1326 1909 1377 1948 de

36 1952 157 2002 patris
178 1954 290 1993 filius.
351 1957 460 2005 Quid
481 1960 728 2001 lacrimarum
750 1963 879 2014 ipsum
901 1967 1104 2007 Neronem
1125 1972 1270 2020 putatis
1290 1985 1376 2022 pro-

36 2018 214 2058 fudisse?
252 2034 371 2071 quem
398 2024 534 2062 fletum
562 2027 681 2065 totius
714 2029 832 2068 Asiae
857 2031 986 2079 fuisse,
1016 2046 1135 2083 quem
1166 2037 1314 2076 luctum
1336 2047 1374 2077 et

0 2098 17 2122 0
35 2083 225 2133 gemitum
258 2087 651 2137 Lampsacenorum?
691 2093 817 2132 securi
848 2108 934 2134 esse
960 2110 1166 2147 percussos
1191 2102 1371 2142 homines

34 2147 257 2189 innocentis
297 2152 452 2200 nobilis,
496 2154 624 2194 socios
663 2158 799 2207 populi
840 2160 1014 2200 Romani
1051 2171 1171 2214 atque
1208 2166 1367 2214 amicos,

80 2262 119 2291 14
142 2258 318 2293 oporteret
333 2257 467 2296 sca-tpsi:
493 2258 637 2297 potuerit
658 2259 714 2300 Dp
727 2261 791 2293 rell.
817 2262 854 2303 (i,
874 2265 889 2300 §
912 2274 996 2304 103;
1021 2266 1065 2305 iii,
1082 2270 1096 2304 §
1115 2277 1174 2307 113
1192 2281 1199 2300 ι
1225 2270 1272 2301 Cl.
1291 2271 1367 2302 Rev.

32 2295 112 2326 xvii.
130 2297 209 2337 202)
344 2309 382 2330 21
410 2302 499 2339 quod
525 2311 624 2341 quam
647 2303 790 2343 prGfflB:
815 2307 904 2345 quod
929 2310 1087 2347 quoniam
1111 2310 1194 2344 DZs
1328 2325 1367 2354 23

32 2337 183 2370 laodicee
201 2340 219 2370 b
237 2352 243 2371 ε
268 2341 408 2373 laodicie
424 2343 458 2373 D
473 2356 477 2374 :
505 2345 667 2377 laodiciae
685 2352 745 2380 πλς
835 2360 877 2389 29
902 2351 1024 2383 luctum
1042 2359 1074 2384 et
1092 2365 1157 2386 om.
1178 2355 1258 2395 G2K
