1600 2704
54 133 322 171 ACTIONIS
345 134 406 170 IN
425 134 468 172 C.
493 134 733 170 VERREM
756 134 1055 172 SECVNDAE
1078 136 1181 172 LIB.
1210 137 1273 172 III
1331 145 1382 182 53

53 243 214 281 scribit?
274 243 414 281 Recita
433 244 484 282 de
503 244 669 293 epistula
689 243 846 293 reliqua.
897 245 1049 282 SVMMA
1072 257 1109 282 x⁷1
1132 257 1242 282 DATA
1264 258 1336 283 Es's
1359 258 1383 283 Α

54 320 113 346 ΜΕ
142 320 278 346 OPERA
308 320 359 346 VT
393 320 509 353 QVAM
540 320 727 346 PLVRIMO
754 320 948 346 DECVMAs
981 321 1226 347 VENDEREM.
1301 311 1383 349 Cur

54 372 176 422 igitur,
204 374 377 419 Metelle,
408 386 489 411 non
519 372 571 410 ita
602 386 745 423 magno
775 373 1018 411 vendidisti?
1076 374 1180 422 Quia
1210 376 1382 413 desertas

52 437 258 483 arationes,
288 437 414 475 inanis
451 451 575 488 agros,
611 437 853 487 provinciam
887 437 1068 476 miseram
1110 438 1382 488 perditamque

15 514 32 544 5
53 501 260 540 offendisti.
321 501 463 550 Quid?
503 501 544 540 id
574 501 702 551 ipsum
734 504 843 552 quod
874 510 1001 540 satum
1034 511 1092 541 est
1125 517 1201 552 qua
1233 503 1382 541 ratione

52 566 259 615 quisquam
290 566 356 615 qui
387 573 528 604 sereret
558 566 739 604 inventus
771 568 859 605 est?
926 567 1076 605 Recita.
1137 567 1300 607 Litteras
1329 568 1383 607 ait

52 645 92 669 se
122 630 273 668 misisse
307 638 345 668 et
376 631 640 678 confirmasse,
673 644 783 669 suam
815 644 856 669 se
895 631 1177 682 interposuisse
1217 633 1381 671 auctori-

51 702 170 733 tatem
187 710 197 741 ⁷³
225 702 378 733 tantum
400 696 522 734 modo
541 695 758 734 aratoribus
781 697 968 734 Metellus
990 697 1148 735 obsides
1171 710 1250 736 non
1271 698 1379 736 dedit

51 774 92 798 se
112 759 151 797 in
173 761 280 798 nulla
301 774 341 798 re
360 760 473 798 Verri
494 760 662 798 similem
684 761 870 798 futurum.
938 764 990 799 At
1016 761 1111 810 quid
1138 770 1197 800 est
1219 764 1379 800 tandem

0 838 34 862 ιο
51 825 90 863 in
125 838 205 874 quo
235 838 276 863 se
308 826 529 864 elaborasse
564 825 690 864 dicit?
748 826 897 864 Recita.
957 828 1020 863 VT
1052 838 1279 874 ARATORES,
1312 839 1381 871 Qvi

52 902 219 934 RELIQVI
253 902 402 936 ERANT,
423 902 537 935 QVAM
568 903 788 930 PLVRIMVM
817 903 1046 929 SERERENT.
1107 891 1186 940 Qui
1213 891 1383 942 reliqui?

50 954 145 1004 quid
184 956 261 993 hoc
301 963 358 993 est
393 955 609 1004 ‘reliqui'?
647 968 727 1005 quo
761 969 807 994 ex
837 956 956 1002 bello,
987 968 1065 1004 qua
1094 970 1140 993 ex
1175 956 1383 994 vastitate?

51 1021 258 1069 Quaenam
300 1020 339 1057 in
378 1020 509 1058 Sicilia
555 1027 661 1058 tanta
692 1022 824 1058 clades
859 1028 925 1058 aut
965 1021 1072 1069 quod
1110 1021 1255 1058 bellum
1302 1028 1380 1058 tam

51 1084 291 1131 diuturnum,
316 1092 395 1122 tam
429 1084 701 1122 calamitosum
732 1085 972 1134 te'praetore
993 1093 1187 1122 versatum
1210 1094 1267 1123 est
1289 1093 1330 1123 ut
1352 1085 1381 1123 is

0 1165 34 1199 ¹⁵
52 1150 119 1200 qui
139 1149 210 1188 tibi
232 1149 460 1188 successerit
484 1153 492 1169 ‘
508 1149 678 1199 reliquos
695 1151 702 1166 ²
722 1158 892 1187 aratores
906 1150 1109 1199 collegisse
1130 1157 1166 1187 et
1190 1163 1382 1189 recreasse

51 1215 257 1253 videatur?

104 1280 207 1319 Cum
239 1280 349 1318 bellis
382 1280 771 1330 Carthaginiensibus
803 1280 935 1319 Sicilia
963 1289 1101 1318 vexata
1135 1289 1202 1327 est,
1227 1290 1263 1319 et
1294 1290 1383 1331 post

52 1351 183 1382 nostra
202 1352 438 1394 patrumque
458 1344 646 1383 memoria
667 1358 757 1382 cum
781 1345 839 1383 bis
861 1344 899 1382 in
921 1358 967 1382 ea
987 1345 1186 1394 provincia
1219 1359 1383 1394 magnae

51 1409 301 1459 fugitivorum
332 1409 470 1459 copiae
500 1417 673 1447 versatae
703 1418 804 1455 sunt,
829 1417 960 1447 tamen
990 1417 1185 1447 aratorum
1213 1409 1382 1448 interitio

0 1488 35 1511 20
52 1476 153 1513 facta
183 1476 289 1512 nulla
313 1483 381 1513 est.
441 1476 545 1512 Tum
572 1474 736 1512 sementi
769 1474 965 1524 prohibita
991 1483 1058 1512 aut
1084 1488 1210 1513 messe
1240 1475 1383 1513 amissa

51 1541 197 1578 fructus
224 1553 379 1577 annuus
400 1539 607 1585 interibat3
637 1547 768 1577 tamen
797 1539 1007 1577 incolumis
1036 1552 1221 1577 numerus
1252 1553 1382 1578 mane-

51 1604 116 1643 bat
145 1604 399 1643 dominorum
427 1612 546 1653 atque
574 1611 794 1651 aratorum;
826 1612 909 1641 tum
935 1604 1001 1653 qui
1032 1606 1086 1641 M.
1115 1604 1288 1642 Laevino
1315 1616 1380 1642 aut

50 1670 91 1707 P.
111 1668 272 1719 Rupilio
292 1676 359 1706 aut
381 1670 447 1706 Μ’.
466 1668 628 1717 Aquilio
648 1676 845 1718 praetores
866 1668 906 1705 in
928 1681 1014 1706 eam
1036 1668 1276 1717 provinciam
1299 1682 1381 1707 suc-

48 1741 244 1773 cesserant
271 1742 441 1772 aratores
466 1733 636 1783 reliquos
667 1747 746 1771 non
777 1733 1026 1783 colligebant.
1088 1735 1271 1772 Tantone
1295 1736 1382 1783 plus

0 1809 31 1843 25
48 1801 188 1837 Verres
218 1812 309 1836 cum
338 1798 517 1848 Apronio
546 1798 770 1848 provinciae
801 1797 956 1837 Siciliae
981 1799 1213 1837 calamitatis
1241 1799 1382 1848 impor-

48 1863 143 1902 tavit
177 1876 298 1913 quam
337 1871 404 1901 aut
443 1864 671 1902 Hasdrubal
711 1877 802 1901 cum
839 1865 1063 1902 Poenorum
1095 1863 1280 1902 exercitu.
1313 1872 1379 1901 aut

0 1976 1 1987 ἵ
48 1928 222 1967 Athenio
242 1941 333 1966 cum
347 1927 597 1978 fugitivorum
615 1928 794 1966 maximis
812 1928 950 1978 copiis,
966 1936 1009 1966 ut
1031 1928 1275 1977 temporibus
1292 1928 1376 1974 illis,

48 1993 163 2031 simul
201 2000 320 2042 atque
358 1992 481 2031 hostis
520 2000 723 2042 superatus
763 2001 876 2039 esset,
917 2006 1008 2042 ager
1041 1999 1213 2030 araretur
1251 1992 1380 2030 omnis

94 2107 107 2126 1
136 2095 258 2127 Recita
276 2096 318 2127 de
343 2096 488 2136 epistula
513 2097 641 2135 reliqua
656 2097 694 2126 δε
718 2107 782 2127 om.
802 2097 837 2126 in
861 2096 919 2128 lac.
940 2096 995 2126 Οπ
1041 2096 1072 2125 vi
1091 2094 1161 2126 cO:
1185 2105 1250 2125 om.
1265 2100 1289 2135 p
1312 2096 1377 2126 rell.

48 2151 67 2171 a
84 2150 136 2170 me
152 2150 256 2179 opera
273 2139 342 2171 cO:
367 2150 471 2179 opera
489 2150 509 2170 a
525 2144 613 2179 mep
631 2139 699 2169 rell.
875 2151 894 2178 4
920 2140 1155 2179 perditamque
1172 2139 1377 2177 provinciam

50 2184 204 2214 miseram
223 2183 254 2213 Ο
387 2193 406 2222 5
432 2183 605 2214 offendisti
625 2183 655 2212 O
671 2194 678 2212 ε
702 2180 864 2222 offendip
881 2183 947 2214 rell.
1089 2184 1111 2211 6
1137 2181 1257 2213 Recita
1273 2193 1339 2213 om.
1355 2187 1380 2221 p

0 2254 2 2266 ἱ
49 2227 82 2257 in
99 2227 156 2257 lac.
250 2237 268 2266 7
292 2231 508 2267 praesentem
527 2226 743 2256 confirmasse
759 2226 824 2256 cod.
837 2226 974 2256 Hotom.
993 2226 1027 2266 (ξ,
1047 2227 1107 2255 126
1124 2225 1226 2265 infra)
1284 2235 1376 2255 suam

49 2279 85 2300 se
104 2270 153 2301 O:
181 2280 275 2301 suam
288 2276 313 2311 p
331 2270 397 2302 rell.
534 2270 555 2300 8
579 2269 678 2300 modo
697 2268 727 2298 O
744 2280 750 2298 ;
775 2270 862 2308 quod
875 2275 900 2309 p
917 2269 984 2299 rell.
1113 2279 1134 2308 9
1158 2268 1246 2298 nulla
1263 2278 1328 2298 om.
1349 2268 1380 2298 Ο

49 2313 144 2344 Verri
156 2319 182 2353 p
198 2313 283 2344 codd.
303 2325 310 2344 :
333 2313 450 2344 Verris
467 2312 576 2343 Halm
593 2311 661 2342 edd.
860 2322 899 2343 10
922 2312 1116 2343 elaborasse
1133 2311 1276 2341 Mueller
1290 2311 1336 2350 (ii,
1353 2312 1373 2347 i,

52 2357 140 2396 §313
161 2368 167 2387 :
197 2356 368 2387 laborasse
393 2356 496 2396 codd„
523 2355 595 2386 edd.
620 2356 653 2395 (ξ
676 2365 736 2395 130
760 2355 863 2395 infra)
958 2355 1037 2386 dicit
1064 2354 1117 2385 O:
1151 2354 1240 2385 dicat
1259 2360 1283 2394 p
1309 2354 1375 2384 rell.

53 2409 90 2438 13
113 2399 207 2438 Quae
225 2400 313 2430 enim
333 2400 364 2431 O

93 2452 153 2472 crc.
172 2453 249 2473 νεα.
1252 2442 1289 2470 17

1396 83 1421 98 21¹
1443 76 1459 95 -Γ
1467 80 1479 102 s'

1402 137 1502 189 (124)

1408 261 1466 291 124

1402 1259 1454 1297 54

1407 1319 1465 1349 125
