1600 2704
84 106 352 147 ACTIONIS
374 109 435 147 IN
457 110 500 149 c.
525 111 767 151 VERREM
789 115 1090 157 SECVNDAE
1111 120 1216 158 LIB.
1242 123 1308 160 111
1360 133 1415 161 20
1437 139 1475 170 52
1506 106 1509 107 ⁷
1549 106 1565 109 ”
1594 94 1598 95 7

83 215 201 256 simos
239 231 285 256 ac
328 220 659 270 locupletissimos
698 223 769 262 tibi
814 224 1106 266 inimicissimos
1150 230 1233 268 fieri
1276 235 1412 279 nolles,

82 280 153 319 nisi
186 283 287 321 hanc
322 283 513 323 rationem
544 294 582 324 et
611 287 892 337 cogitationem
928 291 1062 330 salutis
1098 300 1188 332 tuae
1222 298 1415 345 pecuniae

79 345 273 396 cupiditas
320 362 365 387 ac
415 363 600 400 praesens
648 352 714 391 illa
766 355 911 403 praeda
968 366 1179 406 superaret.
1254 361 1413 400 Etenim
1436 376 1475 407 53

78 411 266 460 quoniam
294 426 491 452 summam
520 429 566 454 ac
597 430 804 456 numerum
835 419 1063 459 iniuriarum
1094 423 1217 471 vobis,
1249 423 1410 473 iudices,

40 485 58 517 5
78 488 157 513 non
177 489 339 526 possum
361 492 599 529 expromere,
618 481 843 532 singillatim
860 492 994 524 autem
1016 488 1066 525 de
1088 487 1203 526 unius
1221 489 1413 541 cuiusque

76 539 332 581 incommodo
362 544 494 583 dicere
533 545 731 585 infinitum
767 556 836 596 est,
877 563 1020 600 genera
1054 551 1138 602 ipsa
1169 552 1408 603 iniuriarum,

74 618 232 656 quaeso,
256 609 494 658 cognoscite.

128 672 317 722 Nympho
341 681 399 712 est
435 676 733 727 Centuripinus,
765 680 886 719 homo
918 695 1067 731 gnavus
1102 691 1140 722 et
1179 684 1405 734 industrius,
1428 696 1474 723 21

73 736 429 786 experientissimus
449 753 495 779 ac
516 741 838 793 diligentissimus
858 754 995 786 arator.
1042 750 1080 786 Is
1102 762 1191 787 cum
1213 751 1407 790 arationes

15 811 56 835 10
72 813 232 851 magnas
259 805 476 843 conductas
502 807 674 854 haberet,
698 811 807 858 quod
828 810 1010 850 homines
1037 812 1154 851 etiam
1176 815 1404 864 locupletes,

70 865 169 904 sicut
200 866 265 906 ille
295 876 362 917 est,
398 869 438 907 in
470 870 601 910 Sicilia
639 874 768 912 facere
796 885 1050 925 consuerunt,
1087 892 1234 928 easque
1263 893 1404 930 magna

68 930 248 981 impensa
291 946 516 985 magnoque
554 936 817 976 instrumento
864 947 1047 988 tueretur,
1090 950 1197 981 tanta
1237 945 1289 983 ab
1329 945 1404 983 isto

68 995 273 1046 iniquitate
301 1011 512 1049 oppressus
540 1009 599 1040 est
625 1009 667 1041 ut
688 1016 769 1041 non
791 1006 912 1043 modo
939 1006 1132 1046 arationes
1153 1008 1400 1058 relinqueret,

66 1062 136 1099 sed
157 1061 275 1100 etiam
297 1077 343 1101 ex
364 1064 494 1103 Sicilia
514 1068 736 1117 profugeret
766 1070 1017 1120 Romamque
1049 1085 1127 1110 una
1147 1086 1238 1110 cum
1270 1075 1401 1112 multis

11 1135 47 1168 15
64 1126 117 1164 ab
146 1126 221 1166 isto
250 1128 383 1167 eiectis
412 1130 571 1170 veniret.
633 1132 742 1171 Fecit
772 1141 813 1171 ut
843 1135 1088 1174 decumanus
1117 1138 1398 1188 Nymphonem

64 1199 223 1241 negaret
261 1206 308 1231 ex
343 1193 474 1232 edicto
509 1195 575 1234 illo
610 1199 822 1247 praeclaro,
865 1201 973 1249 quod
1014 1203 1161 1239 nullam
1195 1204 1246 1241 ad
1281 1204 1396 1242 aliam

64 1268 145 1294 rem
184 1255 258 1294 nisi
296 1259 346 1296 ad
386 1259 502 1297 huius
542 1260 650 1300 modi
690 1270 876 1312 quaestus
915 1265 1147 1314 pertinebat,
1188 1281 1397 1308 numerum

63 1318 238 1370 iugerum
267 1323 486 1371 professum
517 1338 613 1363 esse.
648 1327 837 1376 Nympho
858 1341 947 1366 cum
979 1343 1020 1368 se
1054 1332 1171 1369 vellet
1194 1344 1323 1381 aequo
1345 1334 1397 1372 iu·
1417 1345 1458 1379 54

61 1384 166 1424 dicio
181 1387 405 1435 defendere,
423 1390 490 1427 dat
507 1388 579 1428 iste
595 1390 697 1429 viros
713 1391 884 1441 optimos
902 1402 1204 1444 recuperatores,
1223 1399 1394 1437 eundem

5 1462 45 1485 πο
62 1449 170 1489 illum
192 1452 392 1492 medicum
410 1455 651 1503 Cornelium,
676 1456 707 1495 is
730 1465 787 1496 est
808 1459 1082 1498 Artemidorus
1104 1462 1309 1511 Pergaeus,
1327 1465 1393 1513 qui

60 1514 99 1553 in
125 1529 193 1555 sua
214 1517 338 1566 patria
368 1520 448 1557 dux
469 1519 530 1557 isti
559 1523 762 1570 quondam
793 1530 830 1562 et
860 1523 1043 1574 magister
1062 1526 1113 1563 ad
1140 1526 1391 1576 spoliandum

60 1579 212 1621 Dianae
239 1584 431 1633 templum
453 1584 536 1632 fuit,
560 1593 598 1624 et
629 1587 877 1637 haruspicem
900 1589 1109 1628 Volusium
1131 1599 1169 1629 et
1190 1592 1390 1631 Valerium

57 1657 304 1694 praeconem.
357 1649 547 1699 Nympho
578 1658 791 1701 antequam
813 1654 929 1703 plane
950 1654 1125 1693 constitit
1153 1658 1392 1696 condemna-

57 1716 127 1748 tur.
188 1713 337 1761 Quanti
378 1715 541 1754 fortasse
573 1716 771 1766 quaeritis.
830 1719 949 1757 Nulla
988 1728 1069 1758 erat
1104 1721 1222 1760 edicti
1262 1736 1390 1772 poena

0 1786 38 1820 ²5
57 1782 183 1815 certa:
232 1778 417 1817 frumenti
456 1779 539 1819 eius
579 1781 708 1820 omnis
751 1784 861 1832 quod
909 1783 948 1821 in
995 1784 1094 1823 areis
1139 1795 1251 1825 esset.
1325 1788 1389 1826 Sic

55 1841 253 1890 Apronius
297 1844 541 1884 decumanus
586 1860 666 1884 non
708 1848 918 1887 decumam
957 1850 1145 1899 debitam,
1187 1865 1267 1890 non
1316 1855 1388 1891 fru-

53 1912 230 1944 mentum
278 1916 473 1947 remotum
518 1917 638 1960 atque
683 1913 865 1960 celatum,
907 1915 977 1953 sed
1020 1915 1134 1953 tritici
1175 1928 1231 1953 vn
1281 1917 1388 1955 milia

52 1969 299 2009 medimnum
333 1986 380 2011 ex
409 1974 662 2024 Nymphonis
697 1976 939 2016 arationibus
973 1979 1092 2017 edicti
1127 1992 1268 2029 poena,
1303 1994 1384 2020 non

51 2036 332 2085 redemptionis
362 2037 495 2087 aliquo
525 2039 607 2079 iure
637 2040 747 2079 tollit.

94 2149 109 2169 1
134 2150 172 2171 ac
189 2141 344 2181 locuplet.
365 2141 433 2173 cO:
458 2154 524 2174 om.
550 2143 598 2184 Vp
618 2144 687 2177 rell.
702 2144 748 2185 (ii,
772 2148 787 2183 ξ
806 2156 870 2185 23;
894 2147 983 2186 infra
1000 2158 1062 2188 25;
1098 2149 1141 2189 iii,
1165 2153 1201 2188 ἐξ
1219 2161 1273 2189 97,
1297 2152 1357 2182 186
1374 2163 1382 2191 ;

50 2181 93 2220 iv,
112 2186 127 2220 §
146 2185 201 2223 25)
337 2197 356 2224 4
381 2196 419 2217 ac
441 2186 523 2218 VO:
547 2192 617 2228 etp
635 2188 702 2220 rell.
848 2200 868 2230 5
892 2201 1096 2231 expromere
1114 2192 1183 2224 cO:
1207 2204 1382 2236 exponere

50 2226 114 2257 rell.
264 2239 286 2268 9
311 2234 344 2259 et
363 2240 477 2269 exper.
497 2236 612 2262 arator
628 2232 708 2272 (om.
729 2243 767 2264 ac
785 2232 893 2274 dilig.)
917 2234 946 2264 V
968 2235 1060 2273 (Ziel.
1074 2241 1109 2276 p.
1131 2238 1206 2278 195)
1342 2239 1382 2269 16

49 2268 105 2300 illo
126 2269 207 2302 VO:
232 2282 296 2303 om.
316 2273 358 2302 nk
496 2275 534 2304 18
558 2285 664 2314 aequo
681 2276 784 2308 vellet
806 2277 838 2308 V
965 2289 1004 2309 21
1032 2279 1128 2311 istius
1148 2280 1179 2311 Θ
1276 2281 1380 2320 spoli·

48 2313 169 2343 andum
192 2314 275 2345 VO:
301 2315 430 2355 despol.
446 2322 472 2357 p
489 2318 575 2348 rell.:
601 2319 713 2357 expol.
734 2330 754 2359 q
845 2329 885 2351 22
910 2321 1083 2353 Volusium
1106 2324 1203 2355 VcO:
1227 2324 1378 2355 Volusia-

47 2364 124 2386 num
144 2357 209 2388 rell.
348 2369 389 2400 25
414 2361 523 2392 omnis
541 2362 616 2393 eius
635 2361 666 2392 Ο
