1600 2704
115 113 383 155 ACTIONis
415 119 476 156 IN
506 120 550 160 c.
576 123 818 163 VERREM
847 128 1148 170 SECVNDAE
1179 136 1282 174 ΜΒ.
1308 138 1349 176 11
1396 149 1445 187 27
1464 108 1538 187 ⁶7³

111 226 220 274 quod
241 233 299 265 est
321 234 452 268 tamen
473 238 620 279 actum,
641 241 683 272 ut
705 235 802 274 haec
825 238 1015 278 Heraclio
1032 243 1201 290 pecunia
1218 246 1438 296 eriperetur,

108 301 159 326 an
198 289 316 329 etiam
356 292 463 341 illud,
497 295 537 333 in
576 309 656 346 quo
690 301 836 348 praeda
867 310 948 341 erat
987 306 1167 354 maxima,
1204 317 1245 346 ut
1280 312 1442 352 nomine

107 351 343 394 iudiciorum
382 358 562 398 omnium
601 361 707 401 bona
744 372 863 415 atque
897 368 1076 408 fortunae
1107 370 1147 409 in
1178 371 1288 412 istius
1324 376 1439 416 unius

105 426 237 458 essent
256 426 523 470 potestatem?

65 495 86 529 5
159 484 246 523 Iam
284 499 376 526 vero
410 488 450 527 in
480 502 608 529 rerum
640 492 867 543 capitalium
901 499 1200 548 quaestionibus
1234 503 1331 554 quid
1363 519 1436 556 ego
1455 480 1509 572 6²88

103 559 222 586 unam
264 562 466 603 quamque
511 569 593 594 rem
637 558 818 609 colligam
857 570 896 600 et
935 568 1128 604 causam?
1204 570 1262 607 Ex
1301 571 1434 611 multis

100 610 293 653 similibus
332 629 378 655 ea
417 631 570 658 sumam
609 635 710 672 quae
751 626 919 666 maxime
958 628 1209 679 improbitate
1243 637 1433 677 excellere

99 675 347 718 videbuntur.
408 683 573 733 Sopater
599 687 762 736 quidam
790 690 861 728 fuit
888 692 1150 742 Halicyensis,
1174 697 1297 737 homo
1320 701 1432 740 domi

97 753 190 781 suae
219 757 310 782 cum
340 746 475 795 primis
505 750 680 801 locuples
710 762 829 805 atque
862 758 1077 806 honestus,
1121 760 1151 799 is
1180 762 1231 800 ab
1260 763 1430 805 inimicis

40 816 77 839 10
95 805 175 845 suis
215 811 323 859 apud
367 812 411 851 C.
453 814 707 856 Sacerdotem
757 829 976 869 praetorem
1024 824 1077 862 rei
1122 827 1298 876 capitalis
1336 843 1428 869 cum

93 880 300 912 accusatus
322 883 434 922 esset,
459 878 572 917 facile
593 893 641 919 eo
662 881 811 923 iudicio
831 893 889 923 est
910 885 1105 927 liberatus.
1168 892 1275 931 Huic
1297 893 1426 934 eidem

92 935 260 986 Sopatro
299 938 405 978 idem
445 941 593 982 inimici
633 947 684 984 ad
724 947 768 986 C.
811 949 984 997 Verrem,
1022 965 1112 991 cum
1152 954 1183 992 is
1223 957 1425 998 Sacerdoti

90 1001 356 1050 successisset,
379 1005 557 1045 eiusdem
589 1009 641 1048 rei
672 1023 819 1050 nomen
849 1015 1083 1055 detulerunt.
1145 1020 1226 1058 Res
1257 1022 1425 1072 Sopatro

88 1064 213 1104 facilis
240 1066 455 1116 videbatur,
480 1078 518 1110 et
542 1074 651 1122 quod
678 1083 759 1114 erat
787 1076 977 1117 innocens
1001 1088 1040 1118 et
1066 1084 1176 1131 quod
1200 1085 1422 1127 Sacerdotis

31 1138 66 1170 ¹5
87 1128 280 1170 iudicium
301 1131 525 1183 improbare
545 1137 663 1176 istum
684 1152 870 1180 ausurum
892 1157 973 1182 non
987 1146 1256 1188 arbitrabatur.
1318 1152 1422 1192 Cita-

87 1200 148 1232 tur
178 1208 268 1234 reus
285 1210 295 1243 ;
339 1210 456 1237 causa
488 1200 614 1250 agitur
644 1204 871 1253 Syracusis,-
914 1209 1079 1248 crimina
1117 1220 1331 1254 tractantur
1368 1219 1420 1257 ab

83 1266 312 1299 accusatore
350 1275 396 1301 ea
434 1276 536 1313 quae
574 1275 683 1306 erant
721 1278 837 1308 antea
875 1284 956 1310 non
1005 1276 1133 1313 solum
1172 1278 1414 1329 defensione,

82 1336 218 1362 verum
238 1325 357 1365 etiarn
378 1327 525 1368 iudicio
546 1331 747 1372 dissoluta.
807 1336 979 1376 Causam
1001 1340 1155 1389 Sopatri
1176 1343 1416 1385 defendebat
1437 1357 1477 1398 69

81 1387 132 1436 Q.
165 1389 378 1440 Minucius,
410 1406 532 1444 eques
563 1398 770 1437 Romanus
800 1399 840 1438 in
870 1402 1004 1451 primis
1035 1406 1266 1454 splendidus
1295 1417 1415 1461 atque

22 1465 60 1489 20
79 1455 281 1505 honestus,
317 1459 520 1511 vobisque,
558 1462 718 1512 iudices,
761 1479 841 1505 non
881 1467 1046 1518 ignotus.
1108 1472 1218 1511 Nihil
1257 1483 1338 1514 erat
1372 1477 1412 1516 in

77 1531 196 1559 causa
234 1525 344 1573 quod
385 1529 644 1567 metuendum
685 1538 752 1569 aut
792 1533 956 1571 omnino
995 1537 1105 1584 quod
1144 1538 1410 1581 dubitandum

76 1584 282 1626 videretur.
344 1590 499 1630 Interea
529 1592 639 1632 istius
665 1595 826 1635 libertus
852 1606 889 1636 et
910 1611 1099 1639 accensus
1121 1602 1407 1655 Timarchides,

73 1649 142 1699 qui
162 1658 230 1698 est,
254 1652 295 1691 id
315 1655 425 1704 quod
446 1668 492 1694 ex
512 1658 688 1706 plurimis
707 1661 872 1700 testibus
889 1663 1016 1712 priore
1032 1665 1188 1705 actione
1202 1668 1407 1720 didicistis,

71 1726 201 1753 rerum
230 1716 395 1757 huiusce
424 1721 533 1760 modi
563 1724 742 1764 omnium
774 1734 989 1766 transactor
1017 1737 1055 1768 et
1084 1732 1325 1782 administer,
1353 1738 1406 1776 ad

13 1789 50 1821 25
70 1778 281 1829 Sopatrum
310 1783 440 1832 venit;
471 1795 607 1826 monet
637 1790 840 1830 hominem
870 1805 921 1831 ne
951 1793 1067 1833 nimis
1097 1795 1244 1836 iudicio
1274 1800 1406 1840 Sacer-

68 1842 173 1882 dotis
193 1853 232 1883 et
252 1859 394 1887 causae
413 1863 507 1889 suae
528 1854 702 1893 confidat
718 1870 726 1901 ;
757 1865 1004 1897 accusatores
1036 1859 1298 1912 inimicosque
1318 1865 1401 1905 eius

66 1907 213 1948 habere
232 1909 272 1948 in
291 1912 426 1952 animo
453 1917 662 1964 pecuniam
683 1922 851 1969 praetori
876 1923 969 1961 dare
983 1939 994 1971 3
1024 1933 1245 1974 praetorem
1266 1935 1399 1968 tamen

64 1971 118 2010 ob
148 1975 314 2013 salutem
344 1979 460 2017 malle
488 1981 676 2031 accipere,
709 1992 748 2023 et
777 1985 893 2024 simul
925 1989 1051 2035 malle,
1078 1989 1109 2027 si
1140 1991 1220 2028 fieri
1250 2001 1394 2041 posset,

63 2049 146 2075 rem
172 2037 385 2079 iudicatam
412 2056 493 2082 non
520 2046 751 2087 rescindere.
811 2051 986 2101 Sopater,
1016 2066 1107 2091 cum
1138 2055 1215 2093 hoc
1244 2056 1298 2094 illi
1327 2057 1397 2096 im-

4 2110 44 2143 30
60 2100 261 2150 provisum
290 2112 409 2156 atque
440 2108 687 2159 inopinatum
716 2114 936 2162 accidisset,
960 2125 1185 2172 commotus
1214 2128 1273 2159 est
1299 2135 1396 2163 sane

58 2177 190 2216 neque
218 2167 259 2207 in
292 2173 511 2220 praesentia
545 2175 788 2217 Timarchidi
822 2180 920 2229 quid
950 2184 1206 2232 responderet
1238 2186 1387 2235 habuit,

100 2279 119 2307 4
143 2274 346 2309 potestatem
360 2273 426 2304 cO:
452 2280 620 2314 potestate
637 2278 702 2310 rell.
724 2280 755 2319 (ξ
773 2282 836 2312 66:
860 2293 890 2315 v.
914 2287 927 2321 ξ
945 2284 1001 2324 98)
1136 2287 1157 2317 8
1180 2287 1387 2327 halyciensis

59 2309 128 2351 qu
260 2325 301 2345 22
324 2316 556 2351 Timarchides
574 2321 615 2352 0¹
632 2333 639 2352 ε
664 2323 753 2355 idem
771 2324 1004 2359 Timarchides
1014 2327 1062 2369 pb
1077 2329 1142 2361 rell.
1277 2333 1320 2363 28
1343 2333 1388 2364 ob

54 2355 197 2387 salutem
208 2358 276 2398 qu
293 2370 300 2389 :
323 2368 343 2390 a
359 2360 467 2393 salute
483 2362 544 2393 cO¹

96 2424 160 2447 c1c.
185 2426 263 2450 vm.
1255 2437 1295 2466 10
