1600 2704
32 529 50 562 5

11 852 51 875 10

11 1173 49 1207 15

9 1497 51 1521 20

9 1820 50 1854 ²5

9 2143 50 2175 30

1422 60 1506 80 11»

73 140 342 181 ACTIONrs
363 141 424 178 IN
447 140 492 181 c.
514 141 758 180 VERREM
779 140 1078 182 SECVNDA—irs
1100 147 1202 184 LIB.
1228 148 1288 184 iv
1351 157 1406 196 39
1426 155 1469 196 84

73 267 192 304 quem
223 254 274 292 ad
308 254 484 300 modum,
521 252 562 292 di
599 252 864 292 immortales!
905 266 1024 303 quam
1055 255 1251 302 audacter,
1287 270 1406 307 quam

71 317 293 364 libidinose,
309 331 429 368 quam
444 317 718 368 impudenter!
766 316 945 356 Audistis
958 330 1083 367 nuper
1107 318 1237 358 dicere
1258 322 1406 371 legatos

71 382 373 432 Tyndaritanos,
396 382 579 422 homines
604 381 903 421 honestissimos
931 394 978 419 ac
1008 382 1204 433 principes
1226 385 1404 434 civitatis,

72 447 330 496 Mercurium,
358 447 425 497 qui
454 446 571 485 sacris
600 446 871 486 anniversariis
909 447 1015 496 apud
1054 460 1122 485 eos
1166 461 1211 486 ac
1253 462 1407 488 summa

70 512 258 562 religione
297 513 499 558 coleretur,
541 524 660 562 quem
701 513 742 550 P.
775 511 983 549 Africanus
1015 512 1253 563 Carthagine
1292 522 1407 565 capta

70 576 348 626 Tyndaritanis
379 589 460 614 non
492 577 621 615 solum
664 589 757 615 suae
787 575 971 614 victoriae
1002 577 1071 615 sed
1102 578 1218 616 etiam
1250 578 1405 617 illorum

68 640 163 680 fidei
193 640 470 690 societatisque
494 648 798 679 monumentum
837 650 956 691 atque
987 640 1177 680 indicium
1218 643 1403 690 dedisset,

68 705 186 744 huius
206 705 243 743 vi
264 706 409 744 scelere
430 704 676 755 imperioque
697 718 782 744 esse
803 706 1013 744 sublatum.
1072 707 1151 755 Qui
1173 715 1213 745 ut
1234 707 1405 758 primum

69 770 110 808 in
131 769 227 809 illud
248 769 441 821 oppidum
461 770 578 817 venit,
603 770 744 817 statim,
768 779 970 821 tamquam
999 770 1051 809 ita
1072 772 1153 811 fieri
1175 785 1255 811 non
1277 775 1405 811 solum

69 842 268 885 oporteret
295 836 366 874 sed
401 835 519 874 etiam
556 849 718 875 necesse
751 844 863 882 esset,
896 844 1097 886 tamquam
1139 838 1216 875 hoc
1247 846 1405 876 senatus

70 901 298 940 mandasset
346 902 596 951 populusque
644 902 851 939 Romanus
896 900 1082 947 iussisset,
1123 901 1175 939 ita
1214 902 1405 941 continuo

69 964 225 1015 signum
246 973 289 1003 ut
309 965 593 1004 demolirentur
615 973 653 1004 et
671 967 898 1004 Messanam
917 966 1169 1015 deportarent
1186 966 1400 1016 imperavit.

69 1030 192 1078 Quod
225 1043 316 1069 cum
348 1029 422 1068 illis
455 1030 522 1080 qui
556 1031 719 1069 aderant
750 1030 968 1081 indignum,
1006 1031 1073 1081 qui
1105 1031 1320 1070 audiebant
1352 1032 1405 1070 in-
1425 1039 1465 1078 85

68 1094 257 1134 credibile
302 1094 508 1141 videretur,
542 1107 623 1133 non
667 1102 725 1133 est
765 1095 815 1133 ab
856 1094 930 1133 isto
971 1095 1098 1145 primo
1133 1095 1199 1134 illo
1230 1097 1403 1134 adventu

68 1166 370 1210 perseveratum.
431 1158 652 1198 Discedens
677 1160 839 1198 mandat
868 1172 1062 1209 proagoro
1092 1161 1269 1210 Sopatro,
1293 1160 1403 1198 cuius

67 1225 187 1264 verba
220 1224 394 1270 audistis,
433 1232 475 1262 ut
507 1223 742 1263 demoliatur
759 1238 769 1272 3
798 1237 887 1262 cum
917 1233 1122 1271 recusaret,
1149 1226 1404 1263 vehementer

68 1289 239 1328 minatur
264 1296 303 1328 et
330 1288 459 1327 statim
486 1302 533 1327 ex
560 1289 626 1327 illo
653 1288 802 1339 oppido
830 1289 1097 1339 proficiscitur.
1160 1290 1294 1328 Refert
1322 1302 1402 1327 rem

68 1353 133 1393 ille
170 1355 222 1393 ad
262 1361 467 1401 senatum,
510 1354 764 1392 vehementer
803 1353 979 1403 undique
1018 1355 1260 1392 reclamatur.
1340 1355 1403 1392 Ne

69 1419 202 1465 multa,
237 1418 378 1457 iterum
418 1417 490 1456 iste
521 1418 571 1457 ad
606 1417 694 1456 illos
732 1418 934 1467 aliquanto
973 1427 1061 1469 post
1101 1418 1217 1464 venit,
1253 1418 1403 1468 quaerit

68 1484 260 1522 continuo
298 1484 349 1522 de
383 1482 505 1533 signo.
577 1483 857 1533 Respondetur
895 1483 930 1521 ei
974 1490 1154 1521 senatum
1196 1496 1275 1521 non
1322 1496 1404 1533 per-

69 1547 251 1596 mittere;
289 1560 460 1598 poenam
501 1547 638 1597 capitis
678 1546 944 1594 constitutam,
985 1547 1015 1585 si
1054 1547 1204 1585 iniussu
1243 1555 1402 1587 senatus

68 1612 279 1663 quisquam
317 1612 530 1662 attigisset3
575 1611 690 1650 simul
729 1612 864 1662 religio
894 1621 1236 1651 commemoratur.
1297 1614 1402 1651 Tum

67 1676 152 1724 iste,
177 1677 330 1726 ‘Quam
363 1676 459 1714 mihi
489 1675 715 1726 religionem
746 1690 888 1724 narras,
920 1689 1038 1727 quam
1069 1690 1250 1726 poenam,
1283 1691 1402 1727 quem

68 1745 282 1781 senatum?
323 1742 455 1781 vivum
494 1749 532 1780 te
565 1755 646 1780 non
681 1741 924 1791 relinquam,¹
972 1741 1137 1780 moriere
1174 1742 1288 1792 virgis
1328 1742 1402 1781 nisi

70 1806 166 1845 mihi
198 1807 353 1858 signum
388 1807 574 1846 traditur.'
633 1808 797 1856 Sopater
828 1806 969 1845 iterum
1001 1807 1099 1845 flens
1131 1807 1181 1845 ad
1220 1816 1401 1845 senatum

68 1885 150 1911 rem
171 1873 307 1919 defert,
330 1871 440 1911 istius
463 1872 718 1922 cupiditatem
742 1872 949 1921 minasque
970 1873 1224 1910 demonstrat.
1286 1874 1402 1911 Sena-

67 1945 129 1975 tus
160 1938 326 1988 Sopatro
355 1950 588 1987 responsum
620 1939 772 1976 nullum
803 1938 880 1983 dat,
905 1937 973 1975 sed
1003 1944 1227 1975 commotus
1257 1944 1403 1986 pertur-

66 2002 262 2052 batusque
300 2002 478 2041 discedit.
558 2003 630 2041 Ille
668 2001 857 2052 praetoris
895 2000 1101 2039 arcessitus
1141 2000 1280 2038 nuntio
1320 2014 1401 2040 rem

0 2107 1 2116 ἵ
66 2067 322 2113 demonstrat,
352 2074 467 2116 negat
496 2067 578 2105 ullo
607 2067 729 2105 modo
758 2065 839 2104 fieri
869 2077 996 2115 posse.

121 2133 254 2181 Atque
274 2130 526 2170 haec—nihil
558 2130 663 2170 enim
691 2130 1082 2180 praetermittendum
1118 2130 1168 2168 de
1196 2128 1306 2167 istius
1333 2130 1401 2166 im-
1420 2116 1478 2199 ‘8²⁰

67 2195 257 2245 pudentia
285 2194 711 2246 videtur—agebantur
738 2194 777 2232 in
799 2201 996 2233 conventu
1018 2195 1146 2244 palam
1169 2195 1219 2233 de
1241 2195 1333 2232 sella
1354 2207 1400 2232 ac

114 2308 150 2329 11
178 2298 389 2339 populusque
406 2297 498 2339 Rpr:
524 2297 669 2339 populus
687 2296 781 2329 SDw
927 2307 964 2335 ¹4
991 2296 1049 2327 illo
1067 2297 1175 2336 primo
1193 2308 1214 2326 π
1361 2307 1398 2336 17

67 2341 171 2373 refert
189 2341 254 2373 Rs
270 2342 332 2373 rell.
349 2355 354 2373 :
382 2343 491 2373 defert
509 2341 620 2374 Muell.
639 2340 708 2373 edd.
730 2351 801 2373 recc.
912 2341 952 2371 18
978 2339 1033 2372 ille
1048 2349 1113 2371 ont.
1133 2352 1154 2369 π
1258 2342 1301 2372 26
1327 2351 1397 2372 rem

66 2385 176 2416 desert
191 2385 224 2415 R
239 2385 303 2416 rell.
319 2399 324 2417 :
351 2385 455 2417 refert
471 2396 493 2415 π
