1600 2704
129 169 179 206 19
200 173 237 203 41
570 153 628 191 M.
658 150 828 190 TVLLI
859 143 1166 188 CICERONIS

141 931 179 961 42

130 1187 183 1215 20

145 1709 186 1739 43

198 276 302 307 terae
342 265 549 304 mittuntur
579 261 643 301 isti
674 274 697 299 a
729 266 838 311 patre
873 258 1137 299 vehementes,
1170 252 1220 290 ab
1254 247 1390 289 amicis
1421 247 1526 293 item,

198 332 347 371 videret
381 329 478 381 quid
513 334 647 378 ageret
678 326 727 364 de
759 322 950 368 Diodoro,
983 331 1062 369 quo
1097 315 1418 367 progrederetu13
1447 324 1529 350 rem

199 399 343 437 claram
376 407 461 434 esse
493 401 531 432 et
562 391 797 430 invidiosam
814 402 823 434 3
863 384 1032 423 insanire
1067 380 1282 426 hominem,
1315 376 1529 428 periturum

199 464 275 501 hoc
306 473 386 500 uno
416 457 590 503 crimine,
613 454 687 493 nisi
714 451 891 492 cavisset.
952 450 1032 487 Iste
1056 446 1174 486 etiam
1200 452 1285 483 tum
1314 449 1475 493 patrem,
1499 439 1529 478 si

200 540 281 565 non
311 526 350 563 in
381 521 563 574 parentis,
585 527 624 558 at
653 518 693 556 in
723 515 931 555 hominum
952 523 1117 551 numero
1138 508 1327 560 putabat;
1354 506 1406 545 ad
1434 504 1531 543 iudi-
1552 516 1568 547 5

199 592 304 630 cium
326 589 506 628 nondum
536 598 577 624 se
607 582 698 622 satis
728 581 984 626 instruxerat3
1013 575 1161 627 primus
1181 585 1308 612 annus
1338 578 1418 610 erat
1448 582 1530 619 pro-

199 655 361 699 vinciae,
381 665 461 690 non
477 654 571 696 erat,
586 655 629 686 ut
649 647 690 685 in
706 644 883 691 Sthenio,
901 643 979 681 iam
993 642 1153 680 refertus
1169 636 1348 689 pecunia.
1391 636 1532 684 Itaque

200 722 304 758 furor
325 718 408 756 eius
429 715 634 766 paululum
654 725 736 750 non
757 710 921 761 pudore,
944 707 1014 745 sed
1036 712 1143 743 metu
1163 716 1208 742 ac
1229 702 1369 741 timore
1389 711 1534 750 repres-

200 798 264 823 sus
292 791 360 822 est.
421 780 701 821 Condemnare
732 774 955 814 Diodorum
985 784 1066 809 non
1095 769 1215 808 audet
1243 767 1461 811 absentem,
1483 764 1533 802 de

200 849 274 888 reis
295 846 439 886 eximit.
491 843 692 882 Diodorus
714 840 862 878 interea
885 843 1063 887 praetore
1083 833 1158 872 isto
1178 844 1301 883 prope
1321 828 1533 869 triennium
1557 839 1593 862 10

203 912 403 965 provincia
434 911 636 958 domoque
666 905 799 945 caruit.
871 901 1002 942 Ceteri
1035 912 1117 955 non
1148 899 1276 936 solum
1311 893 1441 940 Siculi,
1465 893 1535 932 sed

203 979 321 1018 etiam
356 976 459 1015 cives
493 970 666 1012 Romani
700 971 777 1008 hoc
808 972 1033 1011 statuerant,
1063 962 1252 1014 quoniam
1280 960 1353 999 iste
1382 966 1535 997 tantum

204 1042 419 1094 cupiditate
449 1038 755 1090 progrederetur,
779 1032 877 1072 nihil
897 1043 982 1071 esse
1006 1029 1115 1080 quod
1144 1027 1353 1077 quisquam
1383 1030 1536 1075 putaret

205 1122 256 1156 se,
293 1107 402 1157 quod
441 1104 503 1143 isti
541 1102 660 1153 paulo
692 1098 815 1148 magis
847 1098 1028 1148 placeret,
1065 1103 1295 1131 conservare
1328 1096 1396 1128 aut
1427 1086 1536 1127 dorni

205 1173 370 1212 retinere
400 1182 516 1220 posse
532 1182 542 1215 ς
579 1174 717 1217 postea
746 1176 838 1202 vero
867 1173 986 1211 quam
1017 1158 1291 1197 intellexerunt
1319 1153 1382 1192 isti
1411 1152 1536 1190 virum
1560 1165 1596 1198 15

204 1240 355 1282 fortem,
379 1247 498 1285 quem
519 1244 673 1271 summe
694 1226 895 1280 provincia
915 1222 1178 1274 exspectabat,
1201 1222 1250 1270 Q.
1269 1218 1438 1263 Arrium,
1456 1229 1537 1255 non

205 1302 428 1346 succedere,
447 1303 666 1337 statuerunt
686 1293 783 1332 nihil
804 1306 845 1331 se
865 1301 945 1330 tarn
962 1290 1139 1327 clausurn
1155 1298 1285 1336 neque
1305 1292 1385 1322 tam
1406 1294 1539 1321 recon-

204 1368 331 1407 ditum
352 1377 469 1416 posse
490 1362 633 1401 habere
655 1360 763 1409 quod
784 1370 865 1396 non
885 1355 994 1394 istius
1015 1350 1221 1404 cupiditati
1249 1347 1537 1400 apertissimum

205 1429 624 1483 promptissimumque
645 1432 756 1464 esset.

259 1499 365 1535 Turn
413 1495 485 1533 iste
523 1493 574 1530 ab
613 1489 745 1541 equite
794 1489 979 1526 Romano
1026 1481 1238 1534 splendido
1279 1487 1317 1518 et
1355 1477 1534 1528 gratioso,
1559 1489 1598 1512 20

207 1564 279 1604 Cn.
305 1560 472 1606 Calidio,
495 1557 606 1597 cuius
631 1555 756 1594 filium
781 1552 930 1592 sciebat
954 1557 1175 1589 senatorem
1199 1544 1336 1597 populi
1367 1540 1539 1581 Romani

207 1636 244 1667 et
274 1626 447 1666 iudicem
478 1636 573 1670 esse,
597 1621 755 1660 eculeos
785 1624 991 1667 argenteos
1021 1611 1176 1658 nobilis,
1206 1609 1275 1660 qui
1301 1610 1350 1658 Q.
1375 1605 1539 1646 Maximi

207 1694 370 1738 fuerant,
389 1691 523 1728 aufert.
585 1685 823 1736 Imprudens
845 1683 922 1720 huc
943 1678 1075 1725 incidi,
1099 1676 1248 1716 iudices
1265 1689 1275 1722 3
1305 1672 1399 1713 emit
1420 1671 1536 1716 enirn,

209 1770 289 1795 non
318 1753 479 1794 abstulit
495 1767 505 1801 3
534 1752 681 1791 nollem
709 1748 852 1788 dixisse
871 1761 878 1791 ;
907 1743 1066 1785 iactabit
1087 1756 1128 1781 se
1148 1749 1186 1780 et
1206 1740 1247 1778 in
1268 1739 1327 1778 his
1348 1735 1539 1788 equitabit

209 1821 364 1861 eculeis
424 1822 434 1839 ζ
453 1817 555 1864 Emi,
578 1813 787 1867 pecuniam
818 1810 938 1851 solvi.'
996 1809 1137 1849 Credo.
1200 1804 1354 1843 ‘Etiam
1383 1802 1539 1840 tabulae
1561 1809 1598 1842 25

209 1885 477 1938 proferentur.’
536 1883 607 1920 Est
637 1878 735 1919 tanti
753 1893 763 1925 3
793 1878 893 1916 cedo
914 1874 1078 1914 tabulas.
1139 1870 1257 1910 Dilue
1278 1881 1372 1908 sane
1392 1866 1538 1906 crimen

210 1955 286 1991 hoc
309 1949 573 1995 Calidianum,
597 1948 693 1986 dum
715 1957 788 1994 ego
809 1942 960 1981 tabulas
980 1938 1154 1989 aspicere
1174 1934 1332 1986 possim.
1392 1933 1540 1970 Verum

212 2026 343 2056 tamen
358 2015 454 2066 quid
468 2021 549 2053 erat
565 2011 675 2063 quod
691 2007 868 2050 Calidius
890 2007 1044 2044 Rornae
1065 2008 1289 2053 quereretur
1306 2012 1358 2045 se,
1374 2010 1465 2036 cum
1486 2003 1541 2033 tot

212 2095 336 2120 annos
351 2081 390 2119 in
406 2078 537 2119 Sicilia
550 2075 823 2127 negotiaretur,
841 2085 863 2110 a
877 2079 915 2110 te
928 2071 1013 2109 solo
1026 2068 1080 2106 ita
1092 2079 1177 2107 esse
1190 2070 1474 2113 contemptum,
1491 2059 1543 2097 ita

214 2148 446 2196 despectum
474 2151 516 2182 ut
544 2141 663 2181 etiam
692 2151 770 2177 una
800 2149 891 2176 cum
921 2132 1059 2173 ceteris
1082 2130 1221 2171 Siculis
1249 2126 1540 2177 despoliaretur,
1563 2136 1600 2167 30

261 2261 276 2287 7
302 2255 375 2280 erat
399 2247 507 2287 suppl.
535 2244 701 2282 Sclzmalz,
726 2242 892 2278 leoma53
920 2241 996 2279 post
1011 2237 1155 2268 refertus
1171 2233 1260 2265 Nohl
1443 2229 1543 2260 homo

216 2295 279 2324 iarn
313 2292 489 2323 Lehmann
650 2297 691 2318 22
715 2286 772 2325 qui
804 2283 910 2324 quinti
942 2280 1131 2320 maximip:
1165 2278 1290 2318 quique
1318 2273 1463 2305 maxime
1494 2270 1544 2301 R:

217 2353 273 2408 riq:
294 2351 437 2398 maxime
455 2367 502 2398 S:
527 2366 651 2405 quique
669 2361 806 2394 maximi
824 2359 925 2390 HDw
942 2359 1042 2389 Prssc.
1144 2366 1184 2393 24
1209 2354 1371 2385 dixissem
1390 2352 1405 2380 δ
1505 2357 1545 2386 29

219 2420 285 2443 at:
305 2411 383 2442 RS:
409 2411 467 2440 abs
485 2411 572 2448 tep5
