1600 2704
33 109 301 148 ACTIONIS
324 109 385 147 IN
407 109 451 148 c.
475 109 717 147 VERREM
739 109 1039 148 SECVNDAE
1062 110 1163 147 LIB.
1188 111 1255 148 111
1305 118 1359 156 79
1384 114 1443 153 ωδ

33 218 100 257 illo
118 218 266 265 ordine,
290 219 465 270 patribus
486 218 653 266 familiis,
677 218 766 257 viris
787 219 902 258 bonis
928 228 1047 269 atque
1068 220 1255 267 honestis,
1279 235 1360 270 per-

31 283 248 321 contamini
269 283 366 334 quid
382 283 457 323 sibi
477 282 574 322 istae
589 282 939 334 quinquagesimae
960 283 1081 322 velint
1101 300 1108 323 :
1138 284 1215 322 iam
1237 286 1360 323 omni-

31 347 105 386 bus
132 347 366 398 intellegetis
395 361 539 387 novam
568 361 650 387 rem
683 356 807 386 totam
838 356 958 398 atque
991 348 1194 398 indignam
1224 349 1357 389 videri.

31 413 96 451 Ad
122 425 191 451 eos
218 426 281 452 me
309 412 455 451 scribas
486 425 635 460 revoca,
659 412 690 451 si
711 414 850 463 placet,
873 412 953 452 noli
980 414 1051 452 hos
1077 413 1269 463 colligere,
1293 415 1361 464 qui
1384 423 1443 462 184

0 492 11 523 5
30 477 245 516 nummulis
275 477 487 528 corrogatis
507 479 558 517 de
580 486 771 528 nepotum
792 478 908 517 donis
934 491 980 516 ac
1008 479 1058 516 de
1089 478 1359 518 scaenicorum

31 541 257 590 corollariis,
277 555 369 581 cum
396 542 597 582 decuriam
622 550 812 589 emerunt,
836 557 882 582 ex
913 543 1040 592 primo
1067 543 1205 582 ordine
1232 546 1361 594 explo-

31 619 163 644 sorum
195 606 235 645 in
270 609 490 647 secundum
524 608 704 647 ordinem
739 607 909 658 vcivitatis
949 622 990 646 se
1022 608 1176 647 venisse
1209 609 1357 647 dicunt.

33 671 113 709 Eos
133 671 279 711 scribas
300 680 431 711 tecum
459 673 741 723 disceptatores
768 673 884 711 huius
914 673 1086 711 criminis
1114 674 1273 712 habebo
1293 674 1358 723 qui

31 734 126 774 istos
153 736 300 775 scribas
329 751 415 777 esse
445 739 610 777 moleste
631 739 769 777 ferunt.
829 738 1005 777 Tametsi
1035 752 1125 776 cum
1157 739 1195 776 in
1226 752 1275 777 eo
1304 752 1360 777 or-

0 819 14 841 2
31 800 125 840 dine
145 801 349 841 videamus
370 817 455 843 esse
476 805 621 842 multos
643 817 723 842 non
744 803 922 850 idoneos,
938 803 1004 852 qui
1027 805 1125 843 ordo
1147 804 1360 842 industriae

30 866 254 916 propositus
293 875 351 906 est
390 876 428 907 et
466 868 657 918 dignitati,
696 867 924 907 mirabimur
958 868 1080 918 turpis
1118 868 1272 918 aliquos
1307 869 1360 907 ibi

30 944 115 970 esse
136 944 217 982 quo
237 931 360 970 cuivis
381 932 506 983 pretio
527 932 617 971 licet
638 932 869 983 pervenire?
927 934 989 970 Tu
1020 947 1066 971 ex
1096 934 1264 982 pecunia
1294 947 1360 983 pu·
1381 934 1436 971 80

31 995 133 1034 blica
154 998 225 1035 HS
247 997 466 1036 terdeciens
487 997 655 1036 scribam
677 1005 788 1036 tuum
809 997 1000 1047 permissu
1024 1005 1092 1035 tuo
1113 1010 1203 1035 cum
1231 998 1360 1036 abstu-

30 1061 121 1100 lisse
151 1062 305 1109 fateare,
330 1061 518 1112 reliquam
549 1062 619 1100 tibi
650 1063 770 1100 ullam
794 1062 1067 1100 defensionem
1099 1070 1213 1111 putas
1243 1065 1361 1100 esse?

0 1127 108 1174 5hoc
137 1139 378 1176 quemquam
401 1128 498 1166 ferre
527 1140 654 1177 posse,
678 1127 753 1164 boc
778 1139 1020 1176 quemquam
1051 1126 1225 1176 denique
1255 1140 1360 1165 nunc

31 1198 187 1229 tuorum
207 1192 489 1229 advocatorum
511 1190 645 1228 animo
671 1203 800 1240 aequo
830 1190 966 1229 audire
993 1191 1193 1234 arbitrare,
1214 1204 1291 1240 qua
1322 1191 1359 1228 in

30 1254 185 1294 civitate
224 1257 268 1295 C.
300 1255 456 1303 Catoni,
487 1255 683 1294 consulari
723 1255 885 1302 homini,
918 1255 1133 1294 clarissimo
1162 1255 1255 1302 viro,
1290 1258 1360 1294 Hs

31 1321 107 1358 W
129 1320 176 1358 lis
204 1321 411 1360 aestimata
438 1321 497 1367 sit,
521 1320 560 1358 in
588 1321 729 1360 eadem
760 1320 917 1359 civitate
940 1320 1150 1370 apparitori
1182 1328 1251 1358 tuo
1275 1334 1360 1360 esse

31 1398 264 1424 concessum
286 1394 328 1424 ut
350 1387 421 1424 HS
442 1385 660 1424 terdeciens
682 1399 762 1424 uno
783 1385 945 1423 nomine
966 1387 1163 1423 auferret?

0 1464 14 1487 2
85 1450 195 1489 Hinc
229 1450 294 1489 ille
327 1458 386 1490 est
418 1452 559 1489 anulus
590 1464 731 1489 aureus
765 1463 846 1499 quo
880 1458 921 1488 tu
956 1450 1072 1488 istum
1105 1450 1143 1487 in
1174 1450 1361 1489 contione
1384 1453 1443 1493 185

30 1515 186 1554 donasti
200 1531 211 1564 3
241 1529 343 1566 quae
363 1523 430 1555 tua
449 1515 613 1555 donatio
629 1514 813 1565 singulari
830 1514 1077 1564 impudentia
1097 1528 1200 1553 nova
1221 1513 1361 1553 Siculis

30 1580 226 1628 omnibus,
264 1581 359 1620 mihi
393 1593 485 1620 vero
519 1580 636 1619 etiam
672 1579 913 1618 incredibilis
946 1579 1161 1618 videbatur.
1236 1581 1362 1629 Saepe

30 1647 134 1684 enim
164 1648 287 1686 nostri
317 1646 572 1697 imperatores
603 1645 794 1696 superatis
826 1645 1016 1691 hostibus,
1052 1645 1201 1694 optime
1231 1658 1271 1683 re
1296 1658 1363 1694 pu-

31 1711 134 1750 blica
152 1720 270 1762 gesta,
295 1712 441 1751 scribas
462 1725 553 1750 suos
574 1711 701 1749 anulis
721 1710 848 1749 aureis
869 1710 908 1747 in
930 1709 1115 1748 contione
1137 1711 1334 1748 donarunt
1355 1725 1361 1747 z

0 1790 12 1821 5
32 1783 73 1815 tu
93 1790 186 1815 vero
215 1778 358 1828 quibus
387 1778 502 1816 rebus
531 1777 659 1828 gestis,
683 1789 764 1826 quo
785 1776 897 1814 hoste
919 1783 1103 1824 superato
1132 1774 1360 1813 contionem

29 1842 207 1881 donandi
238 1856 356 1881 causa
389 1843 582 1881 advocare
619 1854 738 1880 ausus
776 1841 849 1880 es?
906 1841 1049 1889 Neque
1087 1838 1192 1878 enim
1233 1840 1359 1877 solum

30 1907 197 1946 scribam
227 1916 339 1946 tuum
368 1909 499 1955 anulo,
534 1908 604 1946 sed
633 1907 751 1946 etiam
786 1905 910 1945 virum
942 1904 1199 1942 fortissimum
1228 1917 1274 1941 ac
1304 1903 1360 1941 tui

28 1971 346 2019 dissimillimum,
370 1974 419 2021 Q.
444 1972 656 2019 Rubrium,
676 1973 932 2010 excellentem
959 1970 1099 2007 virtute
1128 1967 1360 2006 auctoritate

29 2037 164 2088 copiis,
187 2051 334 2076 corona
357 2044 395 2076 et
415 2036 583 2087 phaleris
611 2045 650 2075 et
674 2044 814 2085 torque
841 2035 1008 2080 donasti,
1036 2035 1090 2071 M.
1115 2032 1357 2078 Cossutium,

75 2152 89 2172 1
120 2141 261 2172 familias
279 2140 310 2171 O
498 2150 516 2170 2
540 2139 698 2170 omnibus
719 2138 780 2169 VO
799 2150 806 2169 :
829 2145 986 2178 omnesp
1003 2138 1065 2168 rell.
1245 2146 1266 2175 3
1290 2146 1358 2166 rem

30 2195 150 2217 novam
169 2184 200 2215 Ο
348 2195 369 2223 9
392 2183 533 2215 moleste
551 2183 661 2213 ferunt
677 2192 754 2213 esse
775 2182 806 2211 V
958 2192 993 2211 11
1021 2181 1064 2211 ibi
1083 2190 1158 2211 esse
1171 2179 1219 2210 cO
1235 2190 1241 2209 :
1266 2180 1299 2209 in
1318 2189 1358 2209 eo

30 2238 105 2260 esse
117 2229 192 2268 qu.
211 2227 319 2258 Habet
340 2226 461 2266 unid
478 2226 676 2257 mirabimur
691 2226 798 2256 turbis
815 2235 891 2256 esse
908 2225 1039 2264 aliquos
1188 2233 1226 2253 12
1250 2222 1359 2262 pretio

31 2271 109 2303 licet
129 2271 190 2301 VO
206 2283 212 2301 :
236 2271 313 2301 licet
330 2271 477 2310 pretiop
494 2271 557 2300 rell.
683 2279 720 2307 14
745 2269 845 2299 ullam
863 2279 928 2299 om.
950 2267 981 2298 O
1097 2277 1133 2306 ¹5
1156 2275 1358 2306 quemquam

32 2314 119 2346 ferre
144 2314 226 2345 VO:
263 2315 352 2344 ferre
376 2323 577 2353 quemquam
597 2318 622 2352 p
644 2312 708 2343 rell.
737 2312 815 2352 (hoe
837 2321 1038 2351 quemquam
1065 2311 1212 2349 denique
1236 2309 1286 2340 ελ.
1304 2308 1357 2348 p‘-')

31 2367 70 2388 21
95 2357 259 2397 singulari
278 2357 484 2396 impudentia
503 2356 556 2387 O:
580 2356 666 2394 sing.
687 2356 764 2395 imp.
786 2355 940 2395 praedita
962 2354 1032 2394 Issi-¹
1045 2354 1109 2385 rell.
1130 2365 1136 2384 z
1161 2364 1186 2384 s.
1204 2354 1224 2384 i.
1238 2354 1358 2383 donata

25 2405 51 2441 p
182 2402 223 2430 28
247 2400 469 2431 excellentem
492 2399 567 2429 VcO
587 2411 593 2429 :
619 2401 655 2430 >ti
670 2404 694 2438 p
711 2399 775 2429 rell.
