1600 2704
92 145 222 189 52138
540 125 596 162 M.
628 116 798 159 TVLLI
830 102 1138 152 CICERONIS

166 263 264 298 ram,
302 254 341 286 et
380 256 421 283 se
460 251 551 279 cum
590 235 665 274 isto
704 227 910 277 diligenter
945 213 1319 258 sermocinaturam3
1355 199 1495 242 reverti

166 317 286 356 iubet.
346 312 452 348 Turn
479 301 713 343 discedunt:
748 286 937 343 postridie
964 285 1220 322 revertuntur.

681 360 687 367 ’
708 374 715 381 ·
745 362 1000 408 permagnam
1031 357 1121 385 eum
1147 340 1279 380 dicere
1305 348 1352 374 ex
1371 332 1437 371 illa
1459 341 1500 367 re

170 440 381 496 pecuniam
402 431 544 475 confici
566 439 692 480 posse.

102 516 153 556 53
226 509 375 546 Vereor
404 514 455 539 ne
485 496 572 548 quis
601 494 699 531 forte
727 488 778 527 de
804 482 964 536 populo,

174 572 312 618 adfuit,
357 570 467 611 haec,
514 559 606 611 quia
648 560 806 607 propter
847 546 1041 595 insignem
1086 531 1372 587 turpitudinem
1416 529 1508 564 sunt

176 633 433 679 incredibilia,
465 626 559 677 fingi
585 638 608 663 a
635 635 698 661 me
724 616 939 658 arbitretur.
1001 609 1060 646 Ea
1088 615 1158 643 vos
1188 606 1314 643 antea,
1345 590 1507 635 iudices,

100 721 158 755 139
179 697 427 753 cognovistis.
490 689 598 731 Dixit
641 687 788 725 iuratus
827 681 868 717 P.
910 673 1052 719 Titius,
1087 675 1193 706 tutor
1230 657 1368 713 pupilli
1407 653 1513 701 Iuni,

181 767 277 808 dixit
317 765 374 802 M.
417 757 558 800 Iunius
600 759 705 791 tutor
744 754 782 787 et
820 750 1005 794 patruus,
1049 730 1222 773 Mustius
1266 723 1437 767 dixisset,
1483 717 1514 756 si

992 475 1059 527 qui
1085 471 1214 524 priore
1243 464 1400 506 actione
1423 471 1505 499 non
1527 472 1543 503 5

186 893 400 939 Domitius,

189 976 237 1002 eo
283 972 369 999 sum
413 966 507 994 usus
550 947 765 1001 plurimum
804 935 967 989 (etenim

192 1025 371 1066 omnium
407 1021 653 1059 fortunarum
686 1017 843 1047 suarum
880 1002 925 1041 C.
960 999 1005 1036 M

193 1090 433 1132 defendente
453 1080 574 1131 vicit),
597 1088 688 1116 cum
715 1074 804 1117 hoc,
827 1075 870 1106 ut
893 1065 995 1110 dico,

196 1156 294 1196 scire
325 1153 376 1191 ad
416 1161 507 1189 eum
538 1157 598 1183 res
638 1136 766 1179 omnis
808 1130 1002 1172 Mustium
1043 1138 1086 1163 so

198 1232 331 1261 tamen
348 1219 397 1256 de
419 1210 643 1254 Chelidone
660 1199 813 1243 reticuit
829 1195 961 1248 quoad
982 1188 1121 1243 potuit,
1139 1184 1216 1224 alio
1231 1174 1531 1230 responsionem

202 1298 313 1327 suam
330 1278 527 1322 derivavit.
570 1275 725 1312 Tantus
740 1267 781 1305 in
796 1264 1049 1303 adulescente
1065 1248 1280 1293 clarissimo
1296 1256 1341 1283 ac
1357 1237 1535 1293 principe

204 1346 416 1390 iuventutis
437 1343 565 1395 pudor
586 1337 658 1377 fuit
678 1342 720 1373 ut
740 1331 912 1380 aliquam
934 1324 1015 1370 diu,
1037 1331 1128 1359 cum
1149 1329 1172 1354 a
1191 1325 1255 1352 me
1281 1310 1534 1361 premeretur,

450 1408 456 1414 ”
1349 1370 1539 1413 minaret;

1245 1451 1330 1479 esse
1369 1433 1538 1478 dicebat,
1562 1444 1600 1468 20

1009 994 1134 1034 ustius
1162 985 1311 1031 habuit,
1345 994 1410 1020 me
1443 989 1524 1016 uno

1018 1059 1131 1100 sciret
1156 1057 1199 1093 L.
1228 1045 1440 1092 Domitius,
1462 1054 1526 1081 me

217 1733 505 1778 arbitrabatur?

151 1812 202 1850 54
276 1799 428 1841 Reiecti
458 1810 481 1835 a
511 1791 733 1835 Chelidone
764 1782 925 1835 capiunt
955 1773 1164 1817 consilium
1198 1760 1475 1807 necessarium,
1505 1762 1549 1795 ut
1569 1767 1600 1798 ²5

222 1865 435 1916 suscipiant
461 1859 534 1911 ipsi
560 1853 774 1906 negotium.
836 1849 939 1888 Cum
962 1836 1155 1881 Habonio
1174 1840 1314 1876 tutore,
1337 1825 1447 1877 quod
1471 1827 1552 1861 erat

222 1933 285 1971 vix
302 1931 374 1969 Hs
395 1922 653 1978 quadraginta
671 1916 834 1961 milium,
853 1908 1071 1957 transigunt
1091 1902 1164 1941 HS
1185 1892 1366 1938 ducentis
1382 1887 1552 1929 milibus.

227 1997 362 2036 Dssert
400 1992 452 2031 ad
490 1990 608 2028 istum
649 1996 730 2022 rem
766 1974 1003 2018 Habonius:
1041 1975 1084 2007 ut
1123 1962 1197 2004 sibi
1234 1960 1423 2002 videatur,
1464 1950 1556 1991 satis

227 2060 414 2111 grandem
449 2051 660 2106 pecuniam
695 2054 734 2086 et
772 2042 864 2083 satis
896 2036 1170 2088 impudentem
1205 2038 1301 2066 esse.
1362 2022 1453 2065 Iste,
1491 2013 1558 2065 qui

1463 2094 1555 2126 ium,
1579 2089 1600 2119 31

230 2125 430 2174 aliquanto
460 2121 547 2170 plus
583 2114 802 2165 cogitasset,
834 2106 937 2146 male
970 2097 1112 2149 accipit
1146 2091 1274 2133 verbis
1307 2086 1458 2127 Habon

1021 2203 1042 2233 8
1066 2200 1141 2233 Iuni
1157 2196 1203 2229 V:
1229 2192 1348 2233 Iuniip
1440 2197 1480 2217 10
1503 2182 1562 2215 sed

960 2249 980 2280 d
997 2256 1060 2288 pro
1078 2242 1205 2276 Mustio
1216 2258 1223 2265 ·
1240 2246 1308 2269 rec.
1328 2244 1364 2265 re
1381 2233 1424 2263 de
1440 2226 1564 2261 Mustio

1332 2278 1373 2308 28
1398 2273 1508 2305 desert
1524 2280 1564 2300 π;

1318 2331 1359 2361 3ο
1382 2314 1513 2355 accepit
1521 2312 1566 2353 pb

279 2237 291 2258 1
318 2237 354 2257 se
373 2234 446 2256 cum
465 2223 530 2253 isto
553 2219 620 2261 Vpb
638 2229 644 2249 :
669 2226 742 2248 cum
762 2214 826 2244 isto
837 2220 873 2243 se
884 2219 925 2250 qr

235 2270 363 2302 recenti
389 2278 425 2298 re
452 2267 493 2297 de
521 2264 565 2295 M.
586 2261 734 2293 auditum
755 2261 806 2288 est
824 2254 871 2286 V:
897 2261 957 2282 -se

236 2315 312 2346 aud.
329 2312 372 2352 pb
391 2310 431 2350 (1,
454 2312 468 2347 ξ
486 2309 536 2347 33*
632 2305 712 2334 titus
729 2302 818 2332 dom.
832 2297 898 2338 pbr

240 2357 339 2388 refert
358 2355 393 2384 ὸδ
467 2351 623 2380 videatur
640 2346 718 2377 coni.
734 2341 884 2374 Ernesti:
908 2336 1082 2368 videbatur
1094 2336 1119 2372 p
1135 2325 1224 2360 codd.
