1600 2704
117 90 170 128 50

112 341 167 362 111

109 1114 167 1136 112

130 1908 173 1946 51

113 1968 172 1999 113

195 98 252 120 110
559 83 616 120 M.
648 83 817 120 TVLLI
849 79 1157 122 CICERONIS

190 191 349 243 civium,
379 193 419 232 in
449 207 529 244 quo
558 207 631 244 ego
666 206 755 232 cum
787 195 968 243 loquerer
1001 192 1098 231 tanti
1128 192 1296 243 gemitus
1326 194 1519 243 fletusque

191 260 338 299 fiebant
369 266 411 298 ut
439 259 715 298 acerbissimus
745 266 828 297 tota
857 259 954 297 urbe
983 260 1111 296 luctus
1140 258 1282 296 versari
1311 258 1518 296 videretur.

192 325 286 362 Non
315 324 369 362 illi
408 325 665 363 decumarum
705 322 879 373 imperia,
919 336 1000 362 non
1036 323 1231 361 bonorum
1266 321 1517 372 direptiones,

191 400 272 426 non
307 387 441 438 iniqua
474 387 630 434 iudicia,
662 400 743 425 non
778 387 1022 437 importunas
1054 386 1164 425 istius
1202 385 1397 432 libidines,
1439 399 1521 424 non
1580 418 1582 430 ,

191 452 281 500 vim,
305 466 385 491 non
407 453 667 491 contumelias
689 451 832 502 quibus
854 451 979 490 vexati
1006 450 1262 501 oppressique
1292 458 1401 489 erant
1431 463 1520 488 con·
1541 462 1557 494 5
1580 440 1591 503 ἕ,

191 517 482 566 querebantur,
531 516 683 556 Cereris
717 529 876 562 numen,
918 529 1116 555 sacrorum
1155 522 1400 562 vetustatem,
1442 515 1521 553 fani
1579 535 1581 543 ‹

191 580 419 631 religionem
450 580 560 619 istius
588 580 874 619 sceleratissimi
898 587 1018 630 atque
1046 579 1298 619 audacissimi
1328 579 1521 630 supplicio

189 645 334 694 expiari
355 645 541 683 volebant
556 658 567 692 3
595 645 729 682 omnia
745 658 786 683 se
807 652 936 683 cetera
950 645 1030 694 pati
1043 657 1088 682 ac
1102 646 1305 694 neglegere
1321 645 1518 682 dicebant.
1578 642 1580 686 ἶ

192 708 271 747 Hic
292 711 406 748 dolor
426 717 506 748 erat
527 716 659 747 tantus
679 716 722 747 ut
742 711 883 748 Verres
904 710 1001 747 alter
1014 709 1141 747 Orcus
1157 709 1310 747 venisse
1334 708 1521 746 Hennam
1578 733 1591 751 t

190 782 228 812 et
263 787 344 812 non
383 773 659 824 Proserpinam
690 780 911 824 asportasse
942 774 1012 812 sed
1044 772 1170 823 ipsam
1201 772 1418 822 abripuisse
1451 773 1522 812 Ce—
1543 785 1574 808 1<

190 852 313 877 rerem
348 839 553 877 videretur.
615 838 773 877 Etenim
802 838 895 876 urbs
924 836 990 875 illa
1018 850 1099 876 non
1130 837 1222 875 urbs
1251 836 1414 883 videtur,
1452 838 1522 875 sed
1580 869 1583 872 .

190 905 326 942 fanum
349 902 501 943 Cereris
523 916 608 942 esse
622 918 632 951 ,-
662 901 840 941 habitare
859 902 967 952 apud
984 914 1069 940 sese
1083 902 1267 941 Cererem
1284 900 1522 939 Hennenses
1578 928 1595 944 ⁷,

190 969 437 1016 arbitrantur,
471 975 514 1006 ut
545 967 642 1005 mihi
678 981 758 1006 non
790 966 894 1006 cives
933 965 1036 1005 illius
1068 965 1245 1013 civitatis,
1283 967 1352 1005 sed
1384 978 1522 1004 omnes

191 1034 426 1080 sacerdotes,
468 1045 607 1071 omnes
649 1034 809 1071 accolae
855 1038 975 1081 atque
1012 1030 1205 1070 antistites
1247 1029 1398 1071 Cereris
1437 1042 1522 1068 esse

190 1098 408 1137 videantur.
469 1096 616 1136 Henna
645 1104 687 1135 tu
717 1096 969 1135 simulacrum
1000 1095 1153 1136 Cereris
1178 1097 1313 1135 tollere
1333 1096 1520 1142 audebas,
1544 1107 1572 1139 η

192 1164 340 1201 Henna
362 1169 403 1200 tu
424 1162 475 1201 de
495 1175 615 1200 manu
637 1162 788 1201 Cereris
808 1160 1025 1199 Victoriam
1055 1161 1203 1211 eripere
1230 1168 1267 1200 et
1289 1162 1405 1199 deam
1425 1161 1523 1198 deae

191 1228 396 1265 detrahere
426 1233 591 1265 conatus
621 1228 692 1265 es?
720 1239 889 1276 quorum
919 1225 1017 1264 nihil
1037 1226 1193 1273 violare,
1216 1224 1313 1263 nihil
1333 1224 1523 1274 attingere
1580 1230 1581 1233 ’

190 1290 274 1329 ausi
296 1298 386 1329 sunt
407 1290 447 1328 in
468 1290 613 1341 quibus
634 1298 743 1329 erant
770 1291 903 1329 omnia
930 1303 1032 1341 quae
1061 1290 1197 1329 sceleri
1225 1289 1408 1341 propiora
1433 1296 1523 1327 sunt

191 1368 311 1405 quam
346 1354 532 1405 religioni.
593 1356 825 1394 Tenuerunt
858 1356 963 1394 enim
1003 1357 1045 1393 P.
1081 1354 1236 1405 Popilio
1276 1356 1317 1392 P.
1359 1354 1522 1405 Rupilio

190 1419 423 1458 consulibus
454 1419 565 1458 illurn
593 1421 726 1458 locum
756 1419 866 1466 servi,
889 1419 1050 1470 fugitivi,
1076 1418 1240 1466 barbari,
1263 1420 1422 1467 hostes;
1452 1420 1521 1458 sed
1543 1430 1570 1451 21

191 1497 321 1533 neque
343 1491 422 1522 tarn
444 1483 543 1523 servi
564 1483 618 1522 illi
642 1483 895 1523 dominorum
924 1497 1043 1534 quam
1068 1492 1110 1523 tu
1138 1483 1362 1532 libidinum,
1392 1497 1523 1534 neque
1574 1532 1576 1538 .

191 1556 271 1586 tam
293 1548 443 1599 fugitivi
473 1548 528 1587 illi
558 1549 609 1588 ab
640 1548 811 1587 dominis
833 1561 952 1598 quam
983 1556 1024 1587 tu
1051 1549 1101 1587 ab
1123 1548 1206 1587 iure
1227 1555 1265 1587 et
1285 1549 1336 1587 ab
1357 1548 1520 1599 legibus,

191 1627 321 1663 neque
342 1621 422 1652 tam
444 1613 598 1652 barbari
628 1613 761 1664 lingua
787 1621 825 1652 et
855 1613 1014 1652 natione
1041 1613 1095 1651 illi
1117 1625 1237 1663 quam
1264 1620 1306 1651 tu
1327 1620 1465 1652 natura
1486 1620 1523 1651 et
1573 1635 1583 1666 χ

192 1678 380 1725 moribus,
413 1691 544 1728 neque
583 1685 662 1716 tam
703 1677 757 1716 illi
796 1679 930 1716 hostes
965 1677 1194 1716 hominibus
1229 1690 1348 1728 quam
1383 1684 1425 1716 tu
1462 1677 1522 1716 dis
1571 1667 1583 1728 Ᾰ,

192 1742 490 1781 immortalibus.
552 1744 667 1791 Quae
698 1742 924 1792 deprecatio
956 1749 1015 1780 est
1048 1741 1163 1792 igitur
1193 1740 1229 1781 ei
1267 1741 1417 1791 reliqua
1456 1741 1523 1791 qui
1546 1750 1581 1781 2⁴

192 1806 425 1857 indignitate
463 1820 606 1854 servos,
647 1806 865 1846 temeritate
904 1805 1097 1856 fugitivos,
1139 1807 1285 1845 scelere
1323 1807 1521 1852 barbaros,
1570 1796 1582 1824 '²

192 1871 423 1911 crudelitate
443 1873 576 1911 hostes
597 1871 763 1911 vicerit?
1316 1914 1320 1917 ⁷

246 1936 425 1975 Audistis
446 1938 704 1976 Theodorum
722 1943 759 1975 et
777 1935 1023 1975 Numenium
1039 1943 1077 1974 et
1094 1934 1360 1983 Nicasionem,
1376 1936 1524 1985 legatos
1569 1925 1571 1949 ²

195 2000 436 2048 Hennensis,
460 2001 619 2052 publice
648 2000 779 2040 dicere
806 2014 891 2039 sese
920 2013 943 2038 a
972 1999 1051 2038 suis
1073 1999 1224 2038 civibus
1254 2000 1352 2038 haec
1379 1999 1525 2037 habere

195 2067 393 2114 mandata,
417 2073 459 2105 ut
479 2068 531 2106 ad
551 2068 714 2106 Verrem
735 2065 888 2104 adirent
909 2072 947 2104 et
977 2077 1067 2103 eum
1096 2063 1348 2103 simulacrum
1371 2062 1523 2103 Cereris
1543 2069 1579 2103 δ’·

242 2179 253 2198 1
283 2170 380 2200 fletus
397 2168 610 2209 gemitusque
621 2169 673 2209 pb,
695 2168 887 2200 Martianus
906 2167 1034 2208 Capella
1054 2168 1101 2208 (v,
1123 2169 1138 2206 ξ
1160 2168 1241 2205 163:
1266 2166 1304 2199 S.
1321 2167 1416 2198 Rosc.
1440 2165 1522 2205 §24)
1567 2176 1573 2199 ¹.

195 2223 216 2251 9
241 2213 366 2243 Verres
396 2223 459 2243 om.
488 2213 627 2244 Servius
659 2212 706 2243 ad
726 2212 813 2243 Aen.
840 2212 883 2243 vi.
909 2222 984 2250 237,
1009 2210 1068 2242 del.
1102 2211 1285 2243 Garatoni:
1320 2211 1386 2250 ipse
1410 2210 1525 2240 malim

196 2256 327 2286 venisse
354 2256 512 2286 Hennam
540 2257 666 2287 Verres
802 2256 840 2286 16
865 2255 1022 2294 deripere
1040 2255 1085 2294 p&
1241 2263 1281 2292 19
1304 2254 1393 2284 enim
1418 2263 1482 2284 om.
1506 2264 1526 2282 π
1569 2266 1574 2275 =

197 2308 237 2328 22
261 2299 302 2328 ab
330 2299 474 2329 dominis
503 2299 565 2339 Rp,
584 2299 688 2330 Ams.
711 2297 833 2330 Mess.:
865 2309 885 2329 a
911 2299 998 2329 dom.
1018 2297 1065 2329 56
1154 2298 1196 2328 ab
1220 2296 1354 2335 legibus
1371 2296 1455 2335 RSp
1476 2307 1482 2325 :
1507 2306 1525 2325 a
1566 2307 1582 2327 ,-

196 2341 261 2379 leg.
283 2343 309 2379 δ,
329 2342 432 2372 Arus.
452 2342 549 2373 chss.
1566 2355 1575 2361 ”
