1600 2704
314 488 382 537 M.
435 487 651 536 TVLLI
707 487 1107 536 c1cERoN1s

223 614 296 662 IN
351 614 412 675 Q.
465 613 869 661 CAECILIVM
920 613 1206 661 ORATIO

205 738 404 799 QVAE
458 737 861 786 DIVINATIO
904 717 1224 786 ‘DICITVR

103 862 145 899 Sr
176 861 263 911 quis
294 869 476 908 vestrum,
511 860 672 908 iudices,
708 869 774 900 aut
808 875 944 900 eorum
979 863 1046 912 qui
1080 865 1234 909 adsunt,
1276 856 1411 901 forte¹

48 924 208 964 miratur
229 939 302 972 me,
326 925 394 976 qui
415 933 472 964 tot
498 939 625 964 annos
652 926 691 963 in
720 926 847 964 causis
868 926 1103 976 iudiciisque
1133 927 1302 976 publicis
1324 927 1375 965 ita
1399 916 1409 936 ¹

48 989 121 1027 sim
162 998 334 1029 versatus
374 997 416 1028 ut
454 989 698 1028 defenderim
745 991 904 1037 multos,
943 990 1119 1028 laeserim
1161 991 1373 1037 neminem,

47 1054 180 1093 subito
210 1068 316 1092 nunc
348 1061 496 1092 mutata
518 1055 719 1092 voluntate
743 1055 793 1091 ad
823 1056 1091 1093 accusandum
1120 1056 1372 1101 descendere,

10 1135 26 1167 5
48 1118 90 1165 is,
114 1118 145 1156 si
167 1118 243 1156 mei
264 1118 403 1156 consili
424 1131 583 1156 eausam
606 1117 879 1168 rationemque
906 1119 1145 1169 cognoverit,
1169 1134 1246 1158 una
1275 1128 1313 1158 et
1335 1121 1375 1158 id

47 1184 157 1232 quod
192 1182 294 1221 facio
325 1182 518 1232 probabit,
556 1190 594 1221 et
629 1182 668 1220 in
704 1184 778 1221 hac
812 1196 929 1221 causa
962 1185 1140 1234 profecto
1174 1185 1374 1223 neminem

49 1248 372 1297 praeponendum
397 1247 490 1285 mihi
513 1261 598 1286 esse
617 1255 790 1286 actorem
812 1248 976 1298 putabit.

101 1314 204 1352 Cum
236 1320 420 1363 quaestor
448 1312 488 1350 in
525 1313 657 1352 Sicilia
690 1313 865 1361 fuissem,
895 1313 1056 1361 iudices,
1089 1315 1220 1365 itaque
1252 1329 1299 1354 ex
1330 1330 1376 1354 ea
1398 1333 1411 1353 2

47 1377 247 1429 provincia
279 1378 537 1417 decessissem
571 1386 612 1416 ut
645 1378 785 1417 Siculis
818 1379 1003 1417 omnibus
1039 1380 1253 1419 iucundam
1293 1381 1377 1419 diu-

0 1459 29 1481 :0
49 1451 283 1494 turnamque
323 1444 553 1483 memoriam
593 1452 826 1494 quaesturae
866 1445 1118 1495 nominisque
1153 1446 1229 1484 mei
1264 1447 1376 1484 relin‹

47 1523 219 1559 querem,
243 1510 390 1547 facturn
413 1516 470 1547 est
498 1509 552 1547 uti
578 1523 668 1548 curn
696 1522 894 1547 summum
924 1509 962 1547 in
985 1511 1180 1549 veteribus
1202 1511 1375 1561 patronis

48 1574 192 1622 multis,
215 1582 297 1613 turn
320 1588 401 1613 non
423 1576 574 1613 nullum
596 1574 713 1613 etiam
729 1574 768 1612 in
784 1588 846 1613 me
861 1574 1097 1624 praesidium
1114 1576 1192 1613 suis
1210 1577 1376 1614 fortunis

47 1639 304 1678 constitutum
327 1653 412 1679 esse
432 1639 719 1678 arbitrarentur.
780 1640 913 1688 Quare
934 1653 1040 1678 nunc
1060 1641 1236 1690 populati
1256 1648 1375 1691 atque

46 1705 172 1744 vexati
193 1705 325 1744 cuncti
345 1706 396 1744 ad
418 1719 480 1744 me
507 1704 665 1755 publice
693 1718 810 1754 saepe
837 1713 1039 1751 venerunt,
1062 1714 1104 1743 ut
1125 1719 1281 1744 suarum
1304 1708 1375 1744 for-

0 1784 26 1816 ’5
47 1777 228 1809 tunarum
249 1770 428 1809 omnium
445 1784 603 1809 causam
620 1770 974 1820 defensionemque
995 1770 1244 1820 susciperem.
1306 1773 1376 1809 Me

47 1849 164 1886 saepe
195 1849 280 1875 esse
314 1836 544 1886 pollicitum,
576 1849 694 1886 saepe
728 1835 948 1874 ostendisse
975 1835 1172 1882 dicebant,
1205 1836 1236 1873 si
1265 1837 1375 1886 quod

47 1908 202 1951 tempus
215 1901 433 1948 accidisset,
447 1915 527 1951 quo
541 1909 718 1952 tempore
731 1901 880 1951 aliquid
893 1914 915 1938 a
929 1914 992 1938 me
1005 1900 1254 1949 requirerent,
1271 1914 1376 1939 com-

48 1966 176 2004 modis
198 1979 333 2005 eorum
362 1980 425 2005 me
453 1980 534 2006 non
555 1968 793 2005 defuturum.
852 1965 1020 2004 Venisse
1041 1973 1196 2015 tempus
1217 1965 1375 2004 aiebant
1396 1979 1413 2008 3

47 2044 128 2069 non
158 2030 234 2069 iam
266 2039 307 2069 ut
337 2029 550 2070 commoda
579 2045 660 2078 sua,
683 2033 752 2069 sed
775 2038 816 2068 ut
837 2030 956 2068 vitam
987 2031 1234 2080 salutemque
1255 2030 1375 2068 totius

90 2145 110 2165 2
133 2135 298 2166 mirantur
319 2135 464 2176 plerique
488 2135 601 2167 codd:
635 2145 718 2165 num
747 2135 942 2166 mirabitur?
971 2133 1035 2173 (CI.
1063 2133 1144 2165 Rev.
1173 2135 1265 2166 xviii.
1293 2136 1374 2174 440)

45 2179 102 2217 qui
120 2188 181 2217 per
197 2182 246 2209 tot
269 2179 401 2219 (Quint.
426 2180 467 2210 iv.
491 2189 518 2210 1.
544 2179 600 2218 49)
623 2179 696 2218 G2L
785 2180 847 2209 sim
874 2180 921 2209 ita
948 2190 970 2208 π
1110 2187 1129 2217 3
1155 2179 1375 2210 defenderem

45 2221 136 2252 codd.
270 2233 289 2261 4
314 2223 546 2254 descenderim
565 2223 701 2254 DnAsc.
856 2233 877 2261 9
900 2222 1125 2253 decessissem
1142 2222 1183 2252 πὸ
1202 2222 1237 2258 (i,
1259 2225 1274 2260 ξ
1293 2223 1341 2262 52
1368 2235 1375 2252 :

46 2265 279 2296 discessissem
312 2267 377 2297 ΒΨ
532 2276 569 2304 13
595 2266 709 2305 Quare
735 2266 899 2304 DG2KZ:
932 2267 989 2305 qui
1017 2277 1038 2296 π
1062 2270 1092 2296 et
1110 2265 1255 2306 plerique
1281 2266 1372 2296 codd.

49 2318 86 2347 14
110 2310 244 2348 publice
271 2320 375 2350 saepe
402 2309 515 2341 codd.:
554 2320 656 2349 saepe
688 2320 756 2340 om.
786 2321 809 2345 r,
838 2310 896 2341 del.
922 2309 1033 2339 Balce:
1069 2310 1240 2348 supplices
1271 2319 1375 2348 saepe

41 2351 79 2389 J.
96 2351 248 2384 Paulson
372 2353 580 2385 fortunarum
605 2364 737 2384 suarum
764 2353 836 2391 (sed
856 2363 931 2384 cum
951 2353 1055 2394 signis
1076 2354 1215 2393 transp)
1236 2352 1279 2391 D,
1299 2353 1375 2383 ilem

47 2395 156 2434 G2LK
170 2398 203 2436 (ξ
225 2407 263 2436 3ῐ
283 2397 386 2437 infra)
524 2399 562 2428 16
586 2407 662 2428 esse
678 2407 743 2428 om.
757 2403 781 2438 p
926 2407 964 2435 19
989 2407 1048 2427 sua
1065 2401 1093 2427 et
1108 2401 1145 2426 ut
1163 2407 1227 2426 om.
1244 2402 1267 2435 p

90 2449 151 2470 cre.
172 2449 252 2472 VER.
323 2442 346 2479 †
1273 2442 1282 2469 l
