1600 2704
108 115 377 155 ACTIONIS
400 115 460 153 IN
482 114 527 154 C.
544 113 787 152 VERREM
808 113 1108 152 SECVNDAE
1131 113 1234 151 LIB.
1259 113 1324 151 III
1387 121 1433 150 10

107 229 392 278 persequatur?
449 226 640 266 Miserum
660 233 781 275 atque
801 224 980 275 iniquum
998 227 1005 262 !
1060 225 1119 262 Ex
1139 236 1231 273 agro
1251 224 1432 263 homines

107 292 278 331 traducis
312 290 352 329 in
386 292 529 338 forum,
558 290 610 328 ab
641 297 769 329 aratro
799 290 850 328 ad
885 288 1080 335 subsellia,
1114 289 1164 326 ab
1197 301 1269 326 usu
1303 302 1430 326 rerum

106 355 337 394 rusticarum
382 357 434 395 ad
479 353 675 393 insolitam
721 353 830 392 litem
874 360 993 403 atque
1038 352 1261 391 iudicium?
1329 354 1430 391 Cum

1457 115 1496 148 26

1452 341 1487 367 11

107 420 292 459 omnihus
319 420 360 459 in
385 419 470 459 aliis
491 418 756 468 vectigalibus,
780 417 898 456 Asiae
925 416 1187 456 Macedoniae
1214 417 1433 468 Hispaniae
1480 418 1486 430 ¹

67 500 86 530 5
106 484 258 523 Galliae
278 483 435 523 Africae
459 482 670 530 Sardiniae,
694 482 815 533 ipsius
838 482 975 521 Italiae
995 495 1096 532 quae
1117 481 1319 531 vectigalia
1344 490 1433 519 sunt

106 562 250 587 *cum
270 548 312 586 in
331 548 403 596 his,
426 547 599 598 inquam,
623 548 738 586 rebus
760 546 945 585 omnibus
971 546 1205 596 publicanus
1226 546 1368 596 petitor
1388 561 1434 585 ac

105 613 336 663 pignerator,
360 626 443 651 non
472 619 626 662 ereptor
655 624 785 662 neque
815 624 1017 661 possessor
1047 612 1169 649 soleat
1197 624 1292 657 esse,
1316 619 1356 650 tu
1385 613 1435 650 de

105 677 271 727 optimo,
300 678 351 716 de
381 675 606 724 iustissimo,
638 677 689 716 de
724 675 1002 715 honestissimo
1036 688 1178 725 genere
1211 675 1434 723 hominum,

105 744 182 780 hoc
211 749 270 781 est
298 743 351 781 de
379 741 607 788 aratoribus,
631 754 678 780 ea
706 740 789 778 iura
819 740 1086 778 constituebas
1117 753 1219 789 quae
1248 740 1433 779 omnibus

49 823 87 845 10
104 806 189 845 aliis
228 815 359 846 essent
398 806 620 845 contraria?
679 807 822 843 Vtrum
862 813 920 843 est
955 804 1130 854 aequius,
1167 806 1432 843 decumanum

104 879 237 923 petere
257 885 307 910 an
328 879 521 910 aratorem
539 871 743 920 repetere?
771 869 961 908 iudicium
984 869 1133 919 integra
1152 883 1192 908 re
1212 883 1262 908 an
1284 869 1434 919 perdita

106 936 218 975 fieri?
260 950 351 975 eum
386 935 455 986 qui
494 949 614 974 manu
646 934 865 985 quaesierit,
902 948 953 972 an
992 947 1082 972 eum
1118 934 1184 984 qui
1224 933 1348 984 digito
1388 934 1434 972 sit

105 1000 234 1039 licitus
264 1001 496 1051 possidere?
554 999 693 1048 Quid?
722 999 789 1049 qui
820 998 981 1048 singulis
1012 998 1110 1048 iugis
1139 1006 1261 1045 arant,
1288 998 1355 1048 qui
1385 998 1435 1036 ab

105 1080 224 1117 opere
250 1065 324 1117 ipsi
351 1079 432 1105 non
460 1065 800 1114 recedunt‚——quo
827 1064 867 1101 in
895 1076 1060 1102 numero
1088 1076 1252 1112 magnus
1279 1070 1370 1102 ante
1398 1072 1435 1101 te

47 1148 86 1180 15
105 1139 326 1184 praetorem
353 1142 540 1168 numerus
567 1142 613 1167 ac
640 1142 783 1179 magna
810 1128 1022 1167 multitudo
1050 1127 1271 1167 Siculorum
1297 1127 1434 1174 suits-n

104 1195 202 1246 quid
225 1195 369 1234 facient
393 1208 484 1233 cum
505 1193 686 1233 dederint
707 1193 885 1244 Apronio
907 1195 1015 1243 quod
1044 1192 1297 1243 poposcerit?
1326 1193 1435 1231 relin-

104 1267 226 1311 quent
279 1260 486 1307 arationes,
537 1258 760 1308 relinquent
816 1260 957 1297 Larem
1009 1257 1239 1297 familiarem
1291 1259 1436 1296 suum?

104 1325 261 1364 venient
309 1326 529 1375 Syracusas,
571 1332 614 1363 ut
659 1332 697 1362 te
740 1331 918 1374 praetore
956 1323 1138 1362 videlicet
1180 1336 1309 1373 aequo
1353 1323 1435 1361 iure

104 1390 339 1440 Apronium,
371 1389 532 1429 delicias
566 1402 612 1427 ac
644 1388 764 1427 vitam
804 1397 922 1436 tuam,
960 1387 1107 1426 iudicio
1147 1387 1434 1438 recuperatorio

46 1471 88 1493 20
104 1456 417 1507 persequantur?
484 1456 634 1492 Verum
673 1462 782 1492 esto:
834 1452 1046 1503 reperietur
1083 1452 1204 1502 aliqui
1245 1452 1353 1491 fortis
1397 1461 1434 1491 et

105 1521 306 1571 experiens
332 1528 470 1567 arator,
494 1519 572 1569 qui,
596 1533 687 1557 cum
715 1526 868 1557 tantum
894 1518 1046 1557 dederit
1071 1520 1294 1557 decumano
1315 1531 1435 1568 quan-

103 1595 187 1624 tum
218 1586 281 1624 ille
311 1585 447 1624 deberi
477 1584 626 1630 dixerit,
660 1584 808 1623 iudicio
838 1592 987 1634 repetat
1017 1592 1054 1622 et
1086 1597 1255 1633 poenam
1286 1582 1435 1633 octupli

104 1659 383 1702 persequatur:
427 1657 614 1699 exspecto
651 1649 731 1687 vim
770 1648 900 1696 edicti,
939 1648 1183 1688 severitatem
1224 1647 1434 1698 praetoris:

105 1717 216 1754 faveo
254 1715 408 1762 aratori,
449 1714 567 1764 cupio
611 1713 759 1764 octupli
803 1714 981 1752 damnari
1023 1713 1254 1763 Apronium.
1325 1712 1435 1761 Quid

47 1795 86 1829 25
106 1782 267 1820 tandem
301 1781 473 1830 postulat
507 1780 662 1817 arator?
702 1778 798 1817 nihil
830 1778 905 1817 nisi
937 1793 983 1818 ex
1013 1778 1143 1817 edicto
1173 1777 1363 1816 iudicium
1395 1777 1434 1815 in

106 1848 319 1895 octuplum.
381 1844 491 1893 Quid
514 1843 745 1896 Apronius?
778 1857 859 1882 non
889 1852 1051 1882 recusat.
1114 1843 1222 1891 Quid
1252 1845 1435 1893 praetor?

104 1910 213 1949 iubet
242 1917 536 1959 recuperatores
561 1908 718 1947 reicere.
782 1908 994 1946 ‘Decurias
1026 1908 1265 1946 scribamus.’
1324 1909 1434 1955 Quas

104 1974 312 2014 decurias?
348 1975 420 2012 ‘de
450 1975 612 2012 cohorte
646 1986 734 2011 mea
768 1972 928 2021 reicies,'
958 1973 1095 2022 inquit.
1161 1971 1324 2020 ‘Quid?
1363 1971 1434 2009 ista

104 2041 246 2079 cohors
290 2051 459 2089 quorum
507 2037 714 2075 hominum
763 2038 870 2075 est?'
936 2037 1076 2075 Volusi
1125 2035 1339 2085 haruspicis
1396 2044 1433 2073 et

48 2121 87 2150 30
105 2104 265 2145 Corneli
287 2102 430 2142 medici
457 2111 495 2141 et
523 2103 663 2140 horum
691 2115 836 2140 canum
857 2115 958 2152 quos
978 2101 1148 2140 tribunal
1170 2115 1303 2140 meum
1323 2101 1433 2140 vides

149 2219 168 2238 2
191 2207 338 2239 traducis
359 2206 486 2247 VOpq:
511 2205 669 2235 miserum
694 2229 701 2236 .
731 2229 737 2236 .
767 2229 773 2236 .
802 2205 929 2235 traduci
948 2206 1034 2246 vulg.
1233 2205 1432 2235 rusticarum

107 2261 216 2282 rerum
239 2249 270 2280 Ο
434 2251 455 2278 6
478 2248 630 2279 omnibus
646 2259 713 2279 om.
738 2248 770 2277 V
885 2255 943 2279 aut
962 2248 1005 2280 Ο1
1023 2249 1163 2280 Mueller
1328 2259 1366 2278 12
1389 2248 1432 2277 sit

107 2295 214 2325 licitus
235 2294 281 2333 Vq
299 2292 399 2331 (prob.
420 2291 499 2323 Ziel.
521 2292 585 2331 Le.)-
607 2303 613 2321 :
639 2292 749 2322 licitus
766 2292 811 2322 sit
829 2291 893 2323 rell.
1013 2301 1052 2330 15
1072 2303 1112 2324 ac
1134 2293 1215 2324 VO:
1241 2304 1305 2324 0111.
1322 2298 1347 2332 p
1363 2291 1429 2322 rell.

106 2347 149 2367 20
171 2337 271 2375 aliqui
294 2336 377 2366 VO:
401 2335 558 2375 aliquisp
576 2335 641 2365 rell.
767 2345 806 2373 27
833 2336 1064 2367 exscribamus
1081 2337 1127 2367 cO
1248 2338 1289 2366 28
1314 2335 1433 2365 cohors

108 2380 169 2411 ista
191 2380 221 2409 V

1288 2423 1346 2453 14*-

1457 1456 1494 1486 28
