1600 2704
130 110 182 149 33
202 107 243 147 87
574 98 631 135 M.
664 97 833 134 TVLLI
866 96 1173 135 CICERONIS

203 209 276 249 illis
307 209 415 256 locis,
437 207 551 246 sicuti
579 208 616 245 in
645 219 787 257 magna
810 213 918 256 parte
949 205 1113 253 Siciliae,
1137 204 1359 251 multitudo,
1382 203 1536 254 collige-

202 275 298 313 bant
327 281 365 312 et
393 273 438 311 iis
467 272 595 311 miseri
626 271 846 321 perditique
866 270 1098 317 alebantur;
1127 271 1362 309 Cleomenes
1389 275 1534 314 autem,

202 338 269 388 qui
298 340 461 376 alterum
493 350 534 375 se
554 339 716 374 Verrem
737 349 827 374 cum
852 335 1000 374 luxurie
1027 348 1072 373 ac
1101 333 1274 384 nequitia
1303 341 1386 372 tum
1416 332 1534 372 etiam

202 402 367 452 imperio
398 409 562 452 putaret,
595 401 769 439 similiter
802 407 906 438 totos
940 399 1024 439 dies
1058 400 1097 437 in
1131 398 1242 437 litore
1280 398 1535 436 tabernaculo

132 479 183 516 34
202 468 332 517 posito
363 467 607 517 perpotabat.
681 467 785 503 Ecce
819 472 950 503 autem
985 471 1145 514 repente
1177 462 1287 501 ebrio
1316 463 1534 501 Cleomene
1556 477 1573 508 5

202 531 463 570 esurientibus
484 529 622 569 ceteris
642 529 843 568 nuntiatur
862 530 1071 578 piratarum
1100 541 1184 566 esse
1214 526 1323 566 navis
1350 525 1390 564 in
1419 533 1534 576 portu

202 598 404 646 Odysseae
422 611 431 643 ς
460 609 552 633 nam
569 595 622 633 ita
642 594 673 632 is
693 596 803 632 locus
820 594 1044 632 nominatur
1058 607 1069 640 3
1096 600 1228 630 nostra
1247 599 1379 630 autem
1400 590 1534 629 classis

201 669 281 698 erat
298 660 336 698 in
354 668 468 710 portu
485 659 669 709 Pachyni.
716 660 952 698 Cleomenes
971 664 1115 704 autem,
1131 657 1240 706 quod
1259 663 1340 695 erat
1356 663 1535 694 terrestre

201 724 439 774 praesidium
470 737 552 762 non
581 737 621 761 re
650 724 720 762 sed
750 722 921 769 nomine,
949 721 1115 772 speravit
1142 721 1187 759 iis
1217 720 1405 759 militibus
1433 733 1534 770 quos

200 803 247 827 ex
284 802 333 828 eo
371 791 460 828 loco
493 787 719 827 deduxisset
754 789 907 838 explere
945 800 987 825 se
1018 799 1225 824 numerum
1258 792 1464 824 nautarum
1495 792 1534 824 et
1557 802 1597 825 10

201 854 391 904 remigum
423 867 549 904 posse.
622 855 794 903 Reperta
831 860 889 891 est
924 852 1063 890 eadem
1102 850 1212 889 istius
1244 850 1415 889 hominis
1448 863 1534 888 ava-

201 919 340 957 rissimi
379 918 478 957 ratio
516 919 555 956 in
595 916 797 968 praesidiis
836 929 937 966 quae
974 916 1014 954 in
1053 915 1269 962 classibus3
1298 928 1389 953 nam
1424 922 1534 953 erant

141 993 181 1026 88
201 984 385 1033 perpauci
422 982 572 1032 reliqui,
600 983 717 1021 ceteri
756 981 916 1020 dimissi.
977 980 1163 1030 Princeps
1211 982 1446 1019 Cleomenes
1492 980 1533 1018 in

200 1047 436 1097 quadriremi
472 1047 729 1097 Centuripina
767 1048 914 1084 malum
961 1045 1065 1096 erigi,
1105 1047 1191 1083 vela
1228 1044 1320 1092 fieri,
1361 1044 1533 1095 praecidi

174 1124 179 1128 ·
198 1126 363 1151 ancoras
390 1111 606 1162 imperavit,
628 1119 666 1150 et
696 1111 812 1149 simul
840 1118 881 1150 ut
902 1124 943 1149 se
963 1110 1082 1149 ceteri
1102 1117 1357 1160 sequerentur
1377 1109 1530 1159 signum
1555 1129 1593 1162 ¹5

200 1177 283 1216 dari
315 1177 436 1215 iussit.
496 1177 610 1214 Haec
639 1175 897 1226 Centuripina
926 1175 1035 1213 navis
1061 1183 1141 1214 erat
1162 1174 1382 1214 incredibili
1402 1174 1532 1213 celeri-

200 1249 279 1280 tate
298 1241 392 1280 velis
412 1256 420 1288 ς
450 1254 542 1279 nam
563 1240 660 1279 scire
690 1240 766 1279 isto
785 1248 962 1290 praetore
982 1253 1101 1278 nemo
1121 1248 1272 1290 poterat
1293 1239 1389 1289 quid
1417 1253 1532 1289 quae-

200 1319 277 1355 que
309 1306 417 1344 navis
462 1305 578 1344 remis
623 1306 750 1344 facere
788 1312 920 1355 posset
938 1320 948 1352 ;
994 1304 1066 1343 etsi
1104 1304 1143 1342 in
1182 1306 1256 1343 hac
1295 1304 1532 1354 quadriremi

199 1378 357 1420 propter
377 1371 569 1408 honorem
590 1378 628 1408 et
643 1369 804 1420 gratiam
820 1369 1046 1410 Cleomenis
1062 1369 1224 1408 minime
1238 1370 1350 1408 multi
1366 1369 1532 1420 remiges

199 1443 237 1473 et
267 1435 409 1473 milites
434 1436 606 1474 deerant.
667 1436 850 1473 Evolarat
880 1436 956 1473 iam
982 1448 1003 1473 e
1030 1441 1246 1484 conspectu
1273 1435 1352 1473 fere
1378 1434 1531 1484 fugiens
1554 1451 1595 1474 20

200 1499 469 1550 quadriremis,
509 1513 600 1538 curn
639 1500 756 1538 etiam
791 1507 874 1537 turn
912 1506 1064 1538 ceterae
1098 1512 1216 1537 naves
1250 1512 1331 1538 uno
1364 1499 1404 1537 in
1442 1501 1532 1537 loco

141 1572 181 1613 89
202 1565 474 1603 moliebantur.
536 1567 628 1602 Erat
661 1564 816 1602 animus
846 1564 886 1602 in
921 1564 1106 1614 reliquis3
1148 1577 1388 1614 quamquam
1423 1572 1532 1603 erant

200 1629 326 1679 pauci,
349 1642 512 1679 quoquo
533 1631 654 1668 modo
675 1643 734 1668 res
756 1643 796 1667 se
810 1629 992 1676 habebat,
1014 1642 1187 1679 pugnare
1207 1637 1339 1667 tamen
1367 1643 1408 1668 se
1433 1631 1532 1668 velle

199 1695 434 1741 clamabant,
457 1701 495 1732 et
516 1695 624 1743 quod
644 1693 837 1743 reliquum
865 1693 966 1732 vitae
992 1693 1210 1744 viriumque
1237 1696 1360 1733 fames
1388 1696 1532 1733 fecerat

199 1758 238 1796 id
266 1760 366 1797 ferro
395 1758 644 1808 potissimum
674 1759 837 1797 reddere
863 1759 1058 1797 volebant.
1116 1759 1272 1808 Quodsi
1293 1760 1530 1798 Cleomenes
1553 1772 1594 1804 25

199 1836 279 1860 non
305 1831 415 1861 tanto
439 1831 530 1861 ante
557 1823 728 1873 fugisset,
749 1824 880 1873 aliqua
907 1831 1039 1862 tamen
1063 1825 1114 1863 ad
1144 1824 1404 1863 resistendum
1432 1824 1530 1863 ratio

199 1887 345 1926 fuisset.
406 1889 499 1926 Erat
521 1888 626 1926 enim
647 1889 730 1926 sola
750 1888 814 1926 illa
835 1889 943 1926 navis
964 1896 1160 1927 constrata
1180 1896 1218 1928 et
1239 1888 1292 1927 ita
1319 1902 1460 1939 magna
1487 1896 1530 1927 ut

200 1955 496 2003 propugnaculo
527 1953 664 1992 ceteris
697 1961 830 2003 posset
867 1966 962 1999 esse,
998 1966 1100 2003 quae
1139 1953 1171 1991 si
1208 1953 1248 1991 in
1283 1955 1528 2003 praedonum

200 2031 329 2067 pugna
361 2026 586 2064 versaretur,
622 2018 727 2056 urbis
766 2018 886 2056 instar
917 2018 1061 2056 habere
1092 2018 1192 2057 inter
1224 2017 1312 2057 illos
1346 2018 1528 2068 piraticos

200 2097 459 2133 myoparones
493 2083 715 2130 videretur3
758 2084 828 2122 sed
866 2090 950 2121 tum
988 2082 1138 2133 inopes,
1178 2082 1300 2122 relicti
1337 2083 1387 2121 ab
1426 2083 1528 2121 duce
1552 2097 1592 2129 30

242 2197 260 2225 3
286 2198 359 2217 cum
387 2189 543 2228 imperio,
570 2194 638 2219 tum
664 2189 764 2219 etiam
789 2188 919 2218 luxurie
944 2198 981 2218 ac
1006 2188 1154 2227 nequitia
1179 2186 1356 2217 Zielinski:
1395 2186 1526 2217 luxurie

198 2229 310 2260 ssladv.
327 2242 332 2260 :
361 2232 509 2270 luxuriae
528 2231 561 2261 R
578 2243 584 2262 z
610 2231 741 2262 luxuria
759 2230 841 2262 SD&
982 2242 1019 2262 ac
1037 2230 1092 2271 Rq
1110 2243 1116 2261 :
1139 2235 1241 2270 atque
1253 2232 1296 2271 p&
1486 2240 1526 2268 23

199 2283 253 2303 res
269 2283 306 2304 se
324 2273 409 2304 RS:
436 2284 490 2304 res
509 2284 586 2305 sese
604 2286 623 2314 q
638 2286 644 2307 :
669 2284 746 2306 sese
766 2285 819 2305 res
832 2276 874 2314 p&
1017 2285 1058 2314 25
1083 2274 1212 2313 Quodsi
1231 2274 1358 2304 Cleom.
1378 2283 1445 2304 non
1461 2278 1526 2313 pq:

198 2316 297 2390 guod
316 2317 441 2348 Cleom.
464 2328 530 2348 non
549 2318 582 2348 R
600 2321 629 2348 el
639 2324 691 2358 pr.
710 2318 761 2348 S:
793 2319 881 2357 quod
899 2318 1026 2349 Cleom.
1049 2319 1112 2349 nisi
1131 2329 1208 2348 corr.
1227 2317 1308 2348 SD&
1324 2329 1330 2347 ε
1355 2317 1442 2355 quod
1461 2316 1524 2346 nisi

229 2360 328 2391 leom.
349 2365 370 2390 λ
