1600 2704
103 107 152 146 77
178 114 236 147 190
539 100 595 137 M.
627 100 796 139 TVLLI
827 100 1132 140 CICERONIS

99 380 149 428 78

89 450 145 482 191

82 1328 138 1360 192

172 209 374 259 procedite
402 209 441 248 in
469 209 646 250 medium
673 216 791 260 atque
815 209 1005 260 explicate
1035 210 1340 261 descriptionem
1369 211 1502 261 imagi-

171 287 343 325 nemque
372 275 605 321 tabularum,
634 280 676 313 u't
702 287 839 313 omnes
867 276 1049 313 mortales
1074 275 1184 314 istius
1207 275 1390 314 avaritiae
1419 289 1499 314 non

169 338 248 376 iam
269 338 432 389 vestigia
452 340 522 378 sed
546 339 630 389 ipsa
650 338 795 377 cubilia
815 338 947 378 videre
974 339 1136 389 possint.
1198 340 1317 378 Liber
1337 340 1501 390 explice-

169 411 240 442 tur.
300 402 455 442 Videtis
485 403 747 442 Verrucium?
780 403 921 442 videtis
951 403 1095 454 primas
1125 403 1271 443 litteras
1302 404 1500 454 integras?

170 467 312 506 videtis
342 475 556 506 extremam
586 474 736 517 partem
766 467 949 514 nominis,
982 469 1125 507 codam
1155 468 1262 507 illam
1291 469 1498 508 Verrinam

168 540 371 582 tamquam
404 531 443 569 in
478 532 562 569 luto
601 531 822 570 demersam
855 544 940 571 esse
974 532 1015 570 in
1053 533 1196 572 litura?
1253 533 1317 572 Sic
1351 534 1499 572 habent

167 609 209 635 se
248 596 415 642 tabulae,
458 594 618 640 iudiceS,
660 602 703 633 ut
741 594 893 634 videtis.
964 596 1073 645 Quid
1117 597 1360 648 exspectatis,
1402 597 1499 647 quid

167 660 350 711 quaeritis
394 660 594 710 amplius?
663 661 726 698 Tu
766 660 860 711 ipse,
900 662 1053 708 Verres,
1095 662 1191 712 quid
1235 664 1359 709 sedes,
1401 653 1505 712 quid⁴

166 725 356 764 moraris?
413 726 518 763 Nam
544 732 612 764 aut
635 724 820 764 exhibeas
847 725 961 765 nobis
989 727 1220 766 Verrucium
1248 740 1409 766 necesse
1439 735 1497 766 est

164 798 231 829 aut
253 799 290 829 te
311 790 546 829 Verrucium
566 803 652 829 esse
672 791 827 829 fateare.

220 857 451 894 Laudantur
480 862 652 894 oratores
681 862 842 902 veteres,
873 856 1004 895 Crassi
1033 856 1088 894 illi
1115 864 1153 895 et
1183 856 1359 905 Antonii,
1386 858 1495 907 quod

164 922 327 960 crimina
348 922 496 960 diluere
513 921 698 968 dilucide,
717 922 826 971 quod
847 921 1009 972 copiose
1028 934 1184 960 reorum
1206 935 1343 960 causas
1364 923 1495 960 defen-

165 988 257 1026 dere
278 988 471 1025 solerent:
501 985 686 1024 nimirum
711 986 765 1024 illi
787 998 868 1024 non
889 985 1048 1036 ingenio
1075 987 1204 1024 solum
1225 986 1285 1024 his
1306 986 1491 1036 patronis,

164 1053 235 1090 sed
255 1053 409 1091 fortuna
426 1051 543 1090 etiam
565 1051 849 1102 praestiterunt.
911 1053 1042 1090 Nemo
1063 1051 1169 1090 enim
1189 1059 1273 1090 tum
1294 1051 1347 1090 ita
1360 1064 1493 1101 pecca-

164 1117 231 1154 bat
251 1124 293 1154 ut
318 1115 538 1155 defensioni
565 1117 697 1155 locum
728 1130 809 1155 non
828 1116 1065 1166 relinqueret
1080 1131 1089 1164 3
1119 1129 1239 1154 nemo
1264 1115 1318 1154 ita
1337 1116 1492 1154 vivebat

163 1189 206 1219 ut
229 1182 335 1219 nulla
363 1181 445 1219 eius
473 1181 575 1219 vitae
599 1194 686 1231 pars
715 1194 893 1219 summae
923 1180 1174 1230 turpitudinis
1204 1189 1306 1219 esset
1332 1194 1467 1230 expers
1483 1195 1493 1227 ;

162 1259 281 1284 nemo
302 1246 354 1283 ita
375 1245 414 1283 in
440 1245 649 1284 manifesto
669 1253 835 1295 peccato
859 1245 1066 1283 tenebatur
1086 1252 1140 1291 ut,
1162 1258 1253 1283 cum
1281 1244 1492 1294 impudens

161 1310 296 1349 fuisset
317 1310 357 1348 in
378 1311 492 1356 facto,
513 1317 596 1348 tum
618 1309 887 1359 impudentior
902 1309 1098 1348 videretur
1118 1308 1149 1347 si
1169 1317 1337 1359 negaret.
1373 1310 1491 1347 Nunc

160 1388 252 1414 vero
273 1374 368 1424 quid
390 1374 504 1414 faciat
527 1374 789 1413 Hortensius?
822 1374 1058 1412 avaritiaene
1079 1374 1242 1412 crimina
1262 1373 1490 1423 frugalitatis

160 1440 343 1478 laudibus
370 1435 631 1490 deprecetur?
687 1441 740 1476 At
765 1438 968 1477 hominem
997 1438 1343 1490 flagitiosissimum
1364 1438 1490 1477 libidi-

161 1503 413 1542 nosissimum
449 1502 816 1553 nequissimumque
856 1502 1044 1541 defendit.
1118 1504 1183 1540 An
1214 1502 1265 1541 ab
1298 1503 1372 1541 hac
1405 1502 1489 1540 eius

160 1567 321 1605 infamia
341 1567 515 1618 nequitia
537 1575 684 1605 vestros
704 1566 857 1605 animos
874 1566 914 1604 in
944 1567 1059 1604 aliam
1080 1574 1228 1617 partem
1250 1566 1489 1605 fortitudinis

161 1632 538 1671 commemoratione
578 1633 786 1670 traducat?
842 1634 895 1669 A't
930 1633 1052 1671 homo
1090 1631 1259 1677 inertior,
1302 1631 1486 1681 ignavior,

161 1696 283 1746 magis
313 1697 368 1735 vir
389 1697 488 1736 inter
518 1697 709 1742 mulieres,
733 1696 886 1747 impura
914 1696 1014 1734 inter
1033 1696 1135 1735 viros
1157 1696 1385 1735 muliercula
1405 1709 1490 1746 pro-

159 1761 246 1799 ferri
268 1774 349 1800 non
371 1769 508 1812 potest.
574 1764 626 1799 At
648 1774 775 1800 mores
802 1761 1015 1800 commodi.
1077 1761 1176 1810 Quis
1205 1761 1490 1807 contumacior,

159 1826 246 1876 quis
271 1825 535 1871 inhumanior,
557 1826 643 1876 quis
665 1826 898 1876 superbior?
954 1828 1007 1864 At
1028 1827 1126 1865 haec
1146 1826 1230 1864 sine
1255 1825 1488 1875 cuiusquam

160 1893 274 1929 malo.
354 1891 453 1940 Quis
501 1891 690 1936 acerbior,
739 1890 825 1940 quis
873 1890 1111 1938 insidiosior,
1159 1890 1246 1940 quis
1295 1890 1488 1928 crudelior

161 1969 348 2006 umquam
376 1955 479 1994 fuit?
536 1957 582 1993 In
608 1956 685 1993 hoc
716 1955 878 1993 homine
903 1962 1021 2005 atque
1054 1954 1092 1993 in
1122 1954 1204 1993 eius
1236 1954 1344 1993 modi
1372 1967 1488 1993 causa

206 2069 219 2088 1
247 2064 347 2098 atque
369 2057 465 2091 VcO:
491 2068 555 2090 om.
571 2064 595 2099 p
614 2058 677 2089 rell.
846 2069 864 2088 2
890 2058 1047 2089 mortales
1064 2069 1130 2089 om.
1153 2056 1184 2087 V
1345 2067 1364 2096 3
1390 2057 1489 2088 Liber

160 2102 346 2140 explicetur
363 2113 397 2132 c:
430 2101 514 2132 liber
532 2102 718 2141 explicatur
730 2107 786 2142 pq,
804 2103 937 2142 punctis
952 2102 1073 2133 subscr.
1092 2113 1129 2132 r:
1158 2111 1225 2134 om.
1249 2101 1294 2132 Vb
1313 2113 1319 2132 z
1336 2101 1394 2131 del.
1413 2100 1481 2131 cdd.

159 2155 178 2182 4
197 2145 322 2176 litteras
335 2146 458 2184 primas
477 2145 508 2174 V
564 2155 583 2184 5
601 2146 716 2176 codam
734 2145 815 2185 ch:
840 2145 983 2185 quodam
1000 2144 1067 2175 Ob:
1084 2146 1222 2176 caudam
1237 2145 1256 2174 k
1310 2145 1485 2174 Verrinam

160 2188 274 2218 hlaius
291 2189 343 2217 eV
360 2189 581 2227 'Verrisnamj
599 2200 604 2218 :
629 2189 783 2228 Verrisp
801 2189 868 2219 rell.
1000 2198 1033 2217 11
1064 2189 1257 2218 Laudentur
1278 2187 1310 2217 V
1449 2197 1486 2226 13

159 2231 308 2262 solerent
321 2231 368 2261 cO
387 2242 392 2260 z
410 2232 596 2271 solebantp
611 2232 676 2262 rell.
762 2241 799 2269 15
824 2237 891 2262 tum
908 2232 985 2271 itap
999 2231 1063 2262 rell.
1083 2243 1088 2260 z
1113 2232 1159 2261 ita
1173 2236 1242 2260 tum
1258 2230 1288 2261 Ο
1305 2243 1311 2261 z
1332 2231 1375 2260 ita
1389 2231 1486 2261 om.l1

163 2284 199 2311 17
226 2280 364 2313 peccatu
385 2274 414 2304 Ο
436 2273 511 2305 Gelr'.
618 2284 655 2313 19
682 2273 889 2304 Hortensius
909 2280 1069 2313 patronus
1088 2273 1138 2304 O:
1164 2274 1221 2304 sed
1235 2284 1263 2305 v.
1284 2273 1358 2305 Gell.
1377 2274 1429 2303 viiv
1450 2276 1486 2303 16

160 2327 197 2346 21
226 2317 313 2347 illius
331 2316 370 2346 Οι
441 2327 482 2346 22
507 2326 543 2347 ac
556 2317 705 2355 nequitia
718 2315 832 2347 Muell.
851 2328 856 2346 :
882 2317 994 2348 infam.
1011 2317 1249 2356 nequissimak
1309 2321 1442 2347 nostros
1458 2317 1487 2346 O

1520 485 1538 516 5

1518 807 1560 829 10

1513 1131 1552 1162 15

1510 1452 1552 1475 20
