1600 2704
74 118 344 158 ACTIONIS
367 118 426 155 IN
449 118 493 157 C.
517 118 760 155 VERREM
783 118 1083 157 SECVNDAE
1106 119 1209 157 LIB.
1235 120 1300 158 III
1360 120 1410 168 85

129 229 222 266 Hoc
242 239 334 266 vero
368 226 465 278 quid
496 229 587 266 est?
634 240 753 278 quam
786 229 905 267 habet
932 228 1124 267 rationem
1157 242 1237 267 non
1261 243 1408 279 quaero

73 292 292 342 aequitatis,
334 293 404 331 sed
452 292 572 342 ipsius
621 292 883 343 improbitatis
941 301 1060 342 atque
1107 292 1409 343 impudentiae?

75 359 216 407 Neque
237 356 343 396 enim
365 364 423 396 est
444 357 522 396 fere
543 357 756 408 quicquam
785 358 894 407 quod
922 357 1104 396 homines
1129 359 1258 407 palam
1281 359 1409 398 facere

72 423 245 461 audeant
276 421 316 460 in
343 422 569 473 magistratu
595 421 774 472 quamvis
799 422 990 472 improbe,
1020 421 1116 473 quin
1141 422 1224 462 eius
1255 422 1346 462 facti
1377 423 1408 462 si

34 500 52 533 5
72 500 154 526 non
193 487 351 535 bonam,
385 495 424 526 at
461 487 634 537 aliquam
674 486 865 526 rationem
904 488 1055 526 adferre
1090 489 1254 528 soleant.
1314 489 1409 527 Hoc

72 551 169 602 quid
201 553 287 591 est?
343 551 464 592 Venit
498 561 678 603 praetor3
711 553 964 599 frumentum,
1001 551 1140 604 inquit,
1170 566 1234 592 me
1267 554 1338 592 abs
1371 562 1409 592 te

72 629 203 656 emere
232 624 397 667 oportet.
457 616 630 668 Optime.
696 616 881 656 Modium
912 617 1085 657 denario.
1155 617 1333 668 Benigne
1363 631 1409 657 ac

71 681 281 721 liberaliter
294 697 305 731 3
334 696 426 721 nam
448 696 521 734 ego
541 682 661 722 ternis
684 684 755 722 HS
775 696 855 722 non
877 696 1039 734 possum
1061 685 1242 724 vendere.
1305 682 1408 722 Mihi

71 744 312 783 frumentum
344 758 425 785 non
453 758 553 796 opus
582 753 651 791 est,
675 759 860 784 nummos
887 747 988 785 volo.
1049 746 1153 784 Nam
1187 746 1410 796 sperabam,

14 822 55 846 10
71 807 199 859 inquit
236 817 375 857 arator,
416 823 480 849 me
518 811 569 849 ad
607 810 789 849 denarios
829 818 1107 860 perventurum
1125 825 1135 859 3
1174 812 1255 858 sed,
1293 810 1323 848 si
1356 810 1410 849 ita

71 886 234 913 necesse
263 882 332 921 est,
365 874 501 925 quanti
534 876 774 914 frumentum
805 874 854 913 sit
883 874 1101 914 considera.
1160 875 1292 914 Video
1323 888 1409 914 esse

73 938 174 977 binis
206 940 288 978 HS.
349 940 458 989 Quid
488 953 580 990 ergo
613 953 636 978 a
670 953 733 979 me
768 939 838 978 tibi
867 953 1121 978 nummorum
1149 940 1231 978 dari
1263 947 1404 990 potest,

72 1017 163 1042 cum
198 1012 357 1043 senatus
394 1004 465 1043 tibi
504 1012 716 1055 quaternos
758 1006 828 1043 HS
867 1004 1050 1044 dederit?
1106 1004 1216 1053 Quid
1251 1004 1409 1054 poscit?

73 1068 279 1108 Attendite
309 1076 358 1116 et,
389 1082 458 1107 vos
485 1082 647 1120 quaeso,
676 1069 804 1116 simul,
836 1068 999 1116 iudices,
1031 1069 1271 1119 aequitatem
1302 1082 1408 1120 prae-

15 1145 54 1178 15
72 1133 166 1172 toris
186 1133 390 1172 attendite.
449 1134 673 1182 Quaternos
700 1135 781 1180 HS,
805 1146 905 1184 quos
931 1133 1026 1171 mihi
1054 1142 1213 1172 senatus
1235 1134 1407 1172 decrevit

71 1205 111 1237 et
131 1211 177 1237 ex
196 1198 345 1237 aerario
365 1197 487 1245 dedit,
509 1211 583 1248 ego
612 1198 770 1237 habebo
795 1206 832 1236 et
857 1197 896 1235 in
927 1197 1065 1236 cistam
1095 1199 1324 1236 transferam
1357 1199 1407 1237 de

70 1263 177 1301 fisco.
238 1262 347 1312 Quid
368 1264 538 1313 postea?
567 1262 696 1313 quid?
754 1264 830 1301 Pro
851 1262 1012 1314 singulis
1034 1262 1189 1309 modiis,
1214 1276 1313 1313 quos
1336 1263 1405 1301 tibi

69 1327 232 1378 impero,
264 1335 306 1365 tu
336 1326 433 1365 mihi
463 1334 629 1367 octonos
661 1329 732 1366 HS
762 1328 869 1367 dato.
938 1328 1028 1376 Qua
1058 1327 1239 1366 ratione?
1297 1327 1406 1376 Quid

70 1392 225 1443 quaeris
249 1392 476 1431 rationem?
504 1406 586 1432 non
608 1400 757 1431 tantam
780 1392 972 1431 rationem
995 1405 1054 1431 res
1075 1393 1195 1431 habet
1217 1401 1405 1442 quantam

13 1457 279 1497 mutilitatem
314 1465 433 1507 atque
471 1458 669 1508 praedam.
732 1456 819 1504 Dic,
853 1457 931 1503 dic,
969 1456 1097 1507 inquit
1133 1457 1207 1504 ille,
1238 1457 1402 1508 planius.

71 1523 238 1562 Senatus
264 1531 303 1561 te
329 1522 452 1562 voluit
477 1522 573 1560 mihi
606 1534 806 1569 nummos,
828 1535 891 1560 me
915 1521 985 1560 tibi
1015 1523 1254 1561 frumentum
1286 1524 1405 1561 dare:

69 1595 112 1627 tu
133 1601 200 1628 eos
220 1601 406 1627 nummos
428 1601 528 1638 quos
551 1587 646 1626 mihi
669 1594 827 1627 senatus
850 1588 943 1626 dare
964 1587 1087 1626 voluit
1109 1587 1192 1638 ipse
1215 1587 1381 1626 habebis
1396 1603 1407 1636 ‚-

69 1667 92 1691 a
119 1667 192 1701 me,
210 1653 273 1692 cui
287 1653 461 1704 singulos
479 1652 661 1692 denarios
674 1666 696 1691 a
713 1660 751 1691 te
764 1652 847 1692 dari
863 1653 1048 1702 oportuit,
1068 1652 1184 1691 binos
1198 1654 1350 1692 auferes
1366 1661 1404 1693 et

70 1718 162 1757 huic
182 1720 351 1769 praedae
379 1732 426 1758 ac
455 1718 667 1769 direptioni
698 1719 820 1758 cellae
845 1730 993 1756 nomen
1021 1717 1232 1768 impones?
1289 1719 1406 1756 Haec

0 1796 52 1830 ³²5
71 1785 204 1824 deerat
230 1784 371 1823 iniuria
397 1792 435 1823 et
463 1785 561 1823 haec
589 1782 790 1822 calamitas
819 1782 1038 1821 aratoribus
1064 1790 1102 1821 te
1127 1790 1305 1832 praetore
1327 1795 1405 1833 qua

0 1878 3 1936 l

69 1849 228 1900 reliquis
267 1849 434 1889 fortunis
472 1848 657 1888 omnibus
696 1855 970 1887 everterentur.
1039 1848 1143 1886 Nam
1184 1847 1280 1897 quid
1320 1860 1405 1886 esse

69 1915 206 1965 reliqui
234 1922 386 1966 poterat
407 1914 443 1954 ei
464 1914 531 1965 qui
557 1928 626 1965 per
646 1915 748 1952 hane
771 1913 952 1952 iniuriam
973 1926 1055 1952 non
1083 1913 1206 1951 modo
1234 1913 1404 1949 fructum

69 1992 230 2019 omnem
263 1980 470 2027 amitteret,
502 1981 572 2018 sed
601 1978 719 2018 etiam
751 1991 871 2017 omne
897 1977 1203 2015 instrumentum
1233 1977 1405 2015 vendere

1456 46 1522 80 Os.

1450 74 1471 81 ⁴'
1509 70 1530 88 s

1434 136 1496 168 195

1431 231 1481 278 85

1427 486 1495 537 '196

1431 1144 1491 1179 197

114 2089 133 2117 4
157 2078 309 2118 improbe
330 2075 413 2107 VO:
438 2077 620 2117 improbip
638 2075 701 2107 rell.
855 2085 870 2112 7
897 2074 1038 2105 denario
1056 2074 1203 2104 modium
1223 2073 1253 2105 O
1386 2074 1406 2103 8

70 2122 179 2154 ternis
203 2121 271 2153 cO:
298 2122 406 2152 tribus
425 2126 450 2161 p
473 2119 537 2152 rell.
717 2130 738 2159 9
762 2118 967 2149 frumentum
998 2116 1064 2149 cO:
1092 2117 1263 2148 frumento
1285 2122 1311 2158 p
1337 2116 1401 2149 rell.

71 2165 157 2197 Nam
174 2165 364 2206 Naugerius
386 2164 429 2203 jii,
450 2164 471 2203 i,
492 2167 507 2202 ᾗ
530 2172 612 2203 1333
637 2163 670 2203 ii,
692 2166 707 2200 ξ
729 2164 782 2202 72)
802 2175 808 2193 ;
832 2167 938 2202 nonp
954 2161 1020 2193 rell.
1039 2173 1045 2191 :
1072 2171 1138 2192 om.
1161 2160 1192 2192 O
1289 2170 1407 2200 spera-

69 2209 143 2240 bam
161 2208 250 2250 ch:
274 2218 491 2248 speraveram
506 2213 531 2247 p
549 2206 613 2238 rell.
740 2216 779 2246 13
802 2206 912 2245 poscit
932 2204 982 2235 O:
1009 2206 1116 2245 possit
1129 2210 1153 2245 p
1171 2204 1236 2235 rell.
1366 2215 1402 2243 14

69 2253 197 2284 iudices
215 2253 310 2284 simul
330 2251 361 2283 O
483 2262 519 2290 17
545 2250 635 2290 Quid
653 2255 831 2290 praeterea
850 2248 892 2281 0¹
1014 2259 1056 2280 20
1082 2249 1134 2279 dic
1153 2249 1205 2278 dic
1223 2247 1269 2278 cO
1285 2259 1292 2278 ε
1317 2248 1368 2278 dic
1381 2254 1406 2288 p
1441 2283 1448 2287 .

70 2296 135 2328 rell.
276 2307 317 2326 22
341 2296 448 2327 habes
467 2295 498 2327 Ο
639 2304 682 2333 23
705 2293 863 2325 denarios
879 2303 897 2323 a
915 2297 949 2323 te
967 2293 1040 2323 dari
1065 2292 1108 2322 vrk
1124 2303 1130 2321 ε
1156 2290 1316 2323 denarios
1333 2291 1405 2322 dari

71 2340 134 2370 rell.
151 2343 276 2380 praeter
292 2339 322 2371 O
341 2340 436 2376 <dare
454 2337 630 2376 denarios)
743 2337 879 2368 auferes
896 2360 902 2366 .
923 2359 931 2367 .
954 2360 961 2367 .
983 2337 1139 2376 impones
1157 2346 1172 2365 c
1190 2335 1243 2377 (φ)
1258 2347 1264 2368 ;
1291 2336 1404 2366 aufers

72 2406 80 2413 .
98 2406 105 2414 .
125 2384 299 2456 .I}mp0nis
309 2384 383 2457 gell.
404 2382 473 2414 edd.
602 2383 643 2412 28
669 2382 840 2412 amitteret
859 2379 908 2411 O:
934 2380 1089 2411 amittere
1102 2385 1127 2420 p
1145 2379 1208 2410 rell.
1303 2388 1404 2409 omne

67 2431 92 2466 s>
108 2438 138 2458 re
163 2451 169 2458 .
188 2438 195 2457 ι
221 2438 286 2458 om.
