1600 2704
390 94 453 134 IN
482 94 531 143 Q.
561 93 880 133 CAECILIVM
907 95 1128 136 ORATIO
1400 106 1425 145 5
1444 111 1484 134 20

97 219 216 257 quam
250 212 331 243 tarn
364 203 575 254 impudens
609 202 821 253 reperietur
859 203 928 254 qui
964 205 1016 243 ad
1046 204 1217 244 alienam
1252 218 1422 253 causam,

96 269 225 310 invitis
270 268 317 308 iis
355 281 524 318 quorum
564 266 766 317 negotium
812 275 880 315 est,
916 269 1105 308 accedere
1145 276 1214 307 aut
1254 269 1425 319 aspirare

94 336 270 374 audeat?
317 332 357 372 Si
383 332 465 381 tibi,
489 333 537 381 Q.
562 331 722 379 Caecili,
744 332 822 371 hoc
848 332 969 372 Siculi
996 333 1198 373 dicerent:
1232 335 1313 372 ‘Te
1342 347 1424 372 non
1444 335 1471 372 6

94 398 287 446 novimus,
320 397 518 436 nescimus
549 396 617 446 qui
648 396 710 443 sis,
742 410 960 448 numquam
999 405 1038 437 te
1075 406 1192 437 antea
1225 398 1423 446 vidimus3

56 479 72 511 5
93 463 178 503 sine
197 476 269 502 nos
289 476 358 513 per
377 475 468 501 eum
489 469 641 500 nostras
662 463 835 500 fortunas
865 463 1078 502 defendere
1103 463 1214 502 cuius
1244 464 1343 502 fides
1365 471 1423 502 est

93 528 208 568 nobis
237 528 419 579 cognita‚'
439 540 574 566 nonne
603 526 644 565 id
673 526 850 566 dicerent
878 529 988 578 quod
1018 528 1141 567 cuivis
1170 528 1337 579 probare
1357 529 1422 568 de-

91 595 262 633 berent?
309 594 428 632 Nunc
449 593 526 631 hoc
546 591 696 639 dicunt,
719 599 930 643 utrumque
951 607 993 632 se
1014 607 1130 633 nosse
1148 608 1158 641 ,·
1186 595 1351 632 alterum
1379 606 1421 632 se

89 672 233 709 cupere
261 659 510 697 defensorem
541 670 626 696 esse
653 658 896 697 fortunarum
926 672 1095 706 suarum,
1117 661 1283 698 alterum
1304 660 1420 709 plane

89 725 207 763 nolle.
264 724 346 764 Cur
378 722 515 770 nolint,
552 722 705 761 etiarnsi
744 730 911 771 taceant,
945 724 1037 763 satis
1071 724 1209 763 dicunt
1226 739 1237 772 3
1283 737 1418 763 verum
1440 738 1476 760 21

32 806 69 828 10
88 802 170 828 non
201 796 342 828 tacent.
402 790 557 826 Tamen
589 787 634 826 iis
669 787 909 826 invitissimis
941 796 979 827 te
1013 789 1184 828 offeres?
1215 796 1348 828 tamen
1378 788 1418 827 in

87 853 215 893 aliena
234 866 352 892 causa
371 854 565 903 loquere?
594 860 727 890 tamen
756 865 824 891 eos
854 854 1044 892 defendes
1074 853 1141 903 qui
1163 866 1204 892 se
1223 854 1274 891 ab
1294 854 1418 892 omni-

87 918 161 957 bus
194 920 370 958 desertos
402 917 533 968 potius
567 930 686 967 quarn
718 917 788 955 abs
820 924 858 956 te
896 918 1081 957 defensos
1115 931 1200 957 esse
1234 919 1418 956 malunt?

86 992 218 1022 tamen
239 983 285 1022 iis
306 996 466 1034 operam
496 989 604 1020 tuam
634 981 872 1031 pollicebere
898 982 965 1032 qui
991 989 1029 1021 te
1059 996 1188 1032 neque
1217 983 1317 1021 velle
1347 996 1417 1021 sua

85 1061 204 1087 causa
233 1061 318 1094 nec,
341 1048 373 1086 si
402 1046 547 1097 cupias,
570 1059 687 1096 posse
715 1045 982 1084 arbitrantur?
1030 1047 1111 1086 Cur
1140 1059 1276 1085 eorum
1304 1060 1414 1097 spem

26 1125 64 1158 ¹5
85 1112 264 1162 exiguam
284 1111 520 1161 reliquarum
541 1111 796 1157 fortunarum,
819 1123 937 1160 quam
959 1111 1107 1150 habent
1127 1110 1168 1148 in
1188 1110 1283 1160 legis
1312 1119 1351 1150 et
1376 1111 1414 1149 in

83 1176 204 1216 iudici
243 1175 447 1215 severitate
485 1174 667 1226 positam,
699 1174 737 1213 vi
775 1183 1005 1225 extorquere
1044 1174 1227 1214 conaris?
1269 1189 1338 1214 cur
1377 1183 1414 1215 te

81 1241 298 1293 interponis
317 1239 560 1279 invitissimis
580 1239 625 1278 iis
646 1239 790 1290 quibus
812 1239 980 1279 maxime
1000 1241 1061 1279 lex
1082 1241 1307 1279 consultum
1329 1254 1414 1279 esse

80 1307 192 1345 vult?
220 1319 298 1353 cur,
322 1306 373 1345 de
402 1304 546 1356 quibus
576 1304 616 1343 in
645 1303 848 1355 provincia
876 1317 958 1343 non
987 1304 1137 1355 optime
1167 1318 1208 1344 es
1240 1305 1411 1352 meritus,

81 1385 149 1411 eos
170 1385 276 1410 nunc
305 1372 422 1422 plane
451 1370 618 1410 fortunis
645 1370 831 1409 omnibus
861 1370 1015 1409 conaris
1036 1372 1240 1409 evertere?
1269 1384 1337 1409 cur
1367 1370 1412 1409 iis

21 1453 62 1475 20
81 1449 163 1476 non
196 1437 319 1475 modo
349 1434 614 1487 persequendi
646 1435 738 1473 iuris
776 1434 846 1482 sui,
883 1435 953 1473 sed
991 1435 1109 1473 etiam
1144 1436 1411 1485 deplorandae

79 1500 312 1542 calamitatis
332 1500 474 1540 adimis
495 1501 760 1551 potestatem?
801 1501 905 1538 Nam
923 1508 960 1539 te
980 1508 1112 1540 actore
1133 1513 1252 1549 quem
1273 1513 1409 1539 eorum
1432 1515 1468 1537 22

77 1567 305 1606 adfuturum
326 1573 451 1617 putas,
475 1578 574 1616 quos
595 1564 788 1614 intellegis
809 1577 890 1602 non
911 1572 953 1603 ut
974 1577 1042 1615 per
1062 1572 1100 1603 te
1120 1564 1252 1612 alium,
1276 1566 1346 1604 sed
1367 1574 1409 1603 ut

78 1645 146 1683 per
165 1631 286 1670 alium
306 1630 479 1682 aliquem
501 1639 539 1669 te
560 1630 689 1681 ipsum
711 1629 948 1668 ulciscantur
968 1630 1174 1668 laborare?

132 1699 185 1735 At
205 1696 311 1736 enim
332 1698 460 1735 solum
481 1695 521 1735 id
543 1703 611 1743 est,
634 1703 677 1734 ut
708 1708 770 1733 me
800 1694 921 1733 Siculi
951 1695 1120 1734 maxime
1144 1694 1287 1734 velint:
1317 1697 1408 1734 alte—
1427 1699 1450 1738 7

20 1777 57 1809 25
78 1776 163 1801 rum
196 1762 305 1810 illud,
334 1762 464 1808 credo,
494 1761 707 1799 obscurum
741 1768 810 1807 est,
832 1773 856 1798 a
889 1773 969 1810 quo
1001 1761 1142 1800 Verres
1174 1760 1337 1800 minime
1367 1774 1408 1799 se

76 1827 251 1866 accusari
271 1826 373 1865 velit.
435 1825 582 1876 Ecquis
603 1838 793 1875 umquam
814 1832 894 1863 tam
915 1826 1045 1875 palam
1067 1826 1117 1864 de
1141 1827 1305 1873 honore,
1326 1832 1406 1864 tam

76 1893 328 1930 vehementer
357 1892 408 1930 de
437 1892 561 1929 salute
590 1903 660 1928 sua
689 1889 895 1929 contendit
925 1903 1044 1940 quam
1072 1891 1136 1929 ille
1164 1898 1283 1940 atque
1304 1889 1407 1928 illius

76 1955 192 1994 amici
213 1968 263 1994 ne
282 1956 381 1994 haec
401 1954 497 1992 mihi
517 1954 664 1993 delatio
684 1955 827 1993 detur?
873 1956 972 1993 Sunt
994 1956 1116 1993 multa
1142 1967 1244 2004 quae
1265 1956 1406 1993 Verres

76 2021 116 2059 in
148 2034 211 2059 me
245 2034 330 2060 esse
364 2020 580 2067 arbitratur,
603 2032 705 2069 quae
739 2019 811 2058 scit
842 2018 883 2057 in
912 2027 962 2066 te,
991 2019 1149 2067 Caecili,
1177 2033 1258 2059 non
1293 2032 1405 2066 esse3

18 2103 57 2135 30
75 2099 177 2138 quae
197 2086 308 2125 cuius
329 2084 438 2124 modi
459 2084 499 2123 in
519 2091 686 2134 utroque
715 2091 893 2123 nostrum
923 2084 1011 2132 sint,
1034 2086 1152 2135 paulo
1181 2091 1271 2136 post
1300 2097 1406 2123 com-

139 2202 159 2229 4
183 2190 258 2230 quis
274 2189 320 2220 sis
337 2187 367 2218 L
488 2198 509 2228 9
533 2192 666 2219 taceant
682 2185 770 2217 Βψπ
786 2197 792 2216 :
817 2191 930 2217 tacent
942 2186 1020 2219 Asc.
1040 2199 1046 2218 :
1071 2192 1223 2219 tacerent
1242 2188 1258 2217 δ
1366 2196 1404 2226 13

74 2244 135 2265 sua
151 2244 252 2264 causa
267 2232 333 2263 ΒΨ
349 2232 558 2272 Rufinianus
573 2243 579 2261 τ
603 2231 656 2261 sui
674 2240 774 2261 causa
791 2229 827 2260 K
842 2230 904 2270 giii,
926 2233 941 2268 ξ
963 2231 1038 2270 121)
1058 2243 1064 2261 :
1090 2241 1183 2262 suam
1202 2240 1336 2262 causam
1349 2235 1402 2270 pr,

77 2277 162 2308 unde
176 2286 271 2308 suam
291 2286 424 2307 causam
442 2276 538 2314 tueri,
560 2274 744 2305 defendere
763 2275 780 2303 δ
905 2284 946 2313 23
970 2274 1071 2305 alium
1088 2285 1154 2305 om.
1167 2276 1229 2316 ῥνδ
1361 2274 1402 2303 28

75 2325 111 2351 ut
127 2331 170 2351 ne
181 2322 243 2360 pr&
366 2330 408 2359 29
433 2318 560 2350 Caecili
580 2317 709 2359 prq:
734 2316 774 2356 Q.
793 2317 920 2349 Caecili
938 2317 1015 2350 recl.
1036 2318 1135 2349 Rom.
1156 2319 1191 2359 fi,
1214 2321 1251 2357 §5
1270 2318 1376 2357 45,63
1395 2328 1401 2351 ;

74 2363 156 2396 Am.
166 2363 202 2403 J.
214 2363 277 2395 Ph.
297 2363 390 2394 xxvi.
406 2368 440 2403 p.
463 2364 541 2403 412)
