1600 2704
94 120 140 159 16

105 507 146 536 40

118 1277 155 1308 4¹

123 1595 163 1633 17

160 134 200 167 39
527 113 584 149 M.
615 107 784 147 TVLLI
815 99 1122 144 CICERONIS

162 235 364 274 certarent,
386 228 513 276 legem
543 235 628 262 esse
650 217 851 269 Rupiliam
872 226 990 264 quam
1012 213 1054 249 P.
1074 206 1257 258 Rupilius
1278 203 1416 243 consul
1437 202 1487 240 de

163 297 301 334 decem
328 294 547 341 legatorum
570 283 764 325 sententia
783 279 968 322 dedisset,
989 278 1092 314 hanc
1115 270 1245 311 omnis
1269 280 1425 317 semper
1448 266 1489 303 in

164 358 295 398 Sicilia
328 354 509 394 consules
543 356 820 401 praetoresque
854 353 1037 387 servasse,
1077 336 1233 387 negavit
1271 346 1313 372 se
1345 345 1367 370 e
1405 332 1491 380 lege

167 421 327 473 Rupilia
347 419 574 458 sortiturum
593 429 600 453 :
630 413 805 463 quinque
830 407 991 453 iudices,
1014 416 1113 454 quos
1138 398 1397 439 commodum
1417 393 1492 444 ipsi

166 488 248 534 fuit,
284 484 405 524 dedit.
475 479 585 530 Quid
615 480 691 516 hoc
722 473 883 513 homine
922 469 1070 509 facias?
1112 466 1222 516 quod
1255 459 1493 512 supplicium

167 552 331 602 dignum
369 546 534 586 libidine
572 543 655 581 eius
694 538 898 578 invenias?
966 531 1253 580 Praescriptum
1291 525 1363 565 tibi
1402 536 1494 562 cum

169 622 283 661 esset,
303 615 425 651 homo
450 607 656 648 deterrime
677 611 715 643 et
735 598 1086 652 impudentissime,
1109 607 1228 645 quem
1254 592 1306 630 ad
1329 589 1496 628 modum

170 679 319 718 iudices
368 676 468 714 inter
520 672 672 711 Siculos
721 669 847 714 dares,
908 676 999 702 cum
1059 656 1303 709 imperatoris
1360 652 1496 704 populi

172 740 343 781 Romani
363 737 584 782 auctoritas,
606 736 823 783 legatorum
843 731 993 773 decem,
1012 733 1255 764 summorum
1275 717 1498 763 hominum,

171 807 350 857 dignitas,
384 810 541 842 senatus
571 799 796 838 consultum
831 792 1098 835 intercederet,
1126 800 1199 836 quo
1226 789 1380 823 senatus
1407 794 1500 820 con-

173 874 276 911 sulto
308 872 349 908 P.
384 866 567 917 Rupilius
601 864 652 902 de
681 863 820 900 decem
849 860 1065 907 legatorum
1095 850 1289 891 sententia
1321 850 1426 897 leges
1459 845 1501 883 in

174 936 303 977 Sicilia
329 932 593 975 constituerat,
617 940 709 966 cum
738 936 876 964 omnes
905 928 996 960 ante
1016 926 1054 958 te
1080 923 1300 968 praetorem
1322 910 1501 961 Rupilias

174 1005 278 1051 leges
299 1007 337 1038 et
357 1000 396 1036 in
417 995 554 1035 ceteris
575 993 691 1031 rebus
716 997 754 1028 et
775 989 815 1027 in
835 985 988 1025 iudiciis
1016 982 1185 1022 maxime
1209 983 1438 1022 servassent,
1460 982 1502 1012 tu

175 1078 291 1105 ausus
323 1077 364 1101 es
394 1074 465 1111 pro
503 1059 626 1097 nihilo
657 1068 748 1106 prae
782 1060 848 1091 tua
881 1050 1027 1101 praeda
1057 1053 1115 1085 tot
1148 1057 1208 1083 res
1240 1040 1503 1081 sanctissimas

176 1129 349 1170 ducere?
373 1125 444 1165 tibi
464 1125 571 1162 nulla
590 1123 652 1160 lex
671 1119 752 1164 fuit,
771 1118 878 1155 nulla
898 1113 1041 1164 religio,
1061 1112 1190 1149 nullus
1207 1102 1504 1146 existimationis

178 1196 316 1246 pudor,
339 1192 469 1230 nullus
494 1186 614 1226 iudici
640 1184 797 1223 metus?
826 1180 970 1218 nullius
997 1176 1103 1227 apud
1128 1182 1167 1213 te
1190 1171 1314 1223 gravis
1341 1167 1506 1208 auctori-

179 1268 247 1304 tas,
290 1257 443 1294 nullum
482 1251 706 1299 exemplum
750 1246 858 1296 quod
897 1241 1008 1292 sequi
1045 1239 1194 1278 velles?
1263 1237 1423 1280 Verum,
1463 1238 1507 1270 ut

180 1320 329 1362 institui
363 1320 503 1364 dicere,
540 1314 717 1365 quinque
755 1308 951 1348 iudicibus
986 1305 1093 1344 nulla
1125 1305 1225 1352 lege,
1261 1300 1372 1338 nullo
1403 1295 1507 1336 insti-

179 1395 274 1433 tuto,
309 1385 415 1423 nulla
449 1379 671 1424 reiectione,
705 1376 811 1414 nulla
844 1379 947 1412 sorte
980 1384 1027 1409 ex
1056 1368 1221 1407 libidine
1252 1363 1362 1403 istius
1393 1360 1506 1407 datis,

181 1465 262 1491 non
296 1449 363 1500 qui
394 1459 554 1487 causam
593 1446 885 1493 cognoscerent,
923 1437 992 1475 sed
1031 1435 1097 1484 qui
1129 1432 1239 1482 quod
1272 1431 1508 1479 imperatum

182 1523 283 1556 esset
316 1514 545 1557 iudicarent,
579 1522 626 1547 eo
655 1508 720 1546 die
752 1505 848 1543 nihil
878 1509 1010 1540 actum
1042 1506 1100 1538 est
1116 1512 1126 1545 3
1157 1497 1296 1535 adesse
1326 1493 1510 1531 iubentur

183 1578 381 1632 postridie.
443 1573 652 1614 Heraclius
688 1572 846 1616 interea,
876 1580 967 1605 cum
998 1564 1125 1603 omnis
1155 1561 1316 1599 insidias
1346 1557 1510 1596 fortunis

184 1646 262 1684 suis
282 1657 306 1681 a
325 1648 502 1692 praetore
525 1638 607 1676 fieri
629 1636 787 1680 videret,
810 1633 914 1682 capit
934 1627 1141 1668 consilium
1163 1626 1213 1664 de
1233 1622 1449 1662 amicorum
1473 1627 1512 1658 et

184 1708 494 1761 propinquorum
527 1701 720 1742 sententia
754 1712 834 1737 non
869 1697 1007 1735 adesse
1045 1693 1096 1730 ad
1127 1689 1342 1735 iudicium;
1379 1686 1512 1735 itaque

186 1777 250 1813 illa
284 1779 400 1811 nocte
439 1767 636 1819 Syracusis
675 1763 855 1815 profugit.
915 1761 996 1798 Iste
1033 1754 1221 1808 postridie
1259 1764 1386 1797 mane,
1421 1762 1511 1788 cum

187 1839 312 1877 multo
343 1833 531 1874 maturius
565 1844 683 1881 quam
718 1838 907 1877 umquam
945 1830 1061 1862 antea
1092 1817 1327 1863 surrexisset,
1363 1813 1513 1853 iudices

187 1903 294 1942 citari
322 1900 441 1938 iubet.
500 1895 579 1934 Vbi
609 1891 800 1943 comperit
827 1889 1058 1928 Heraclium
1086 1897 1167 1923 non
1196 1883 1346 1927 adesse,
1375 1891 1514 1928 cogere

236 2017 247 2035 1
276 2005 311 2036 P.
334 2004 423 2043 Rup.
443 2000 560 2033 consul
577 1999 644 2030 cO:
670 2000 807 2036 praetor
824 1993 912 2032 Rup.
932 2002 975 2022 ex
993 1990 1027 2022 S.
1049 1989 1084 2021 C.
1104 1987 1169 2019 rell.
1287 1995 1306 2015 2
1330 1984 1416 2015 hanc
1434 1982 1514 2013 cO¹z

191 2052 252 2081 hoc
271 2047 335 2079 rell.
470 2054 490 2084 3
514 2054 552 2075 se
571 2053 589 2072 e
606 2043 680 2080 lege
697 2039 811 2079 scripsi
824 2039 855 2076 (§
873 2047 914 2075 42
932 2035 1035 2075 infra)
1050 2045 1056 2065 z
1081 2042 1117 2063 se
1134 2032 1209 2069 lege
1226 2027 1285 2060 cO¹
1301 2039 1308 2059 :
1332 2037 1369 2059 se
1387 2026 1516 2057 iudices

191 2104 209 2124 e
225 2093 299 2130 lege
319 2090 382 2121 rell.
530 2097 549 2125 4
575 2085 638 2124 ipsi
654 2082 863 2114 commodum
885 2079 915 2110 Ο
1068 2085 1087 2115 5
1113 2076 1176 2105 hoc
1193 2072 1328 2103 homine
1347 2070 1412 2102 cO:
1438 2068 1513 2099 huic

191 2134 317 2166 homini
336 2133 399 2164 rell.
534 2140 551 2168 7
577 2126 758 2159 deterrime
775 2129 809 2155 et
825 2134 891 2154 om.
909 2121 957 2153 cO
1085 2128 1124 2148 10
1148 2127 1213 2156 quo
1228 2118 1368 2146 senatus
1384 2112 1515 2151 scripsi:

193 2179 288 2210 cuius
306 2177 432 2216 (zquo
448 2174 491 2213 s.)
509 2171 596 2204 codd.
726 2178 761 2198 11
789 2168 831 2198 de
847 2167 965 2196 decem
983 2163 1096 2203 scripSi'
1111 2173 1118 2191 ε
1143 2171 1184 2190 -x-
1204 2159 1245 2190 Οι
1262 2170 1268 2188 :
1293 2168 1336 2188 ex
1352 2157 1369 2187 b
1392 2154 1515 2186 ‘Fabri-

194 2221 323 2252 cicmus'
463 2227 501 2255 13
525 2217 619 2254 leges
635 2218 669 2245 et
685 2212 752 2252 cOp
766 2222 772 2241 :
797 2211 890 2248 leges
907 2208 943 2238 ὸδ
1040 2210 1073 2236 et
1091 2204 1125 2234 in
1140 2201 1274 2233 iudiciis
1291 2199 1432 2231 maxime
1447 2208 1512 2228 om.

194 2264 242 2295 cO
355 2264 549 2292 servassent
566 2258 625 2288 cO¹
642 2268 647 2286 z
672 2255 911 2286 observassent
926 2249 991 2281 rell.
1172 2256 1211 2284 19
1234 2243 1418 2274 reiectione
1435 2240 1492 2272 εΟ1
1509 2250 1515 2269 z

196 2306 357 2345 religione
375 2304 439 2335 rell.
566 2310 606 2339 25
631 2299 686 2329 illa
702 2303 800 2328 nocte
819 2295 897 2334 Syr.
918 2294 1009 2334 Opq:
1036 2291 1110 2329 Syr.
1128 2289 1182 2319 illa
1198 2292 1296 2318 nocte
1312 2286 1330 2316 b
1343 2286 1385 2317 al.
1406 2283 1515 2325 (prob.

196 2348 362 2387 Zielinski,
375 2351 407 2386 p.
430 2347 505 2385 1937
596 2341 759 2382 postridie
778 2339 819 2369 0¹
834 2349 842 2369 τ
866 2342 1003 2377 postero
1019 2335 1073 2365 die
1084 2338 1108 2374 p
1122 2332 1185 2363 rell.

1514 472 1531 503 5

1521 793 1560 815 10

1527 1114 1563 1146 15

1529 1441 1569 1464 20

1534 1763 1572 1795 25
