1600 2704
83 129 125 157 21
145 132 183 165 5¹
514 120 569 157 M.
600 119 769 157 TVLLI
798 119 1107 179 CICERONIS

78 698 118 731 52

71 1570 122 1600 22

80 1630 119 1662 53

142 229 238 269 mini
269 230 438 269 familiae
474 232 752 269 Marcellorum
791 231 961 269 maxima
991 232 1193 270 voluntate
1230 230 1467 271 tribuebant.

143 294 393 334 Mithridates
431 295 470 333 in
510 295 615 343 Asia,
656 309 747 334 cum
787 308 874 334 eam
912 294 1154 345 provinciam
1193 303 1318 334 totam
1356 310 1471 336 oecu-

140 367 281 410 passet,
315 360 451 398 Mucia
484 373 564 398 non
600 360 764 399 sustulit.
843 359 994 407 Hostis,
1027 367 1065 398 et
1099 359 1222 398 hostis
1256 360 1296 398 in
1330 362 1470 399 ceteris

140 425 256 463 rebus
295 424 411 462 nimis
446 426 548 463 ferus
587 432 625 462 et
664 424 857 471 immanis,
894 431 1026 462 tamen
1066 425 1257 463 honorem
1297 425 1469 464 hominis

140 490 304 527 deorum
337 489 523 540 religione
554 497 827 527 consecratum
859 489 1003 527 violare
1034 489 1186 528 noluit:
1229 497 1271 528 tu
1310 491 1470 540 Syracu·
1491 505 1508 536 5

140 567 256 592 sanos
288 567 411 591 unum
442 553 547 592 diem
579 555 720 591 festum
752 553 951 591 Marcellis
981 552 1177 603 impertire
1206 552 1377 600 noluisti,
1401 567 1470 604 per

140 631 240 668 quos
265 618 318 655 illi
347 619 479 667 adepti
507 624 598 655 sunt
625 625 666 655 ut
694 624 843 655 ceteros
871 618 955 655 dies
975 618 1094 656 festos
1113 617 1258 667 agitare
1279 620 1470 668 possent?

140 684 193 720 At
214 695 307 720 vero
335 684 576 731 praeclarum
606 681 711 720 diem
739 681 813 719 illis
840 681 1047 731 reposuisti
1066 682 1203 720 Verria
1228 690 1271 720 ut
1296 690 1467 732 agerent,

139 754 177 784 et
208 754 250 784 ut
281 748 331 784 ad
363 759 454 784 eum
488 746 594 785 diem
624 759 725 796 quae
754 746 871 785 sacris
901 746 1105 797 epulisque
1133 760 1233 797 opus
1267 754 1398 786 essent
1427 747 1468 785 in

138 810 350 860 compluris
383 824 509 849 annos
539 813 783 849 locarentur!
842 813 928 849 Iam
963 812 1003 848 in
1037 818 1146 849 tanta
1174 811 1285 850 istius
1314 811 1469 862 impud-
1491 825 1529 847 10

139 875 244 914 entia
264 875 542 914 remittendum
565 875 715 925 aliquid
735 874 899 922 videtur,
921 887 973 913 ne
1001 874 1136 913 omnia
1164 876 1465 924 contendamus,

139 953 188 978 ne
209 940 343 978 omnia
363 953 453 978 cum
484 942 620 979 dolore
649 953 763 990 agere
789 939 1002 978 videamur.
1063 940 1166 977 Nam
1195 953 1259 978 me
1285 940 1369 979 dies
1394 955 1469 979 vox

138 1007 257 1044 latera
278 1004 474 1051 deficiant,
497 1006 527 1042 si
549 1006 625 1043 hoc
646 1018 752 1043 nunc
772 1004 974 1043 vociferari
994 1003 1122 1051 velim,
1143 1017 1262 1054 quarn
1283 1005 1468 1044 miserum

138 1070 425 1119 indignumque
450 1069 497 1107 sit
527 1069 636 1107 istius
664 1069 826 1107 nomine
851 1069 958 1119 apud
985 1081 1053 1106 eos
1080 1068 1187 1107 diem
1213 1070 1356 1107 festum
1383 1082 1469 1108 esse

138 1134 206 1185 qui
234 1148 275 1173 se
302 1134 411 1172 istius
433 1147 551 1184 opera
578 1133 754 1172 funditus
782 1133 994 1171 exstinctos
1018 1146 1105 1171 esse
1128 1132 1371 1172 arbitrentur.
1431 1134 1468 1173 Ο
1491 1146 1527 1179 15

139 1199 275 1238 Verria
295 1201 515 1249 praeclara!
546 1212 626 1248 quo
654 1197 868 1245 accessisti,
896 1211 1055 1247 quaeso,
1079 1210 1160 1247 quo
1188 1211 1269 1236 non
1295 1198 1469 1237 attuleris

139 1273 269 1304 tecum
318 1263 435 1302 istum
484 1263 623 1302 diem?
680 1262 839 1301 Etenim
884 1275 1004 1312 quam
1048 1270 1090 1300 tu
1132 1264 1310 1310 domum,
1350 1277 1469 1313 quam

139 1329 277 1368 urbem
316 1327 443 1375 adisti,
480 1329 588 1378 quod
627 1328 762 1365 fanum
801 1327 986 1377 denique,
1022 1328 1132 1376 quod
1170 1340 1250 1366 non
1290 1341 1469 1366 eversum

138 1401 257 1444 atque
292 1400 486 1431 extersum
521 1392 754 1442 reliqueris?
810 1393 943 1441 Quare
975 1393 1220 1441 appellentur
1259 1405 1353 1431 sane
1396 1392 1470 1431 ista

139 1460 285 1505 Verria,
310 1471 411 1508 quae
433 1471 513 1496 non
535 1471 581 1496 ex
601 1457 763 1496 nomine
790 1458 860 1496 sed
885 1470 931 1495 ex
957 1457 1140 1495 manibus
1161 1465 1379 1508 naturaque
1402 1465 1470 1497 tua
1490 1472 1530 1494 20

139 1525 353 1562 constituta
373 1535 459 1561 esse
479 1522 693 1561 videantur.

195 1589 327 1637 Quam
349 1588 462 1627 facile
482 1595 609 1637 serpat
630 1586 769 1625 iniuria
789 1594 828 1626 et
854 1588 1045 1637 peccandi
1067 1588 1328 1635 consuetudo,
1349 1601 1469 1638 quam

138 1667 220 1692 non
250 1653 362 1692 facile
392 1652 632 1703 reprimatur,
654 1653 796 1699 videte,
819 1652 979 1691 iudices.
1041 1652 1150 1691 Bidis
1179 1652 1372 1703 oppidum
1410 1661 1468 1692 est

137 1726 256 1756 tenue
277 1731 380 1763 sane,
405 1730 485 1755 non
509 1718 625 1766 longe
651 1730 673 1755 a
694 1718 902 1767 Syracusis.
965 1717 1044 1755 Hic
1066 1718 1181 1767 longe
1207 1717 1356 1767 primus
1379 1717 1468 1756 civi-

137 1784 226 1821 tatis
248 1790 305 1820 est
327 1781 529 1832 Epicrates
550 1781 723 1831 quidam.
784 1782 893 1820 Huic
919 1782 1115 1821 hereditas
1137 1782 1209 1820 HS
1237 1782 1466 1833 quingento-
1487 1795 1526 1828 ²5

138 1860 223 1885 rum
258 1847 408 1884 milium
438 1854 596 1885 venerat
624 1860 647 1884 a
676 1846 839 1885 muliere
870 1848 1041 1896 quadam
1080 1846 1312 1897 propinqua,
1347 1854 1467 1897 atque

137 1913 189 1950 ita
228 1911 450 1961 propinqua
487 1918 540 1957 ut,
572 1924 617 1949 ea
649 1911 801 1949 etiamsi
834 1911 1016 1950 intestata
1046 1919 1148 1950 esset
1180 1919 1343 1958 mortua,
1376 1911 1466 1962 Epi-

137 1984 282 2015 cratem
305 1975 537 2015 Bidinorum
559 1975 710 2026 legibus
730 1976 917 2014 heredem
937 1989 1023 2015 esse
1043 1983 1250 2026 oporteret.
1309 1977 1465 2015 Recens

179 2089 198 2118 5
223 2079 448 2118 Syracusanis
465 2079 502 2109 ὑδ
619 2080 641 2109 6
664 2080 800 2110 vetuisti
816 2079 857 2109 ⁷rb
982 2089 1000 2119 7
1025 2079 1154 2118 agitare
1170 2079 1229 2110 ι·Ο1
1245 2089 1252 2109 :
1276 2089 1380 2119 agere
1395 2080 1461 2111 rell.

137 2128 275 2161 possent
294 2123 334 2153 0¹
351 2135 356 2153 :
382 2123 513 2162 possint
530 2122 593 2154 rell.
719 2123 739 2152 8
763 2123 828 2153 illis
844 2121 926 2154 cO¹:
950 2133 1017 2154 om.
1039 2123 1103 2154 rell.
1225 2133 1262 2162 13
1286 2123 1465 2154 vociferari

137 2166 204 2196 cO:
230 2176 302 2196 -are
321 2166 384 2197 rell.
511 2176 548 2204 15
574 2166 777 2197 arbitrantur
794 2165 824 2196 O
842 2167 889 2206 (ii,
913 2170 926 2203 ξ
949 2167 1023 2206 158)
1146 2167 1184 2196 16
1208 2176 1275 2205 quo
1293 2167 1463 2197 accessisti

77 2216 83 2221 ·
136 2219 262 2248 quaeso
279 2210 411 2247 scripsi:
437 2219 504 2248 quo
517 2220 585 2240 acc.
602 2211 697 2248 quasi
714 2220 750 2240 c:
776 2220 843 2240 acc.
859 2219 927 2249 quo
941 2209 1034 2248 quasi
1055 2209 1086 2240 O
1103 2219 1110 2239 :
1135 2219 1201 2248 quo
1216 2210 1311 2249 quasi
1329 2220 1398 2240 ace.
1413 2211 1460 2248 br,

137 2251 222 2282 unde
236 2251 425 2281 Lambinus
441 2263 506 2291 quo
524 2263 651 2292 quaeso
668 2263 735 2284 acc.
755 2264 762 2283 ε
786 2263 852 2292 quo
868 2263 935 2283 om.
949 2258 995 2292 pq
1122 2262 1160 2290 17
1185 2252 1285 2283 istum
1303 2258 1413 2284 tecum
1433 2253 1463 2284 O

137 2306 178 2326 20
204 2295 347 2325 moribus
365 2295 496 2326 Manat.
612 2307 652 2334 24
681 2296 746 2326 Hic
765 2295 892 2326 ONon.
909 2307 915 2326 ε
940 2296 1076 2335 huiusp
1089 2295 1152 2326 rell.
1260 2305 1301 2334 25
1327 2297 1461 2335 quidam

138 2337 313 2378 Epicrates
333 2338 362 2368 O
379 2340 573 2378 (‘pcssz'111e,⁷
594 2338 758 2378 Zielinski,
773 2344 808 2379 p.
832 2339 907 2378 193)
1057 2339 1099 2368 28
1124 2348 1243 2369 recens
1262 2338 1313 2369 O:
1341 2349 1461 2370 recens

138 2381 353 2420 Syracusana
370 2381 432 2412 rell.
