1600 2704
71 98 118 135 16
139 110 180 142 47
505 84 562 122 M.
594 77 763 119 TVLLI
794 66 1100 115 CICERONIS

81 223 122 257 47
142 205 211 246 ubi
235 214 353 242 nemo
373 205 431 238 est
452 194 520 247 qui
545 199 612 232 aut
639 187 761 240 possit
785 191 852 224 aut
872 186 1035 220 conetur
1055 182 1314 221 corrumpere.
1374 166 1467 203 Hoc

144 278 203 311 est
229 265 419 307 iudicium
446 261 485 299 in
507 271 586 310 quo
607 268 676 294 vos
696 254 747 292 de
768 263 848 296 reo,
869 244 1037 297 populus
1060 241 1266 278 Romanus
1287 234 1337 271 de
1357 229 1470 269 vobis

145 330 360 377 iudicabit;
403 327 443 366 in
477 326 553 363 hoc
587 319 749 360 homine
782 315 982 355 statuetur,
1018 303 1193 357 possitne
1227 295 1472 338 senatoribus

147 397 414 441 iudicantibus
484 393 606 429 homo
676 377 979 423 nocentissimus
1046 356 1474 422 pecuniosissimusque

149 462 339 506 damnari.
400 456 557 497 Deinde
584 459 642 492 est
666 451 749 489 eius
777 443 886 485 modi
910 453 997 480 reus
1022 437 1062 475 in
1083 446 1162 485 quo
1192 428 1352 469 homine
1377 423 1475 464 nihil
1497 430 1515 461 5

152 531 200 570 sit
230 534 381 579 praeter
410 532 564 561 summa
597 520 760 567 peccata
791 507 1080 552 maximamque
1110 495 1330 549 pecuniam,
1362 498 1416 536 ut,
1447 488 1479 526 si

153 595 339 634 liberatus
369 588 428 634 sit,
451 585 558 624 nulla
586 581 662 620 alia
690 574 862 627 suspicio
889 569 963 610 nisi
990 581 1036 607 ea
1055 578 1156 615 quae
1180 557 1403 610 turpissima
1423 561 1482 592 est

156 659 325 699 residere
352 651 502 704 possit3
532 660 613 686 non
639 642 771 695 gratia,
794 652 875 678 non
901 631 1151 684 cognatione,
1171 639 1251 665 non
1276 621 1359 661 aliis
1380 625 1484 658 recte

158 723 280 770 factis,
304 732 384 759 non
405 714 578 764 denique
604 710 738 760 aliquo
768 700 958 744 mediocri
976 697 1071 737 vitio
1100 701 1158 733 tot
1187 697 1374 737 tantaque
1401 684 1486 723 eius

99 799 139 839 48
160 789 253 828 vitia
273 785 476 825 sublevata
495 790 580 818 esse
601 773 849 813 videbuntur.
907 767 1113 803 Postremo
1142 769 1215 807 ego
1244 763 1403 792 causam
1432 747 1488 786 sic
1512 763 1549 785 10

162 866 287 905 agam,
328 847 489 892 iudices,
526 842 609 882 eius
644 836 753 878 modi
787 847 857 880 reS,
894 831 947 869 ita
980 834 1105 872 notas,
1141 823 1195 861 ita
1233 825 1403 862 testatas,
1438 813 1492 851 ita

164 928 337 968 magnas,
360 913 413 951 ita
440 907 666 949 manifestas
694 901 901 953 proferam,
925 902 967 933 ut
993 902 1112 930 nemo
1137 900 1161 926 a
1180 883 1292 924 vobis
1312 888 1355 920 ut
1375 879 1493 917 istum

165 978 376 1032 absolvatis
406 989 474 1027 per
500 971 662 1024 gratiam
692 972 855 1006 conetur
884 956 1136 999 contendere.
1196 948 1343 990 Habeo
1363 951 1494 983 autem

168 1037 314 1088 certam
345 1042 449 1080 viam
484 1046 602 1086 atque
641 1032 833 1071 rationem
865 1037 944 1076 qua
977 1019 1106 1060 omnis
1140 1016 1296 1054 illorum
1331 1015 1496 1049 conatus

170 1109 402 1158 investigare
429 1112 467 1144 et
494 1097 685 1149 consequi
713 1092 888 1146 possim;
920 1088 973 1126 ita
1003 1097 1063 1124 res
1091 1096 1114 1121 a
1143 1093 1207 1119 me
1234 1083 1368 1128 agetur
1391 1080 1433 1112 ut
1458 1072 1497 1109 in
1521 1087 1557 1120 ¹5

173 1188 309 1216 eorum
349 1167 521 1210 consiliis
559 1162 745 1204 omnibus
783 1169 864 1196 non
903 1152 1025 1192 modo
1058 1159 1170 1187 aures
1203 1141 1395 1186 omnium,
1431 1137 1501 1176 sed

114 1259 156 1291 49
176 1241 294 1281 etiam
315 1235 419 1275 oculi
440 1230 573 1284 populi
598 1223 769 1267 Romani
789 1223 976 1261 interesse
991 1215 1206 1254 videantur.
1251 1209 1335 1245 Vos
1355 1203 1505 1253 aliquot

178 1306 255 1344 iam
286 1315 353 1353 per
377 1311 502 1338 annos
532 1298 766 1342 conceptam
796 1285 888 1324 huic
917 1279 1046 1322 ordini
1074 1271 1359 1326 turpitudinem
1388 1275 1507 1317 atque

179 1367 379 1408 infamiam
410 1363 539 1402 delere
569 1371 614 1396 ac
646 1356 780 1394 tollere
810 1346 984 1401 potestis.
1045 1343 1212 1384 Constat
1246 1336 1345 1374 inter
1378 1330 1508 1371 omnis

181 1441 269 1485 post
299 1433 396 1469 haec
426 1424 639 1466 constituta
667 1416 823 1461 iudicia,
854 1412 998 1463 quibus
1032 1418 1138 1445 nunc
1169 1401 1324 1446 utimur,
1356 1398 1507 1436 nullum
1530 1409 1570 1433 20

182 1502 259 1538 hoc
291 1494 500 1546 splendore
530 1496 649 1537 atque
678 1486 752 1522 hac
781 1477 971 1530 dignitate
1003 1469 1212 1512 consilium
1242 1465 1370 1504 fuisse.
1431 1459 1511 1499 Hic

185 1565 215 1603 si
240 1561 336 1613 quid
366 1558 437 1598 erit
466 1555 672 1597 offensum,
698 1558 837 1586 omnes
867 1540 1048 1581 homines
1078 1548 1159 1575 non
1188 1533 1265 1571 iam
1295 1543 1343 1568 ex
1371 1527 1513 1566 eodem

186 1628 325 1668 ordine
345 1624 442 1664 alios
463 1619 585 1670 magis
606 1617 782 1659 idoneos,
806 1609 916 1661 quod
937 1593 1018 1645 fieri
1040 1615 1121 1641 non
1142 1603 1285 1650 potest,
1305 1594 1375 1633 sed
1395 1590 1515 1630 alium

190 1692 355 1733 omnino
387 1687 567 1728 ordinem
601 1682 652 1721 ad
686 1692 746 1718 res
786 1672 1018 1715 iudicandas
1052 1662 1323 1718 quaerendum
1361 1655 1517 1696 arbitra-

131 1747 171 1784 ¹7
193 1760 349 1797 buntur.
408 1754 658 1802 Quapropter
689 1742 859 1794 primum
897 1737 948 1775 ab
982 1733 1042 1773 dis
1075 1724 1374 1770 immortalibus,
1409 1719 1518 1770 quod
1540 1731 1577 1763 25

132 1807 174 1841 5⁰
194 1834 347 1873 sperare
381 1816 477 1856 mihi
512 1813 656 1857 videor,
692 1810 770 1846 hoc
805 1805 926 1849 idem,
959 1797 1119 1842 iudices,
1154 1799 1260 1842 opto,
1295 1796 1338 1826 ut
1371 1786 1410 1824 in
1445 1785 1521 1822 hoc

195 1885 342 1927 iudicio
381 1893 499 1921 nemo
533 1875 735 1927 improbus
771 1875 921 1921 praeter
952 1876 1042 1903 eum
1075 1858 1141 1910 qui
1174 1857 1252 1895 iam
1286 1851 1438 1904 pridem
1469 1847 1524 1885 in-

196 1958 336 1990 ventus
357 1954 415 1987 est
434 1943 669 1995 reperiatur3
700 1935 856 1979 deinde,
880 1930 910 1970 si
936 1930 1064 1980 plures
1084 1919 1254 1973 improbi
1274 1915 1426 1960 fuerint,
1449 1913 1526 1950 hoc

199 2015 321 2061 vobis,
354 2014 430 2051 hoc
460 2008 609 2060 populo
642 2006 838 2044 Romano,
870 1993 1033 2039 iudices,
1064 1988 1267 2030 confirmo,
1298 1981 1416 2019 vitam
1452 1989 1529 2014 me-

250 2129 288 2149 ιο
311 2116 512 2148 videbuntur
530 2111 593 2142 ΒΨ
609 2120 615 2139 :
640 2102 921 2138 existimabuntur
933 2095 1013 2137 prb&
1127 2091 1165 2120 16
1188 2086 1335 2119 omnium
1353 2080 1474 2121 εει-φεῖ,
1490 2077 1527 2118 cf

207 2179 222 2212 ξ
242 2184 258 2212 7
279 2171 340 2210 (CI.
356 2170 435 2200 Rev.
456 2177 510 2198 xx.
533 2165 609 2203 256)
627 2174 633 2193 :
658 2159 831 2191 hominum
848 2151 939 2185 codd.
1062 2156 1098 2184 17
1124 2142 1209 2174 oculi
1226 2125 1311 2178 ‘ri-R'p
1333 2136 1411 2167 Par.
1434 2133 1528 2172 7786,

206 2215 294 2248 oculi
318 2213 431 2253 populi
455 2220 530 2240 -ro-
553 2210 609 2236 ιδι
633 2202 779 2244 populus
801 2199 976 2229 Romanus
998 2192 1045 2231 (ᾗ.
1059 2193 1085 2221 f.
1102 2188 1153 2225 D)
1178 2185 1252 2222 ΠΨ,
1271 2181 1339 2213 secl.
1360 2175 1529 2213 Fn‘tssche,

208 2260 311 2298 Kays.
340 2254 412 2297 (sed
431 2255 467 2293 cf.
498 2253 505 2282 i
533 2255 548 2288 ξ
574 2249 652 2288 29ζιε
677 2245 763 2277 oculi
790 2248 823 2273 et
846 2248 964 2271 manus
991 2233 1094 2270 Koclz,
1114 2227 1249 2261 MuelL:
1279 2235 1322 2255 cm
1351 2221 1438 2253 oculi
1463 2217 1533 2249 ani-

210 2302 342 2341 mique?
361 2299 398 2338 <ii
418 2301 432 2335 §
456 2300 529 2334 150)
622 2300 662 2329 25
687 2289 727 2320 ab
745 2287 796 2318 dis
813 2284 889 2324 Dp:
913 2292 932 2312 a
949 2280 1012 2311 diis
1031 2276 1071 2315 Gl
1088 2274 1131 2306 al.
1224 2271 1264 2300 26
1289 2271 1367 2307 peto
1385 2265 1422 2294 ὺδ
