1600 2704
120 116 168 153 16
186 131 226 162 4²
557 115 612 152 M.
644 115 813 152 TVLLI
844 112 1152 154 CICERONIS

122 1598 162 1636 17

115 1860 158 1889 44

187 224 347 264 intersit.
408 226 575 264 Senatus
606 237 696 263 cum
727 223 969 275 temporibus
999 224 1053 263 rei
1082 224 1264 274 publicae
1295 223 1445 274 cogitur
1474 231 1516 262 ut

186 291 371 329 decernat
399 297 441 328 ut
470 291 615 328 alterae
646 290 838 328 decumae
864 288 1076 338 exigantur,
1099 288 1152 326 ita
1181 287 1357 327 decernit
1378 297 1420 327 ut
1445 301 1517 338 pro

187 354 246 392 his
285 353 463 393 decumis
503 352 672 405 pecunia
710 354 881 393 solvatur
918 352 1145 399 aratoribus,
1188 361 1240 401 ut,
1281 353 1390 403 quod
1428 353 1516 403 plus

186 419 351 457 sumitur
381 432 500 469 quam
521 419 697 465 debetur,
722 417 762 457 id
788 417 865 456 emi
887 430 967 455 non
988 417 1126 456 auferri
1152 424 1331 467 putetur:
1362 424 1404 455 tu
1424 430 1514 455 cum

186 490 243 522 tot
275 485 462 522 decumas
498 496 577 521 non
613 489 771 520 senatus
806 483 998 528 consulto,
1031 483 1100 520 sed
1130 482 1241 520 novis
1272 481 1410 520 edictis
1439 481 1515 520 tuis
1535 497 1551 527 5

186 548 422 598 nefariisque
444 547 630 585 institutis
653 546 823 597 exigeres
845 554 883 585 et
907 546 1085 596 eriperes,
1111 560 1297 596 magnum
1319 554 1357 585 te
1377 546 1516 585 fecisse

184 613 369 651 arbitrare
403 612 435 650 si
474 611 593 662 pluris
628 611 851 649 vendideris
890 624 1009 661 quam
1042 613 1084 648 L.
1121 612 1371 659 Hortensius,
1407 620 1516 661 pater

185 677 294 715 istius
317 679 365 725 Q.
391 676 588 722 Hortensi,
608 689 726 726 quam
749 677 821 715 Cn.
842 677 1064 726 Pompeius,
1084 689 1202 725 quam
1226 678 1269 715 C.
1290 678 1514 725 Marcellus,

185 741 251 791 qui
272 742 322 780 ab
343 741 550 792 aequitate,
574 742 624 780 ab
642 743 737 791 lege,
759 741 810 779 ab
831 741 1016 779 institutis
1039 754 1119 779 non
1140 742 1407 779 recesserunt?

239 809 305 845 An
333 806 403 845 tibi
433 806 549 845 unius
578 805 670 844 anni
701 813 767 844 aut
797 805 931 843 bienni
961 804 1058 844 ratio
1089 805 1161 843 fuit
1186 806 1381 852 habenda,
1410 808 1513 844 salus

185 870 418 922 provinciae,
443 872 656 909 commoda
681 870 734 908 rei
763 869 1048 916 frumentariae,
1072 869 1169 908 ratio
1193 869 1246 908 rei
1272 870 1453 919 publicae
1474 870 1514 909 in

184 936 450 987 posteritatem
484 935 555 974 fuit
590 936 863 985 neglegenda?
922 936 1024 974 Cum
1060 948 1141 973 rem
1173 934 1226 973 ita
1259 935 1513 973 constitutam

183 1000 400 1051 accepisses
430 1008 473 1039 ut
503 1008 540 1039 et
570 1002 719 1050 populo
751 1002 936 1038 Romano
967 999 1059 1038 satis
1089 999 1272 1037 frumenti
1308 1013 1354 1038 ex
1383 999 1514 1038 Sicilia

183 1066 498 1116 suppeditaretur
518 1073 555 1104 et
583 1065 800 1103 aratoribus
822 1072 953 1104 tamen
981 1078 1088 1103 arare
1108 1073 1227 1114 atque
1251 1078 1363 1115 agros
1384 1067 1512 1104 colere

182 1130 392 1181 expediret,
428 1130 524 1180 quid
564 1130 739 1174 effecisti,
778 1130 874 1179 quid
908 1131 1118 1168 adsecutus
1151 1131 1221 1168 es?
1278 1132 1329 1168 Vt
1363 1131 1512 1179 populo

184 1199 370 1235 Romano
409 1195 543 1234 nescio
577 1195 672 1245 quid
706 1202 743 1233 te
782 1203 958 1245 praetore
988 1196 1039 1233 ad
1073 1195 1260 1233 decumas
1294 1196 1510 1241 accederet,

183 1261 420 1301 deserendas
459 1260 654 1298 arationes
693 1260 1051 1309 relinquendasque
1090 1260 1241 1298 curasti.
1317 1260 1513 1298 Successit

183 1326 252 1364 tibi
295 1327 338 1363 L.
381 1327 578 1363 Metellus.
652 1326 715 1363 Tu
754 1324 1001 1363 innocentior
1044 1338 1162 1374 quam
1209 1326 1423 1363 Metellus?
1471 1333 1512 1362 tu

183 1390 309 1429 laudis
336 1398 374 1428 et
404 1390 565 1428 honoris
596 1389 805 1439 cupidior?
861 1389 951 1427 Tibi
974 1389 1078 1428 enim
1107 1391 1333 1428 consulatus
1355 1403 1512 1440 quaere—

184 1457 306 1502 batur,
327 1456 492 1494 Metello
509 1462 692 1504 paternus
710 1456 837 1493 honos
853 1462 890 1493 et
906 1454 1031 1492 avitus
1047 1455 1336 1505 neglegebatur.
1380 1456 1511 1494 Multo

184 1520 344 1559 minoris
371 1519 549 1559 vendidit
580 1533 659 1558 non
692 1521 814 1559 modo
837 1533 955 1570 quam
982 1527 1034 1567 tu,
1059 1522 1127 1558 sed
1156 1521 1272 1558 etiam
1305 1534 1423 1570 quam
1444 1520 1511 1571 qui

182 1594 273 1624 ante
321 1593 359 1624 te
406 1584 678 1624 vendiderunt.
744 1586 913 1633 Quaero,
959 1584 990 1622 si
1038 1583 1121 1635 ipse
1165 1585 1383 1635 excogitare
1431 1598 1510 1624 non

183 1658 362 1701 potuerat
388 1663 507 1700 quem
534 1651 585 1689 ad
613 1651 775 1689 modum
805 1664 922 1700 quam
951 1651 1120 1701 plurimo
1146 1652 1343 1698 venderet,
1367 1665 1416 1690 ne
1446 1659 1512 1690 tua

180 1716 340 1765 quidem
363 1715 533 1754 recentia
557 1715 723 1765 proximi
744 1716 930 1765 praetoris
953 1715 1114 1766 vestigia
1142 1716 1323 1766 persequi
1344 1723 1508 1766 poterat,

180 1788 221 1818 ut
261 1780 336 1818 tuis
376 1780 581 1830 praeclaris
619 1781 689 1817 abs
729 1787 766 1818 te
805 1780 979 1830 principe
1012 1780 1179 1819 inventis
1214 1788 1251 1819 et
1283 1781 1510 1831 excogitatis

179 1844 318 1884 edictis
347 1852 466 1894 atque
486 1844 672 1882 institutis
701 1847 900 1883 uteretur?
961 1847 1033 1884 Ille
1054 1859 1145 1884 vero
1177 1854 1259 1884 tum
1282 1859 1323 1884 se
1349 1846 1510 1885 minime

182 1911 388 1948 Metellum
410 1911 491 1947 fore
515 1909 665 1958 putavit
686 1909 716 1947 si
739 1918 776 1948 te
799 1911 877 1949 ulla
898 1910 937 1948 in
958 1923 998 1948 re
1019 1910 1192 1948 imitatus
1217 1919 1319 1949 esset
1335 1925 1344 1957 3
1373 1911 1439 1961 qui
1460 1911 1511 1950 ab

181 1975 276 2012 urbe
298 1975 438 2020 Roma,
458 1974 566 2023 quod
590 1987 709 2012 nemo
732 1988 919 2025 umquam
943 1982 1031 2024 post
1049 1974 1256 2013 hominum
1281 1974 1507 2014 memoriam

180 2038 280 2085 fecit,
300 2051 390 2076 cum
412 2037 485 2076 sibi
507 2037 545 2075 in
568 2038 807 2088 provinciam
831 2039 1161 2089 proficiscendum
1185 2046 1349 2089 putaret,
1365 2039 1510 2078 litteras

224 2150 243 2169 2
267 2150 328 2180 pro
345 2141 397 2171 his
414 2141 484 2172 dec.
507 2152 580 2181 pec.
608 2141 690 2172 VO:
716 2152 786 2180 pec.
807 2152 868 2181 pro
886 2142 937 2172 his
956 2141 1028 2173 dec.
1044 2147 1069 2182 p
1086 2141 1152 2172 rell.
1307 2151 1326 2180 3
1351 2142 1438 2181 quod
1460 2141 1507 2172 V:

182 2194 249 2221 quo
266 2184 336 2214 cOrr
465 2195 482 2224 7
508 2186 671 2215 arbitrare
693 2185 774 2215 VO:
792 2185 917 2223 -abare,
939 2185 1053 2215 -abere
1070 2189 1091 2223 7¹>
1110 2184 1173 2216 wll.
1302 2186 1322 2214 8
1348 2185 1384 2216 C.
1402 2185 1509 2215 Marc.

186 2227 246 2257 1⁷0
263 2238 268 2256 :
302 2227 344 2257 M.
367 2227 466 2259 Marc.
488 2228 552 2259 rell.
732 2238 770 2259 10
794 2228 854 2258 fuit
872 2229 1026 2258 habenda
1049 2227 1109 2257 I'O
1126 2240 1132 2258 :
1156 2227 1310 2258 habenda
1328 2228 1388 2258 fuit
1403 2233 1424 2268 p
1442 2228 1505 2258 rell.

188 2280 219 2299 ιι
248 2270 279 2299 in
298 2272 529 2310 posteritatem
553 2270 648 2301 170:
675 2272 706 2301 in
727 2277 898 2311 posterum
916 2272 957 2302 πΙε
1093 2273 1132 2301 16
1156 2276 1312 2311 praetore
1334 2271 1415 2302 VO:
1439 2281 1504 2301 om.

183 2314 225 2342 rrk
357 2323 397 2343 22
423 2320 455 2344 te
472 2324 536 2345 om.
563 2314 608 2353 Vq
625 2316 658 2353 (ᾗ
681 2315 719 2345 18
736 2316 853 2355 supra)
943 2325 984 2353 23
1009 2318 1166 2354 potuerat
1189 2313 1266 2346 VO:
1293 2319 1423 2353 poterat
1441 2314 1505 2345 rell.

183 2367 221 2394 27
247 2358 377 2396 putavit
402 2357 449 2387 V:
475 2358 604 2396 putabit
625 2358 677 2388 O:
704 2363 895 2398 putassetp
914 2358 978 2388 rell.

1535 821 1574 845 10

1534 1143 1571 1175 15
