1600 2704
60 151 329 191 ACTIONIS
350 152 411 190 IN
432 152 478 191 C.
500 152 742 190 VERREM
763 152 1062 192 SECVNDAE
1085 155 1188 192 LIB.
1214 156 1273 193 IV
1340 166 1389 204 27
1409 162 1450 194 61

59 268 245 299 venerant
274 273 355 298 non
386 268 544 311 propter
573 259 704 310 Syriae
735 273 909 311 regnum,
932 274 1024 299 nam
1056 261 1096 300 id
1126 263 1210 301 sine
1237 272 1389 303 contro-

58 325 181 364 versia
212 325 447 364 obtinebant
477 333 519 364 ut
539 338 562 364 a
581 332 690 375 patre
710 332 748 364 et
767 338 790 363 a
811 325 1023 364 maioribus
1051 336 1295 377 acceperant,
1320 331 1388 367 sed

57 402 220 439 regnum
251 389 422 440 Aegypti
451 391 503 428 ad
534 402 576 428 se
606 397 644 428 et
677 390 728 428 ad
756 390 935 438 Selenen,
965 397 1129 430 matrem
1158 404 1281 439 suam,
1308 405 1390 442 per-

57 454 180 493 tinere
199 453 496 493 arbitrabantur.
548 453 582 492 Ii
602 461 861 504 posteaquam
878 454 1122 505 temporibus
1139 455 1192 494 rei
1206 456 1389 505 publicae

18 534 37 565 5
56 519 201 558 exclusi
222 532 291 569 per
310 526 490 557 senatum
510 531 624 569 agere
644 531 745 568 quae
771 520 975 557 voluerant
1000 532 1079 557 non
1102 528 1325 570 potuerunt,
1350 520 1389 558 in

56 583 204 634 Syriam
221 584 260 621 in
281 595 443 633 regnum
465 583 632 633 patrium
658 584 822 633 profecti
850 591 950 622 sunt.
1012 585 1160 622 Eorum
1191 586 1297 632 alter,
1321 587 1387 635 qui

54 649 277 687 Antiochus
297 655 469 694 vocatur,
493 650 564 686 iter
584 661 652 698 per
673 647 843 687 Siciliam
865 649 991 687 facere
1005 650 1138 695 voluit,
1158 649 1292 699 itaque
1314 649 1390 688 isto

52 721 231 764 praetore
274 711 380 751 venit
418 711 635 762 Syracusas.
709 713 788 751 Hic
835 714 977 751 Verres
1015 713 1274 752 hereditatem
1315 713 1386 751 sibi
1409 721 1447 752 62

52 779 205 816 venisse
245 776 452 816 arbitratus
491 785 560 824 est,
601 778 711 827 quod
759 777 798 815 in
837 778 920 816 eius
959 791 1122 828 regnum
1161 791 1207 817 ac
1249 791 1387 817 manus

0 859 35 883 ιο
52 849 211 881 venerat
245 841 276 880 is
310 855 429 892 quem
468 841 540 880 iste
578 849 616 880 et
654 842 830 880 audierat
870 844 993 880 multa
1027 855 1161 880 secum
1190 845 1387 893 praeclara

51 908 197 946 habere
230 914 268 946 et
300 906 580 957 suspicabatur.
642 906 766 945 Mittit
793 907 944 944 homini
972 919 1134 945 munera
1166 907 1258 946 satis
1283 909 1386 957 large

50 974 148 1011 haec
194 973 245 1011 ad
289 984 404 1010 usum
443 972 719 1018 domesticum,
755 971 843 1018 olei,
880 971 959 1008 vini
998 972 1107 1020 quod
1147 971 1273 1009 visum
1314 980 1382 1018 est,

49 1039 168 1076 etiam
207 1036 322 1075 tritici
360 1037 469 1086 quod
501 1035 592 1074 satis
623 1043 737 1081 esset,
769 1036 821 1073 de
855 1036 934 1073 suis
965 1035 1153 1074 decumis.
1227 1036 1384 1074 Deinde

49 1104 178 1153 ipsum
209 1113 339 1151 regem
368 1101 420 1138 ad
449 1113 589 1138 cenam
618 1098 782 1137 vocavit.
846 1100 1019 1138 Exornat
1048 1101 1179 1149 ample
1210 1100 1384 1149 magnifi—

0 1184 29 1218 ¹5
49 1180 174 1218 ceque
206 1166 445 1212 triclinium3
473 1164 633 1215 exponit
665 1177 721 1211 ea,
757 1163 901 1214 quibus
939 1164 1181 1210 abundabat,
1217 1163 1384 1214 plurima

47 1240 86 1271 et
118 1231 379 1282 pulcherrima
415 1242 506 1267 vasa
545 1237 889 1279 argentea‚—nam
920 1229 1017 1267 haec
1049 1241 1166 1268 aurea
1201 1230 1380 1267 nondum

47 1298 218 1343 fe‘cerat3
247 1294 432 1333 omnibus
462 1301 570 1332 curat
597 1294 713 1332 rebus
742 1293 975 1331 instructum
1004 1301 1042 1331 et
1069 1300 1248 1343 paratum
1271 1301 1313 1331 ut
1335 1293 1382 1331 sit

44 1361 282 1399 convivium.
357 1359 466 1408 Quid
505 1360 657 1397 multa?
699 1372 764 1397 rex
798 1358 851 1396 ita
890 1359 1069 1396 discessit
1104 1366 1146 1396 ut
1186 1366 1223 1396 et
1263 1360 1380 1396 istum

46 1425 206 1476 copiose
245 1431 427 1464 ornatum
465 1431 503 1462 et
542 1437 583 1462 se
622 1424 840 1462 honorifice
877 1430 1086 1473 acceptum
1118 1423 1378 1462 arbitraretur.

0 1509 28 1532 ιο
45 1492 173 1529 Vocat
216 1491 267 1529 ad
302 1502 440 1528 cenam
488 1489 635 1527 deinde
682 1488 765 1538 ipse
803 1495 1022 1538 praetorem
1042 1502 1052 1535 3
1092 1487 1252 1537 exponit
1292 1500 1380 1526 suas

45 1555 178 1605 copias
208 1555 349 1601 omnis,
382 1554 550 1591 multum
582 1560 798 1603 argentum,
820 1566 901 1590 non
932 1565 1058 1602 pauca
1088 1554 1206 1591 etiam
1237 1556 1380 1603 pocula

44 1632 91 1657 ex
128 1632 235 1666 auro,
275 1631 388 1668 quae,
428 1625 471 1656 ut
510 1630 596 1655 mos
634 1625 692 1656 est
731 1618 857 1667 regius
896 1624 933 1656 et
973 1617 1141 1656 maxime
1181 1618 1220 1655 in
1261 1619 1377 1666 Syria,

43 1685 209 1734 gemmis
239 1690 348 1722 erant
382 1682 567 1722 distincta
597 1681 830 1721 clarissimis.
892 1682 985 1719 Erat
1019 1683 1137 1720 etiam
1169 1695 1236 1720 vas
1276 1682 1379 1720 vina-

43 1748 156 1796 rium,
189 1762 235 1788 ex
266 1760 344 1786 una
373 1760 529 1798 gemma
557 1746 765 1798 pergrandi
794 1747 907 1785 trulla
945 1754 1140 1794 excavata,
1169 1747 1380 1785 manubrio

0 1831 26 1865 =5
45 1825 174 1861 aure0‚
196 1814 246 1852 de
276 1825 365 1862 qua,
395 1813 526 1859 credo,
557 1811 649 1851 satis
678 1811 869 1851 idoneum
915 1811 1007 1850 satis
1036 1825 1191 1862 gravem
1224 1819 1376 1859 testem,

44 1878 94 1927 Q.
119 1876 355 1924 Minucium,
377 1876 508 1916 dicere
527 1875 701 1915 audistis.
763 1878 843 1915 Iste
865 1890 988 1915 unum
1019 1877 1209 1926 quodque
1240 1890 1306 1915 vas
1337 1877 1376 1914 in
1398 1885 1438 1925 63

43 1955 182 1981 manus
204 1955 368 1989 sumere,
389 1943 559 1988 laudare,
582 1942 709 1979 mirari
727 1957 733 1979 :
764 1955 829 1980 rex
849 1942 1020 1992 gaudere
1040 1940 1208 1990 praetori
1239 1942 1375 1992 populi

43 2006 215 2045 Romani
255 2007 347 2044 satis
380 2006 599 2044 iucundum
634 2013 671 2044 et
702 2013 853 2055 gratum
889 2005 985 2044 illud
1021 2018 1106 2044 esse
1135 2005 1372 2044 convivium.

43 2073 305 2122 Posteaquam
341 2072 434 2109 inde
467 2070 684 2109 discessum
717 2079 786 2117 est,
819 2071 989 2120 cogitare
1023 2069 1119 2107 nihil
1152 2070 1224 2108 iste
1255 2070 1374 2118 aliud,

0 2155 2 2203 l
83 2186 102 2213 4
129 2175 154 2206 Ii
172 2173 265 2206 edd.:
291 2173 335 2204 hii
353 2173 417 2206 [τη
443 2173 476 2203 hi
494 2173 557 2213 ipsi
576 2172 669 2205 R2S:
695 2173 727 2203 hi
740 2175 804 2214 ῥᾳδ
916 2183 934 2212 5
960 2174 991 2203 in
1011 2172 1143 2213 Syriam
1160 2171 1219 2205 dez.
1238 2172 1372 2213 Lama,

35 2251 161 2290 Jacoby
295 2261 329 2281 11
358 2250 486 2281 muneri
503 2250 655 2281 Heraeus
791 2260 827 2288 14
852 2251 985 2281 vocavit
1013 2249 1119 2290 RSp:
1155 2225 1288 2282 vocabit
1315 2251 1371 2283 H:

41 2300 138 2326 vocat
165 2295 182 2324 δ
316 2304 355 2333 15
378 2299 477 2333 atque
506 2293 646 2333 exponit
671 2293 712 2324 H
841 2303 882 2334 23
906 2304 965 2324 vas
990 2293 1150 2324 vinarium
1178 2294 1235 2325 del.
1263 2294 1369 2325 Kiehl.

40 2337 167 2378 Kayser
266 2348 307 2376 24
331 2337 430 2368 trulla
445 2336 503 2368 del.
523 2337 661 2375 Richter,
680 2337 834 2368 Schwabe
924 2347 997 2368 cum
1014 2337 1186 2368 manubrio
1202 2339 1241 2368 πδ
1331 2349 1372 2377 25

40 2381 141 2412 credo
158 2381 240 2412 satis
257 2380 369 2421 RHp:
395 2381 476 2412 satis
493 2381 595 2412 credo
613 2379 675 2412 ΞΨ
1225 2425 1284 2458 22*
