1600 2704
103 113 372 153 ACTIONIS
404 113 466 151 IN
495 112 540 152 c.
563 112 806 149 VERREM
836 112 1136 151 SECVNDAE
1167 112 1271 150 LIB.
1295 112 1314 148 1
1354 110 1405 157 38
1425 117 1467 159 98
1494 85 1499 99 '¹

76 221 251 261 habendi
280 222 367 270 sint,
391 220 459 272 qui
489 222 587 260 haec
616 220 750 260 omnia
778 221 965 259 fecerunt.
1026 222 1088 259 Ita
1116 228 1175 260 est
1189 236 1199 268 3
1233 223 1302 260 sed
1332 234 1405 271 ego

75 288 322 326 defensorem
362 286 403 324 in
450 299 539 325 mea
585 298 765 336 persona,
803 298 885 323 non
926 293 1195 324 accusatorem
1236 284 1406 324 maxime

74 350 224 391 laudari
253 352 354 390 volo.
415 349 606 390 Rationes
639 351 692 389 ad
717 349 920 396 aerarium,
952 357 1165 399 antequam
1196 349 1406 388 Dolabella

73 417 363 455 condemnatus
390 422 459 462 est,
481 428 563 454 non
591 415 712 453 audet
738 415 878 453 referre
894 428 904 461 3
932 413 1114 463 impetrat
1142 427 1165 452 a
1195 420 1333 452 senatu
1363 421 1405 451 ut

35 495 51 525 5
73 479 157 519 dies
179 479 252 519 sibi
281 486 563 530 prorogaretur,
587 479 696 530 quod
726 478 879 517 tabulas
909 491 998 517 suas
1028 478 1079 517 ab
1109 477 1405 517 accusatoribus

75 545 307 583 Dolabellae
344 544 569 594 obsignatas
607 543 766 589 diceret,
802 542 969 593 proinde
1008 542 1120 593 quasi
1158 542 1405 581 exscribendi

72 616 308 659 potestatem
346 622 427 646 non
467 609 640 648 haberet.
699 609 814 647 Solus
858 615 916 647 est
962 607 1026 646 hic
1074 607 1142 658 qui
1184 619 1403 657 numquam

72 673 241 712 rationes
260 674 311 712 ad
331 673 522 712 aerarium
543 675 691 712 referat.

125 737 303 777 Audistis
328 738 591 789 quaestoriam
621 738 828 785 rationem,
848 738 972 776 tribus
993 736 1192 776 versiculis
1214 737 1374 776 relatam
1392 750 1404 784 ,·
1422 745 1477 783 39

16 801 288 852 101egati0nis‚
325 816 406 841 non
442 802 516 840 nisi
556 803 824 841 condemnato
856 810 894 840 et
929 801 1056 841 eiecto
1088 815 1136 841 eo
1171 801 1238 852 qui
1269 809 1403 851 posset

71 868 358 917 reprehendere
376 882 385 915 ;
415 880 522 905 nunc
555 867 728 917 denique
757 874 971 917 praeturae,
1010 880 1127 917 quam
1162 880 1209 906 ex
1243 874 1403 905 senatus

70 923 253 970 consulto
287 931 417 970 statim
447 933 588 970 referre
616 931 765 978 debuit,
788 945 913 982 usque
942 933 993 970 ad
1027 933 1104 970 hoc
1135 939 1291 982 tempus
1321 945 1402 970 non

70 996 227 1035 rettulit.
289 997 551 1045 Quaestorem
572 1009 614 1035 se
633 996 674 1034 in
695 1003 833 1034 senatu
860 1004 1085 1046 exspectare
1106 995 1213 1043 dixit,
1236 995 1402 1045 proinde
1423 1009 1464 1043 99

70 1061 181 1111 quasi
202 1074 295 1108 non,
317 1068 360 1099 ut
380 1068 564 1110 quaestor
583 1060 667 1099 sine
687 1068 866 1110 praetore
886 1060 1010 1110 possit
1037 1060 1226 1098 rationem
1249 1061 1400 1107 referre,

14 1137 50 1169 15
70 1133 166 1163 —ut
192 1132 245 1172 tu,
270 1124 472 1171 Hortensi,
496 1131 539 1162 ut
559 1125 898 1162 omnes—eodem
929 1125 1052 1162 modo
1082 1124 1165 1163 sine
1195 1132 1402 1173 quaestore

70 1198 234 1240 praetor.
296 1188 405 1227 Dixit
424 1188 531 1228 idem
554 1189 805 1228 Dolabellam
827 1189 1066 1240 impetrasse.
1127 1189 1258 1228 Omen
1279 1189 1401 1239 magis

69 1254 245 1305 patribus
293 1253 527 1305 conscriptis
573 1266 694 1304 quam
742 1267 859 1292 causa
908 1254 1077 1304 placuit:
1125 1254 1401 1304 probaverunt.

69 1322 217 1359 Verum
247 1326 474 1370 quaestores
503 1331 664 1370 quoque
694 1318 771 1357 iam
792 1319 944 1369 pridem
976 1328 1192 1358 venerunt:
1223 1333 1291 1358 cur
1319 1332 1401 1358 non

69 1383 280 1424 rettulisti?
328 1385 490 1423 Illarum
520 1383 716 1423 rationum
751 1396 798 1423 ex
829 1397 874 1423 ea
908 1385 1016 1423 faece
1047 1384 1252 1434 legationis
1285 1397 1402 1434 quae-

10 1465 52 1490 20
70 1449 292 1499 storiaeque
321 1457 411 1488 tuae
440 1449 724 1500 procurationis
754 1448 819 1488 illa
848 1457 938 1488 sunt
966 1449 1137 1495 nomina,
1161 1461 1263 1498 quae
1282 1450 1402 1488 Dola-

70 1515 196 1553 bellae
225 1514 446 1554 necessario
475 1522 567 1553 sunt
594 1514 810 1553 aestimata.
871 1516 935 1552 Ex
967 1526 1124 1553 errssvs
1154 1525 1400 1554 AEST1MAT1s

70 1581 352 1618 DOLABELLAE
373 1591 435 1617 PR.
460 1591 512 1617 ET
540 1590 620 1617 PRo
642 1591 704 1617 PR.
724 1594 731 1617 ε
762 1580 885 1628 Quod
907 1579 1036 1617 minus
1059 1579 1269 1618 Dolabella
1288 1579 1400 1618 Verri
1424 1595 1483 1617 100

66 1650 274 1694 acceptum
309 1642 456 1682 rettulit
487 1656 607 1693 quam
639 1645 781 1683 Verres
809 1643 864 1682 illi
898 1656 1114 1693 expensum
1149 1643 1290 1691 tulerit,
1327 1645 1399 1682 HS

67 1708 283 1758 quingenta
311 1707 467 1758 triginta
487 1707 663 1758 quinque
693 1707 813 1754 milia,
833 1715 872 1745 et
902 1708 1011 1757 quod
1041 1708 1129 1758 plus
1159 1707 1251 1746 fecit
1282 1709 1400 1747 Dola-

8 1788 46 1820 25
66 1773 169 1811 bella
188 1774 352 1811 Verrem
372 1772 572 1823 accepisse
593 1786 713 1823 quam
733 1772 806 1811 iste
827 1772 867 1810 in
888 1772 967 1810 suis
989 1772 1132 1811 tabulis
1153 1772 1301 1819 habuit,
1326 1775 1397 1812 HS

64 1838 237 1875 ducenta
270 1836 427 1888 triginta
463 1838 546 1876 duo
585 1837 702 1884 milia,
744 1844 782 1875 et
816 1838 925 1887 quod
959 1838 1047 1886 plus
1082 1837 1267 1876 frumenti
1305 1838 1398 1877 fecit

63 1900 263 1951 accepisse
292 1901 423 1948 istum,
448 1902 520 1940 HS
549 1901 710 1940 deciens
740 1909 778 1940 et
808 1901 1035 1952 octingenta
1064 1901 1182 1948 milia,
1214 1903 1323 1951 quod
1353 1909 1395 1940 tu

62 1966 186 2003 homo
224 1965 465 2004 castissimus
502 1965 612 2004 aliud
649 1965 690 2004 in
729 1966 872 2004 tabulis
911 1966 1098 2005 habebas.
1159 1965 1268 2004 Hinc
1306 1965 1395 2005 illae

63 2030 391 2069 extraordinariae
415 2031 618 2081 pecuniae,
642 2044 741 2081 quas
771 2032 880 2070 nullo
901 2032 1004 2070 duce
1033 2038 1167 2070 tamen
1195 2031 1327 2082 aliqua
1348 2045 1395 2071 ex

108 2143 122 2164 1
150 2133 201 2165 Ita
214 2138 266 2166 est
280 2132 368 2166 codd.
388 2135 468 2175 (ista
481 2139 533 2165 est
546 2133 601 2173 62)
618 2145 625 2164 :
650 2144 715 2165 om.
729 2133 747 2163 b
763 2145 769 2164 τ
793 2133 862 2165 secl.
878 2132 992 2166 Muell.
1084 2144 1103 2174 5
1127 2140 1394 2174 prorogarentur

61 2177 148 2209 codd.
239 2180 262 2209 6
284 2178 428 2218 proinde
447 2177 536 2209 codd.
548 2182 678 2218 praeter
691 2176 751 2218 Lg.
772 2178 814 2216 48
830 2182 860 2207 et
875 2179 891 2207 δ
913 2178 1089 2219 (perinde)
1179 2180 1200 2209 8
1224 2179 1265 2209 ad
1282 2189 1388 2210 aerar.

62 2221 211 2253 rationes
230 2221 269 2261 G¹
408 2231 442 2252 11
468 2232 566 2261 quam
588 2220 684 2252 SDZ
702 2232 708 2251 :
734 2231 799 2253 om.
823 2220 933 2260 G2LK
1060 2231 1098 2261 13
1123 2227 1336 2262 quaestorem
1354 2233 1391 2255 se

61 2264 170 2305 SDp:
203 2270 402 2305 quaestores
427 2275 506 2296 sese
531 2276 571 2296 ex
592 2264 670 2296 Asc.
699 2265 873 2304 (quaestor
898 2275 974 2296 esse
1000 2265 1052 2303 se)
1078 2265 1146 2297 edd.
1266 2266 1390 2297 deinde

59 2309 155 2348 quasi
173 2307 259 2349 SDp
273 2309 317 2341 al.
450 2319 487 2347 14
513 2313 546 2339 et
562 2314 722 2348 quaestor
737 2307 825 2341 codd.
938 2315 1053 2348 posset
1070 2311 1087 2339 δ
1197 2320 1237 2348 27
1263 2311 1387 2350 octing.

60 2352 125 2383 duo
142 2351 233 2383 milia
252 2351 367 2394 G2LK
451 2354 493 2383 28
517 2352 752 2383 callidissimus
772 2351 811 2391 G¹
902 2352 977 2384 aliis
996 2353 1074 2385 coni.
1099 2351 1254 2393 Wsstenb.
